1734 3320
257 254 745 324 GEQRGICON
780 256 922 307 ΜΒ.
954 255 1030 319 11,
1066 261 1362 311 302-312

1468 250 1588 313 449⁴

0 394 3 403 '
43 388 329 452 Ingentem
351 383 769 452 coelffsonitum
793 382 967 446 dedit,
1006 382 1135 432 inde
1160 394 1417 449 sequutus

43 459 150 507 Per
170 470 349 506 ramos
371 455 543 504 victor
562 469 772 520 perque
796 452 895 503 alta
921 452 1195 503 cacumina
1218 463 1428 518 regnat,

42 528 112 578 Et
134 532 313 580 totum
338 523 560 574 involvit
581 521 813 573 flammis
839 539 1057 587 nemus,
1098 531 1152 572 et
1176 523 1282 572 ruit
1304 532 1471 574 atram

31 594 130 663 ‚Ad
153 594 537 661 coelum'picea
565 600 765 644 crassus
791 593 1014 658 caligine
1038 592 1270 644 nubem:

43 665 365 717 Praesertim
386 664 428 714 si
448 672 739 731 tempestas
766 682 793 713 a
817 664 1015 714 vertice
1041 662 1181 712 silvis

1467 669 1569 716 310

43 735 318 803 Incubuit,
352 733 727 802 glomeratque
750 732 932 783 ferens
954 732 1201 783 incendia
1224 741 1427 783 ventus,

43 809 162 857 Hoc
183 805 304 869 ubi,
342 821 455 855 non
481 822 508 855 a
530 805 692 872 stirpe
719 803 925 868 valent,
965 819 1255 871 caesaeque
1281 804 1478 853 reverti

114 882 231 953 312.
268 895 408 960 111313'

90 1040 162 1076 307
194 1048 306 1094 atque
338 1039 419 1074 alta
450 1039 588 1074 Nonius
616 1038 805 1072 Marcellus
835 1038 1007 1083 agnoscit.
1066 1039 1254 1084 victorque
1291 1038 1372 1071 alta
1407 1037 1570 1071 Parrhas.

44 1088 129 1122 Non
145 1086 272 1121 vitavit
299 1093 409 1132 poeta
437 1087 594 1120 altas—
606 1085 687 1120 alta
715 1085 770 1118 bis
790 1084 897 1119 dicta.

990 1085 1058 1121 311
1075 1084 1264 1131 frequens
1293 1085 1418 1129 fragm.
1441 1085 1570 1118 Moret.

36 1133 179 1182 furens
200 1135 331 1168 Moret.
352 1146 422 1168 sec.
449 1146 469 1168 a
492 1146 537 1168 m.
570 1146 653 1174 sec.‚
679 1131 862 1177 eleganter
889 1132 1051 1178 quidem,
1076 1132 1139 1165 sed
1161 1132 1204 1165 ab
1223 1131 1463 1165 emendatore.
1502 1130 1571 1177 fe-

17 1215 20 1218 Α
45 1194 155 1224 ren-5,
178 1181 335 1224 flammas
357 1187 394 1214 et
415 1180 579 1215 incendia
596 1180 706 1233 longe
721 1179 864 1225 lateque
885 1191 1075 1225 spargens,
1102 1185 1140 1211 ut
1158 1180 1275 1212 Burm.

1370 1179 1442 1214 312
1466 1179 1572 1211 Haec

44 1229 171 1274 fragm.
190 1229 320 1262 Moret.
369 1230 452 1262 Hoc
480 1227 542 1262 ubi
569 1240 662 1261 non:
695 1233 947 1272 mterpunxere
974 1226 1034 1260 alii
1064 1226 1158 1272 apud
1182 1225 1379 1271 Philargyr.
1427 1225 1571 1260 Wakef.

46 1276 93 1310 ad
113 1277 256 1309 Lucret.
276 1275 339 1316 IV,
363 1276 435 1310 662
453 1274 640 1320 distinguit
661 1276 760 1316 Hoc,
787 1273 849 1307 ubi
868 1280 907 1306 ut
925 1274 973 1307 sit
992 1280 1144 1318 propter
1165 1272 1253 1313 hoc,
1289 1273 1356 1306 hac
1376 1272 1420 1306 de
1439 1284 1572 1314 caussa,

47 1343 91 1349 —
115 1321 251 1370 infelix
276 1330 440 1368 superat.
489 1323 575 1356 Mox
603 1321 738 1355 malim:
771 1333 947 1354 caesaeve
974 1322 1132 1362 reverti,
1165 1319 1277 1364 (nihil
1305 1331 1470 1360 necesse3
1501 1318 1571 1352 vid.

46 1372 90 1412 Q.
109 1370 155 1414 V.
172 1369 350 1412 XXXVI,
386 1371 441 1409 10.
473 1369 572 1414 Wr.)
607 1381 692 1412 nec,
725 1368 756 1401 si
780 1368 838 1402 vel
866 1367 1016 1401 maxime
1043 1366 1228 1412 superiore
1261 1372 1365 1413 parte
1393 1366 1572 1411 praecisus

0 1423 2 1426 ’
44 1423 187 1451 truncus
205 1416 333 1458 fuerit,
356 1415 586 1451 revirescunt.
624 1417 662 1461 (a
690 1417 822 1462 stirpe,
848 1421 946 1449 recte
971 1415 1029 1448 hic
1061 1414 1221 1460 quidem3
1255 1413 1341 1447 alias
1369 1412 1414 1447 ab
1438 1415 1571 1461 stirpe3

44 1464 115 1499 vid.
136 1466 179 1507 Q.
196 1465 240 1498 v.
265 1465 293 1507 1,
319 1465 350 1500 1.
382 1463 477 1508 Wr.)

46 1582 221 1623 arbustis
250 1588 291 1621 te
319 1582 475 1622 versari
504 1581 664 1635 cogites.
694 1581 781 1622 vid.

44 1642 147 1682 Plin.
166 1640 304 1691 XVII,
336 1643 405 1690 23,
438 1654 469 1680 s,
488 1641 557 1690 35,
576 1643 645 1683 22.
706 1640 783 1678 Ce-

45 1707 182 1739 terum
200 1698 314 1739 locus
348 1712 400 1737 ex
427 1698 692 1737 ornatissimis
711 1704 783 1737 est.

47 1758 145 1801 305.
175 1756 351 1807 Robora,
382 1755 424 1795 h.
443 1763 638 1796 truncum
662 1756 783 1795 oleae.

47 1819 145 1858 306.
182 1816 314 1865 coelo,
346 1814 398 1853 ad
419 1815 592 1866 caelum,
621 1820 669 1854 ut
688 1817 785 1857 309.

46 1881 261 1927 sequutus,
304 1886 562 1926 progressus,
604 1873 784 1925 gliscens.

48 1934 146 1975 308.
175 1933 267 1982 ruit,
299 1931 392 1983 agit,
424 1931 594 1981 emittit,
626 1931 784 1971 eiectat.

46 2004 186 2028 nemus
202 2003 280 2042 pro
298 1989 449 2029 vineto.
491 1989 603 2028 ‘Loci
627 1990 784 2043 pulcri-

47 2047 234 2087 tudinem
256 2048 533 2099 unusquisque
557 2047 673 2086 facile
692 2060 785 2086 sen-

47 2106 113 2145 n't.
154 2105 269 2145 Conf.
301 2106 421 2145 Silius
456 2106 511 2155 V,
533 2103 785 2148 510—514

49 2176 102 2205 ex
119 2170 261 2203 nostro
281 2177 515 2216 expressus,
535 2163 606 2202 inf.
622 2162 720 2202 Aen.
731 2164 784 2214 X,

50 2221 134 2265 495
157 2235 214 2273 sq.
248 2221 367 2260 Hom.
394 2221 507 2260 Iliad.
529 2224 572 2270 λ,
615 2221 696 2263 155
726 2234 784 2272 sq.

49 2296 76 2321 v
87 2310 99 2330 ,
130 2278 217 2322 490
238 2293 324 2331 sqq.
344 2280 434 2318 loca
454 2279 621 2317 laudata
649 2279 730 2317 iam
763 2292 787 2317 a

51 2337 194 2376 cerda.
254 2340 351 2380 310.
391 2352 420 2376 a
449 2340 592 2376 vertice
627 2337 787 2389 poetica

53 2396 169 2449 copia
191 2402 232 2435 et
251 2401 402 2435 ornatu
419 2395 635 2445 adiectum,
654 2394 695 2434 h.
714 2395 787 2433 de-

53 2467 200 2507 super,
232 2454 282 2492 de
303 2454 433 2504 caelo,
464 2450 654 2505 ὑψόθεν,
685 2459 734 2491 ut
753 2452 790 2494 εἰ

53 2512 97 2553 δέ
117 2527 162 2553 κε
176 2514 250 2565 νηῒ
262 2507 453 2563 (Τψόθεν
465 2508 649 2567 ἔμπλήξῃ
672 2508 787 2564 δεινή

54 2567 222 2622 οἷνὲμοιο
243 2566 414 2620 θύελλα,
445 2568 787 2609 Arat.Phaenom.

55 2642 96 2667 v.
123 2626 220 2670 423.
281 2628 347 2666 Sic
383 2629 466 2667 fere
498 2627 598 2667 Aen.
628 2627 665 2677 1,
705 2629 787 2669 118

0 2725 1 2728 ,
55 2687 198 2738 ingen-s
216 2701 244 2724 a
273 2688 416 2725 verlice
424 2695 578 2739 pontus
600 2687 653 2724 In
668 2700 788 2737 pup-

47 2746 142 2795 pim
170 2743 298 2795 fi’n‘t,
352 2757 404 2783 ex
435 2745 600 2784 Homer.
640 2743 718 2782 Od.
749 2758 788 2793 ε,

57 2803 142 2843 313
156 2800 294 2842 ἔλασεν
306 2800 407 2856 μέγα
424 2805 536 2854 κῦμα
547 2796 633 2843 κατ’
651 2798 791 2855 ἄκρης.

57 2857 110 2897 ab
130 2859 214 2896 alto
234 2888 247 2907 ,
287 2858 357 2897 Ge.
383 2860 414 2909 I,
449 2859 533 2902 324
561 2867 602 2898 et
630 2859 679 2898 al.
738 2860 792 2897 Et

58 2916 116 2955 sic
132 2915 374 2954 descendunt
389 2919 512 2957 venti.
563 2918 675 2957 Haec
693 2923 791 2956 sunt

58 2972 349 3026 simplicissima
367 3003 379 3024 ,
429 2987 555 3026 eaque
600 2974 789 3014 tenenda.

58 3031 196 3071 Potest
214 3031 338 3069 etiam
363 3045 535 3083 superne
555 3032 791 3073 incumbens

128 3101 338 3150 VIRGIL.
378 3100 521 3149 ΤοΜ.
546 3100 584 3148 Ι.

840 1586 986 1620 ventus
1002 1586 1217 1633 propterea
1237 1583 1572 1618 commemoratus

841 1638 992 1687 videri,
1033 1645 1082 1677 ut
1114 1638 1159 1677 in
1191 1637 1315 1687 vites,
1364 1642 1573 1688 tamquam

841 1696 1100 1746 humiliores,
1139 1709 1190 1734 ex
1224 1694 1407 1734 oleastris
1429 1694 1574 1733 incen-

843 1754 958 1794 dium
976 1754 1184 1793 immittat.
1214 1753 1275 1792 Ita
1295 1752 1459 1805 quidem
1475 1752 1575 1791 Cer-

845 1812 938 1851 dam
961 1812 1122 1864 sequuti
1148 1810 1456 1864 interpretanda
1474 1809 1576 1848 haec

844 1884 928 1909 esse
957 1870 1053 1908 olim
1077 1870 1320 1923 putabamus
1328 1883 1343 1920 3
1379 1868 1450 1907 sed
1479 1874 1575 1907 sunt

842 1928 945 1967 haec
966 1934 1136 1981 argute,
1185 1942 1267 1966 non
1302 1940 1399 1967 vere
1445 1926 1576 1965 dieta.

842 1987 1102 2026 Burmannus
1139 1986 1316 2025 malebat
1351 2000 1379 2023 a
1418 1986 1575 2034 vertice,

844 2059 868 2083 a
896 2051 1029 2097 tergo,
1066 2043 1108 2083 h.
1135 2058 1158 2082 a
1188 2057 1329 2096 campo
1368 2056 1500 2082 vacuo
1535 2048 1577 2081 et

841 2117 975 2156 puro,
1013 2102 1124 2141 unde
1160 2102 1305 2154 incipit
1331 2101 1454 2150 silva,
1495 2114 1575 2152 qua

842 2167 959 2214 parte
996 2166 1146 2199 ventus
1173 2159 1330 2198 irruens
1368 2158 1412 2196 in
1439 2163 1576 2196 totum

844 2232 987 2258 nemus
1007 2217 1182 2256 involvit
1209 2215 1403 2255 fiammis:
1441 2223 1576 2255 vertex

843 2283 992 2326 tamen,
1024 2275 1179 2314 etiamsi
1195 2274 1248 2313 ad
1259 2280 1415 2326 tergum
1433 2273 1576 2316 referri

844 2335 992 2389 possit,
1039 2333 1084 2372 id
1117 2333 1228 2385 quod
1264 2332 1307 2371 in
1337 2345 1496 2383 quaque
1530 2344 1576 2370 re

845 2405 1049 2432 summum
1091 2397 1151 2430 est
1169 2421 1180 2441 ,
1235 2396 1309 2430 aut
1349 2390 1576 2442 superiores

844 2457 1002 2504 partes,
1033 2449 1242 2502 significat.
1289 2448 1575 2487 Servianorum

847 2515 991 2548 auctor
1029 2522 1057 2545 a
1084 2509 1227 2545 vertioe
1241 2536 1252 2555 ,
1295 2505 1346 2544 ab
1376 2505 1575 2557 aquilone,

845 2565 1195 2620 interpretabatur
1221 2563 1279 2618 (h.
1302 2577 1324 2602 a
1339 2563 1434 2616 polo
1451 2563 1577 2602 arcti-

847 2623 938 2679 co),
980 2630 1029 2663 ut
1053 2624 1124 2662 Ge.
1155 2623 1197 2673 I,
1215 2621 1302 2664 242
1331 2623 1419 2659 Hic
1445 2629 1578 2659 vertex

845 2683 958 2722 nobis
987 2696 1144 2732 semper
1167 2680 1363 2719 sublimis.
1428 2679 1577 2717 Gram-

845 2739 981 2780 matici
1001 2739 1219 2778 subtilitas!
1245 2738 1359 2776 silvis
1370 2736 1484 2775 haud
1498 2736 1577 2774 du-

847 2800 912 2839 bie
933 2798 983 2837 de
1002 2797 1124 2837 vinea
1143 2795 1325 2836 oleastris
1341 2794 1494 2833 consita
1511 2794 1577 2832 in-

847 2856 1122 2909 telligendum.

906 2918 1003 2957 312.
1044 2911 1169 2962 Quod
1201 2910 1234 2949 si
1261 2907 1474 2955 acciderit,
1511 2905 1578 2943 vi-

846 2980 908 3012 tes
925 2971 1086 3024 quidem
1099 2969 1341 3009 revirescere
1358 2968 1577 3014 nequeunt,

848 3031 947 3071 dum
965 3030 1120 3068 interea
1138 3024 1300 3066 oleastri
1320 3035 1445 3061 novas
1463 3021 1578 3059 fron-

1229 3092 1297 3138 29
