1734 3320
260 267 262 269 *
307 191 797 250 GEORGTCON
832 198 975 249 ΜΒ.
1011 198 1060 262 Ι,
1097 202 1391 251 366—377

1511 203 1613 253 359

17 310 29 315 ‘⁷
83 325 318 377 Humida
339 324 458 376 vela
485 324 626 390 legit.
669 328 981 392 Numquam
1005 324 1419 391 inprudentibus
1438 328 1615 378 imber

88 395 306 448 Obsuit:
345 403 434 445 aut
456 394 607 445 illum
636 403 946 459 surgentem
972 394 1195 444 vallibus
1222 395 1342 444 imis

85 467 275 519 Aeriae
298 463 490 531 fugere
517 481 699 530 grues3
740 473 829 514 aut
848 464 1045 515 bucula
1072 464 1287 514 coelum

1510 470 1613 518 375

89 536 394 604 Suspiciens
419 535 614 603 patulis
637 536 861 602 captavit
883 535 1100 586 naribus
1125 552 1301 596 auras3

86 612 193 659 Aut
217 615 399 672 arguta
422 605 567 656 lacus
592 605 1035 656 circumvolitavit
1055 605 1294 656 hirundo
1308 646 1321 669 ‚

157 705 273 753 377.
309 714 582 765 mmJNno3

133 840 204 877 873
227 839 361 889 legunt
388 840 426 874 in
452 839 628 874 nonnullis
652 840 746 885 apud
770 839 943 883 Pieriam,
977 840 1167 885 probatum
1190 838 1351 874 Heinsio.
1389 837 1473 884 (vid.
1497 838 1540 879 Q.
1569 837 1613 870 V.

85 889 181 931 VIII,
199 886 235 931 4,
255 900 283 922 c.
316 889 412 934 Wr.)
462 890 508 922 At
523 888 615 935 legit
633 887 738 920 etiam
754 886 791 920 in
809 888 981 921 Romano.
1028 887 1278 934 prudentibus
1293 885 1422 920 Medic.
1441 898 1462 918 a
1481 897 1526 917 m.
1547 896 1614 930 pr„

85 931 225 982 hocque
252 935 411 980 praefert
428 948 505 969 cum
531 934 609 968 aliis
627 936 677 968 10.
699 934 886 968 Schrader.
935 938 1025 968 Sane
1053 941 1090 968 et
1115 935 1184 968 hoc
1206 947 1305 968 suum
1332 945 1470 966 sensum
1491 931 1613 965 habet.

85 983 164 1018 Nec
181 981 292 1016 minus
314 989 431 1016 tamen
452 983 600 1016 alterum
619 993 742 1015 verum
765 988 829 1015 est.

900 980 972 1021 374
994 980 1131 1028 Adfuit
1149 979 1472 1027 Bynckershoeckii
1493 990 1615 1012 emen-

86 1029 185 1063 datio
210 1029 280 1063 iam
300 1041 321 1062 a
337 1031 452 1063 Burm.
479 1029 611 1063 reiecta
634 1036 697 1062 est.
745 1029 889 1062 Wakef.
912 1029 957 1062 ad
974 1029 1116 1063 Lucret.
1139 1030 1198 1071 VI,
1220 1031 1268 1070 70
1294 1026 1433 1074 obfuit,
1457 1038 1523 1072 pro
1545 1026 1615 1059 ob-

86 1083 257 1119 versatur,
272 1075 403 1111 dictum
424 1088 500 1110 esse
521 1075 766 1110 contendentis
785 1074 937 1120 argutias
955 1076 1014 1109 vix
1031 1076 1214 1122 quisquam
1233 1075 1412 1122 probabit.
1453 1087 1496 1108 ac
1510 1074 1615 1108 illum

85 1124 214 1158 Moret-
233 1130 346 1170 quart.
392 1124 433 1158 in
452 1122 616 1157 vallibus
631 1123 732 1156 Leid.
753 1135 774 1156 a
794 1136 840 1156 m.
861 1135 930 1158 sec.
979 1122 1025 1158 ab
1051 1136 1085 1158 ν.
1113 1124 1215 1158 Leid.
1236 1123 1337 1157 alter.

478 1171 550 1207 376
573 1172 787 1217 Sascipiens
809 1170 946 1205 Zulich.

87 1183 170 1207 sero
186 1170 294 1210 Goth.
312 1182 382 1205 see.

144 1291 242 1332 373.
256 1290 498 1342 IVumquam
517 1289 822 1340 inprudentibus

85 1346 212 1386 imber
233 1346 394 1400 olfait,
428 1347 565 1386 obesse
592 1353 727 1399 potest
756 1347 823 1386 vel

86 1406 202 1445 solet.
261 1406 416 1444 ornate
436 1406 586 1444 extulit
614 1405 679 1455 id,
712 1405 823 1457 quod

83 1463 130 1503 in
147 1464 263 1503 tenui
283 1463 466 1503 oratione
489 1469 608 1502 esset:
640 1464 822 1516 agricolis

85 1536 171 1562 non
186 1522 301 1562 facile
314 1522 442 1560 imber
461 1524 709 1574 supervenire
726 1528 823 1575 pot-

87 1586 149 1619 est
172 1579 524 1634 imprudentibus,
561 1579 602 1618 h.
625 1594 708 1618 non
731 1587 826 1619 ante

85 1638 396 1692 providentibus
415 1668 426 1688 ,
473 1638 694 1691 improviso
717 1669 727 1688 ,
775 1644 825 1677 ut

85 1710 163 1737 nec
183 1697 329 1736 moniti
351 1697 432 1735 sint
451 1697 656 1749 praesagio
675 1696 823 1748 aliquo.

85 1755 178 1794 Non
204 1755 379 1794 debebat
398 1754 467 1793 hic
483 1754 650 1794 haerere
676 1754 824 1793 docto-

84 1827 180 1853 rum
201 1814 387 1853 virorum
408 1827 589 1853 acumen.
649 1814 823 1852 Senten-
840 1848 843 1853 .

85 1871 144 1910 tia
156 1878 222 1911 est
235 1871 375 1910 eadem
386 1871 458 1911 inf.
471 1870 554 1915 425
575 1873 823 1925 Numquam

86 1938 124 1968 te
153 1932 332 1968 crastina
346 1930 478 1981 fallet
509 1931 651 1980 Hora,
695 1944 823 1982 neque

87 1987 247 2026 insidiis
281 1990 408 2026 noetis
437 1990 597 2040 capiere
642 2003 818 2026 serenae.

87 2044 186 2088 374.
217 2046 385 2086 Diversa
399 2053 496 2085 sunt
506 2044 821 2100 Hesiodea'EQy.

87 2101 346 2147 448—451.
377 2110 419 2142 et
435 2104 488 2143 ad
499 2104 611 2143 aliud
626 2110 822 2156 spectant;

87 2174 232 2201 verum
251 2168 345 2201 ante
375 2163 514 2201 oculos
537 2168 681 2215 poetae
708 2163 823 2200 fuere

87 2218 239 2258 Aratea
269 2222 367 2262 299.
398 2223 503 2271 300,
542 2234 563 2258 e
594 2220 739 2272 quibus
783 2226 825 2258 et

87 2276 258 2317 Aristot.
281 2278 333 2317 H.
354 2277 401 2317 A.
422 2279 493 2328 IX,
518 2281 570 2320 10
593 2276 705 2332 (add.
734 2277 823 2316 An-

87 2336 160 2388 tig.
191 2336 347 2389 Garyst.
373 2335 429 2379 46
460 2343 502 2375 et
539 2336 595 2375 ibi
630 2334 821 2391 Beckm.)

86 2400 214 2447 patet,
246 2395 374 2434 solere
391 2408 522 2447 grues,
552 2394 676 2433 ubiin
695 2395 824 2434 altum

89 2453 366 2503 evolaverint,
412 2455 455 2491 in
482 2467 636 2503 aerem,
675 2449 823 2506 η’έριαι,

90 2511 372 2550 animadversa
393 2516 652 2564 tempestate,
685 2511 824 2549 statim

91 2582 132 2607 se
161 2569 375 2610 demittere
400 2576 441 2608 et
467 2569 640 2608 imbrem
668 2570 826 2622 fugere3

89 2627 173 2666 iam
197 2657 208 2677 ‚
249 2628 361 2679 quod
404 2627 571 2667 additur
591 2658 602 2677 ,
649 2627 825 2667 vallibus

91 2686 206 2734 imis,
237 2685 391 2738 duplici
409 2686 533 2725 modo
550 2686 660 2738 iungi
680 2692 720 2724 et
755 2700 825 2724 ac-

92 2742 171 2795 cipi
200 2748 352 2795 potest,
393 2751 487 2794 aut,
526 2750 576 2783 ut
602 2758 720 2796 grues
746 2746 826 2783 im-

91 2801 208 2839 brem
235 2801 391 2853 fugiant
415 2802 593 2841 vallibus
613 2805 728 2852 imis,
758 2815 827 2841 re-

95 2858 288 2911 cipientes
315 2873 355 2897 se
381 2860 426 2898 in
450 2861 618 2911 vallem3
647 2860 706 2899 ita
728 2875 828 2899 con-

93 2917 210 2956 venit
226 2915 480 2956 Aristoteles:
509 2918 594 2968 καὶ,
625 2915 698 2959 ἐὰν
710 2918 831 2960 ἴδωσι

95 2973 203 3028 νέφη
229 2974 298 3016 καὶ
331 2974 532 3030 χειμέρια,
577 2980 830 3018 καταπτᾶσαι

1431 1121 1501 1158 375
1526 1133 1614 1155 Sen-

879 1287 1142 1342 ἦσυχᾶζουσι,
1167 1294 1270 1341 puta
1285 1287 1477 1326 arborum
1497 1286 1615 1324 fron-

882 1348 1000 1386 dibus
1028 1354 1180 1397 tectae,
1223 1344 1536 1400 (,‚Theophrast.
1564 1343 1614 1382 de

881 1406 1001 1458 signis
1032 1406 1285 1459 pluviarum:
1326 1401 1425 1446 ὅταν
1450 1401 1616 1457 γέρανοι

880 1465 1101 1514 πέτωνται,
1138 1464 1208 1504 καὶ
1248 1459 1304 1517 μή
1338 1457 1615 1514 ἀνακάμπτω-

884 1535 971 1572 σιν,
1012 1518 1153 1563 εὐδίαν
1192 1521 1401 1574 σημαίνει·
1457 1514 1507 1560 οὗ
1535 1515 1613 1574 yde

882 1580 1093 1630 πέτονται,
1131 1579 1231 1634 πρὶν
1258 1576 1287 1632 ἢ
1318 1575 1370 1618 ἂν
1397 1573 1616 1630 πετόμεναι

882 1636 1049 1694 καθαροὶ
1079 1638 1267 1679 ἴδωσιν.“
1330 1636 1442 1675 Haec
1476 1633 1616 1673 attulit

881 1697 1012 1750 Heyn.
1042 1697 1088 1735 in
1109 1696 1218 1735 Edit.
1243 1694 1340 1734 min.
1382 1691 1501 1748 Wr.)
1543 1698 1615 1731 aut

880 1762 930 1794 ut
948 1756 1192 1808 iungantur:
1213 1753 1378 1792 imbrem
1389 1759 1614 1803 surgentem

881 1813 1056 1853 vallibus
1075 1814 1168 1851 imis
1178 1828 1194 1861 ;
1227 1812 1328 1850 solet
1349 1811 1453 1850 enim
1471 1809 1614 1859 imber,

879 1871 920 1911 h.
941 1885 974 1911 e.
997 1871 1180 1920 nebulae,
1202 1884 1363 1923 surgere
1381 1867 1557 1908 vallibus
1570 1867 1615 1906 in

881 1943 1014 1969 aerem
1037 1930 1246 1969 rariorem.
1306 1927 1386 1966 Sed
1411 1926 1491 1966 hoc
1517 1926 1615 1964 alie-

880 2003 979 2028 num
1010 1989 1059 2027 ab
1087 1987 1129 2026 h.
1154 1988 1180 2026 l.
1211 1986 1329 2026 Prius
1365 1992 1426 2024 est
1457 1998 1614 2024 verum.

879 2046 1058 2085 Aratus:
1090 2042 1318 2098 στροφᾶδες
1345 2042 1389 2085 δὲ
1417 2046 1614 2096 παλιμπε-

880 2103 946 2153 τὲς
971 2101 1235 2153 ἄπονέονται,
1268 2103 1338 2141 ubi
1358 2101 1492 2140 Schol.
1511 2099 1614 2142 ὁπο-

883 2161 1131 2217 στρέφουσαι
1144 2161 1202 2209 εἷς
1221 2156 1319 2209 τούς
1336 2156 1500 2209 τόπους,
1511 2155 1615 2200 ὅθεν

882 2216 1154 2273 ἐκινήθησαν.
1189 2216 1341 2272 (η’ἑριαι
1365 2216 1530 2271 γέρανοι
1550 2216 1614 2255 di-

882 2285 969 2317 ctae
985 2279 1066 2317 iam
1085 2278 1264 2317 Homero
1281 2276 1324 2315 Il.
1346 2276 1412 2326 III,
1437 2278 1476 2318 7.
1501 2277 1572 2315 W
1564 2272 1613 2329 r.)

882 2337 979 2380 375.
999 2339 1096 2379 376.
1127 2337 1190 2375 Ex
1207 2334 1335 2374 Arato
1352 2334 1450 2373 ibid.
1466 2335 1614 2375 v.222.

882 2397 980 2445 223,
1012 2394 1081 2446 qui
1102 2394 1285 2433 conversi
1303 2399 1400 2432 sunt
1420 2406 1443 2430 a
1464 2392 1545 2430 Cic.
1565 2391 1615 2429 de

882 2454 972 2492 Div.
1000 2453 1030 2503 I,
1053 2455 1092 2494 9.
1122 2455 1325 2504 captavit,
1365 2457 1530 2503 captare
1546 2463 1614 2487 so·-

881 2512 959 2561 let,
990 2517 1142 2564 captat,
1172 2525 1312 2559 auras,
1345 2509 1388 2548 h.
1405 2508 1530 2556 ducit,
1552 2508 1615 2547 ol-

883 2569 1002 2619 facit,
1035 2564 1319 2622 αἷσφρήσαντο.
1346 2568 1446 2606 Plin.
1468 2566 1612 2615 XVIII,
1651 2584 1653 2587 r

884 2630 941 2670 88
971 2629 1027 2666 Et
1045 2627 1162 2666 boves
1190 2627 1350 2665 eaelum
1376 2626 1615 2678 offae-lantes

883 2700 1003 2737 seque
1041 2685 1258 2723 lambentes
1291 2692 1429 2723 contra
1458 2683 1609 2734 pilam.

884 2747 981 2786 377.
1020 2743 1112 2783 Vid.
1154 2743 1274 2782 eund.
1312 2757 1351 2781 v.
1386 2744 1482 2783 212.
1515 2742 1613 2780 213.

882 2803 1033 2841 Versus
1044 2808 1157 2840 totus
1178 2808 1237 2839 est
1257 2814 1308 2839 ex
1318 2801 1500 2839 Varrone
1511 2796 1614 2835 Ata-

885 2860 996 2909 cino,
1026 2866 1197 2899 notante
1218 2858 1377 2906 Servio,
1408 2869 1490 2894 una
1522 2867 1615 2892 cum

884 2932 924 2957 V·
947 2921 1031 2960 376
1045 2924 1086 2956 et
1104 2921 1200 2959 379.
1231 2924 1382 2967 arguta
1402 2913 1454 2951 ad
1474 2925 1614 2951 vocem

885 2977 1073 3016 refertur.
1126 2975 1226 3013 Plin.
1260 2971 1411 3021 XVHJ,
1443 2972 1499 3012 87
1546 2969 1613 3008 ln·-
