<?xml version="1.0" encoding="UTF-8"?>
<!DOCTYPE html PUBLIC "-//W3C//DTD XHTML 1.0 Transitional//EN"
    "http://www.w3.org/TR/xhtml1/DTD/xhtml1-transitional.dtd">
<html xmlns="http://www.w3.org/1999/xhtml" xml:lang="en" lang="en">
 <head>
  <title>
</title>
<meta http-equiv="Content-Type" content="text/html;charset=utf-8" />
  <meta name='ocr-system' content='tesseract 3.04.00' />
  <meta name='ocr-capabilities' content='ocr_page ocr_carea ocr_par ocr_line ocrx_word'/>
</head>
<body>
  <div class='ocr_page' id='page_1' title='image "./publiusvirgilius01virguoft_0593.png"; bbox 0 0 1734 3320; ppageno 0'>
   <div class='ocr_carea' id='block_1_1' title="bbox 316 186 1625 250">
    <p class='ocr_par' dir='ltr' id='par_1_1' title="bbox 316 186 1625 250">
     <span class='ocr_line' id='line_1_1' title="bbox 316 186 1625 250; baseline 0.003 -10"><span class='ocrx_word' id='word_1_1' title='bbox 316 186 807 249; x_wconf 64' lang='lat' dir='ltr'><strong>GEORGJGON</strong></span> <span class='ocrx_word' id='word_1_2' title='bbox 841 187 984 238; x_wconf 91' lang='lat' dir='ltr'><strong>LIB.</strong></span> <span class='ocrx_word' id='word_1_3' title='bbox 1018 188 1085 250; x_wconf 84' lang='lat'><strong>11,</strong></span> <span class='ocrx_word' id='word_1_4' title='bbox 1127 190 1412 240; x_wconf 87' lang='lat'><strong>165—171</strong></span> <span class='ocrx_word' id='word_1_5' title='bbox 1524 194 1625 244; x_wconf 79' lang='lat'><strong>423</strong></span> 
     </span>
    </p>
   </div>
   <div class='ocr_carea' id='block_1_2' title="bbox 101 312 1624 523">
    <p class='ocr_par' dir='ltr' id='par_1_2' title="bbox 101 312 1624 523">
     <span class='ocr_line' id='line_1_2' title="bbox 102 312 1624 382; baseline -0.001 -14"><span class='ocrx_word' id='word_1_6' title='bbox 102 315 513 382; x_wconf 86' lang='lat' dir='ltr'><strong>Adsuetumque</strong></span> <span class='ocrx_word' id='word_1_7' title='bbox 541 312 689 363; x_wconf 90' lang='lat' dir='ltr'><strong>malo</strong></span> <span class='ocrx_word' id='word_1_8' title='bbox 714 314 999 379; x_wconf 83' lang='lat' dir='ltr'>Ligurem,</span> <span class='ocrx_word' id='word_1_9' title='bbox 1030 313 1365 382; x_wconf 83' lang='lat' dir='ltr'>Volscosque</span> <span class='ocrx_word' id='word_1_10' title='bbox 1391 325 1624 379; x_wconf 65' lang='grc' dir='ltr'>νει-11105,</span> 
     </span>
     <span class='ocr_line' id='line_1_3' title="bbox 101 383 1624 451; baseline -0.001 -14"><span class='ocrx_word' id='word_1_11' title='bbox 101 385 324 447; x_wconf 79' lang='lat' dir='ltr'><strong>Extulit3</strong></span> <span class='ocrx_word' id='word_1_12' title='bbox 361 383 496 442; x_wconf 89' lang='lat' dir='ltr'><strong>haec</strong></span> <span class='ocrx_word' id='word_1_13' title='bbox 514 384 726 446; x_wconf 80' lang='lat' dir='ltr'><strong>DeciOS‚</strong></span> <span class='ocrx_word' id='word_1_14' title='bbox 748 383 962 448; x_wconf 64' lang='lat' dir='ltr'><strong>Mal-im,</strong></span> <span class='ocrx_word' id='word_1_15' title='bbox 998 398 1334 451; x_wconf 86' lang='lat' dir='ltr'><strong>magnosque</strong></span> <span class='ocrx_word' id='word_1_16' title='bbox 1358 385 1624 450; x_wconf 82' lang='lat' dir='ltr'><strong>Camillos,</strong></span> 
     </span>
     <span class='ocr_line' id='line_1_4' title="bbox 104 452 1623 523; baseline 0.001 -17"><span class='ocrx_word' id='word_1_17' title='bbox 104 453 373 523; x_wconf 87' lang='lat' dir='ltr'>Scipiadas</span> <span class='ocrx_word' id='word_1_18' title='bbox 398 454 564 504; x_wconf 89' lang='lat' dir='ltr'><strong>duros</strong></span> <span class='ocrx_word' id='word_1_19' title='bbox 585 452 758 518; x_wconf 86' lang='lat' dir='ltr'><strong>hello,</strong></span> <span class='ocrx_word' id='word_1_20' title='bbox 796 462 851 504; x_wconf 86' lang='lat' dir='ltr'><strong>et</strong></span> <span class='ocrx_word' id='word_1_21' title='bbox 869 462 951 517; x_wconf 86' lang='lat' dir='ltr'><strong>te,</strong></span> <span class='ocrx_word' id='word_1_22' title='bbox 984 470 1236 504; x_wconf 84' lang='lat' dir='ltr'><strong>maxume</strong></span> <span class='ocrx_word' id='word_1_23' title='bbox 1258 456 1465 520; x_wconf 84' lang='lat' dir='ltr'><strong>Caesar,</strong></span> <span class='ocrx_word' id='word_1_24' title='bbox 1524 462 1623 508; x_wconf 89' lang='lat'><strong>170</strong></span> 
     </span>
    </p>
   </div>
   <div class='ocr_carea' id='block_1_3' title="bbox 103 524 1354 590">
    <p class='ocr_par' dir='ltr' id='par_1_3' title="bbox 103 524 1354 590">
     <span class='ocr_line' id='line_1_5' title="bbox 103 524 1354 590; baseline -0.002 -13"><span class='ocrx_word' id='word_1_25' title='bbox 103 526 211 590; x_wconf 84' lang='lat' dir='ltr'><strong>Qui</strong></span> <span class='ocrx_word' id='word_1_26' title='bbox 228 541 375 576; x_wconf 89' lang='lat' dir='ltr'><strong>nunc</strong></span> <span class='ocrx_word' id='word_1_27' title='bbox 395 524 646 576; x_wconf 78' lang='lat' dir='ltr'><strong>extremis</strong></span> <span class='ocrx_word' id='word_1_28' title='bbox 672 525 827 576; x_wconf 80' lang='lat' dir='ltr'><strong>Asiae</strong></span> <span class='ocrx_word' id='word_1_29' title='bbox 848 524 956 574; x_wconf 90' lang='lat' dir='ltr'><strong>iam</strong></span> <span class='ocrx_word' id='word_1_30' title='bbox 972 524 1145 574; x_wconf 85' lang='lat' dir='ltr'><strong>victor</strong></span> <span class='ocrx_word' id='word_1_31' title='bbox 1167 525 1223 575; x_wconf 88' lang='lat' dir='ltr'><strong>in</strong></span> <span class='ocrx_word' id='word_1_32' title='bbox 1246 525 1354 574; x_wconf 90' lang='lat' dir='ltr'><strong>oris</strong></span> 
     </span>
    </p>
   </div>
   <div class='ocr_carea' id='block_1_4' title="bbox 101 650 1623 841">
    <p class='ocr_par' dir='ltr' id='par_1_4' title="bbox 101 650 1623 841">
     <span class='ocr_line' id='line_1_6' title="bbox 149 650 1623 699; baseline -0.002 -9"><span class='ocrx_word' id='word_1_33' title='bbox 149 653 219 690; x_wconf 88' lang='lat'><strong>168</strong></span> <span class='ocrx_word' id='word_1_34' title='bbox 239 653 446 688; x_wconf 73' lang='lat' dir='ltr'><strong>Adsuetum</strong></span> <span class='ocrx_word' id='word_1_35' title='bbox 464 653 561 687; x_wconf 82' lang='lat' dir='ltr'><strong>malo</strong></span> <span class='ocrx_word' id='word_1_36' title='bbox 581 652 730 696; x_wconf 87' lang='lat' dir='ltr'><strong>Zulich.,</strong></span> <span class='ocrx_word' id='word_1_37' title='bbox 753 650 876 686; x_wconf 85' lang='lat' dir='ltr'><strong>addita</strong></span> <span class='ocrx_word' id='word_1_38' title='bbox 894 651 1045 687; x_wconf 85' lang='lat' dir='ltr'><strong>ridicula</strong></span> <span class='ocrx_word' id='word_1_39' title='bbox 1066 653 1206 699; x_wconf 85' lang='lat' dir='ltr'><strong>glossa,</strong></span> <span class='ocrx_word' id='word_1_40' title='bbox 1238 653 1276 688; x_wconf 86' lang='lat' dir='ltr'><strong>id</strong></span> <span class='ocrx_word' id='word_1_41' title='bbox 1296 659 1369 696; x_wconf 88' lang='lat' dir='ltr'><strong>est,</strong></span> <span class='ocrx_word' id='word_1_42' title='bbox 1400 653 1548 686; x_wconf 84' lang='lat' dir='ltr'><strong>navibus</strong></span> <span class='ocrx_word' id='word_1_43' title='bbox 1567 652 1623 687; x_wconf 85' lang='lat' dir='ltr'><strong>vel</strong></span> 
     </span>
     <span class='ocr_line' id='line_1_7' title="bbox 101 699 1622 748; baseline -0.001 -14"><span class='ocrx_word' id='word_1_44' title='bbox 101 700 232 747; x_wconf 66' lang='lat' dir='ltr'><strong>pomis-¹</strong></span> <span class='ocrx_word' id='word_1_45' title='bbox 276 702 459 748; x_wconf 80' lang='lat' dir='ltr'><strong>Ligurum</strong></span> <span class='ocrx_word' id='word_1_46' title='bbox 478 699 610 734; x_wconf 81' lang='lat' dir='ltr'><strong>Medic.</strong></span> <span class='ocrx_word' id='word_1_47' title='bbox 629 713 649 734; x_wconf 91' lang='lat' dir='ltr'><strong>a</strong></span> <span class='ocrx_word' id='word_1_48' title='bbox 668 712 714 733; x_wconf 92' lang='lat' dir='ltr'><strong>m.</strong></span> <span class='ocrx_word' id='word_1_49' title='bbox 735 711 790 744; x_wconf 69' lang='lat' dir='ltr'><strong>pr.</strong></span> <span class='ocrx_word' id='word_1_50' title='bbox 839 701 923 733; x_wconf 87' lang='lat' dir='ltr'><strong>Mox</strong></span> <span class='ocrx_word' id='word_1_51' title='bbox 949 702 987 735; x_wconf 84' lang='lat' dir='ltr'><em>V</em></span> <span class='ocrx_word' id='word_1_52' title='bbox 984 701 1125 743; x_wconf 73' lang='lat' dir='ltr'><strong>ulscos,</strong></span> <span class='ocrx_word' id='word_1_53' title='bbox 1153 703 1191 735; x_wconf 85' lang='lat' dir='ltr'><em>V</em></span> <span class='ocrx_word' id='word_1_54' title='bbox 1188 702 1292 736; x_wconf 74' lang='lat' dir='ltr'><strong>ulcos</strong></span> <span class='ocrx_word' id='word_1_55' title='bbox 1300 728 1310 744; x_wconf 94' lang='lat'><strong>,</strong></span> <span class='ocrx_word' id='word_1_56' title='bbox 1340 703 1376 735; x_wconf 87' lang='lat' dir='ltr'><em>V</em></span> <span class='ocrx_word' id='word_1_57' title='bbox 1374 701 1491 741; x_wconf 69' lang='lat' dir='ltr'><strong>oleos,</strong></span> <span class='ocrx_word' id='word_1_58' title='bbox 1530 702 1564 735; x_wconf 84' lang='lat' dir='ltr'><em>V</em></span> <span class='ocrx_word' id='word_1_59' title='bbox 1566 701 1622 734; x_wconf 89' lang='lat' dir='ltr'><strong>ol-</strong></span> 
     </span>
     <span class='ocr_line' id='line_1_8' title="bbox 101 746 1621 793; baseline -0.001 -11"><span class='ocrx_word' id='word_1_60' title='bbox 101 755 182 782; x_wconf 76' lang='lat' dir='ltr'><strong>ctos</strong></span> <span class='ocrx_word' id='word_1_61' title='bbox 199 747 379 782; x_wconf 78' lang='lat' dir='ltr'>scribitur.</span> <span class='ocrx_word' id='word_1_62' title='bbox 427 756 560 782; x_wconf 81' lang='lat' dir='ltr'><strong>veruto</strong></span> <span class='ocrx_word' id='word_1_63' title='bbox 578 748 670 792; x_wconf 87' lang='lat' dir='ltr'><strong>(scil.</strong></span> <span class='ocrx_word' id='word_1_64' title='bbox 688 746 883 790; x_wconf 78' lang='lat' dir='ltr'><strong>adsuetum)</strong></span> <span class='ocrx_word' id='word_1_65' title='bbox 907 747 1049 793; x_wconf 82' lang='lat' dir='ltr'><strong>Lipsius</strong></span> <span class='ocrx_word' id='word_1_66' title='bbox 1069 749 1289 782; x_wconf 85' lang='lat' dir='ltr'><strong>emendabat.</strong></span> <span class='ocrx_word' id='word_1_67' title='bbox 1336 748 1407 782; x_wconf 90' lang='lat' dir='ltr'><strong>Sed</strong></span> <span class='ocrx_word' id='word_1_68' title='bbox 1437 747 1509 780; x_wconf 86' lang='lat' dir='ltr'><strong>vid.</strong></span> <span class='ocrx_word' id='word_1_69' title='bbox 1535 748 1621 781; x_wconf 92' lang='lat' dir='ltr'><strong>Not.</strong></span> 
     </span>
     <span class='ocr_line' id='line_1_9' title="bbox 103 793 1622 841; baseline -0.002 -11"><span class='ocrx_word' id='word_1_70' title='bbox 103 795 171 830; x_wconf 87' lang='lat'><strong>169</strong></span> <span class='ocrx_word' id='word_1_71' title='bbox 194 795 288 829; x_wconf 74' lang='lat' dir='ltr'><strong>haec</strong></span> <span class='ocrx_word' id='word_1_72' title='bbox 305 795 435 829; x_wconf 81' lang='lat' dir='ltr'><strong>doctos</strong></span> <span class='ocrx_word' id='word_1_73' title='bbox 451 796 597 829; x_wconf 81' lang='lat' dir='ltr'><strong>Marios</strong></span> <span class='ocrx_word' id='word_1_74' title='bbox 613 796 704 829; x_wconf 88' lang='lat' dir='ltr'><strong>Ven.</strong></span> <span class='ocrx_word' id='word_1_75' title='bbox 738 794 933 839; x_wconf 71' lang='lat' dir='ltr'><strong>(camellos</strong></span> <span class='ocrx_word' id='word_1_76' title='bbox 951 795 1092 837; x_wconf 89' lang='lat' dir='ltr'><strong>Medic.,</strong></span> <span class='ocrx_word' id='word_1_77' title='bbox 1111 797 1127 829; x_wconf 92' lang='lat' dir='ltr'><strong>i</strong></span> <span class='ocrx_word' id='word_1_78' title='bbox 1146 795 1254 830; x_wconf 79' lang='lat' dir='ltr'><strong>minio</strong></span> <span class='ocrx_word' id='word_1_79' title='bbox 1275 807 1381 841; x_wconf 87' lang='lat' dir='ltr'><strong>supra</strong></span> <span class='ocrx_word' id='word_1_80' title='bbox 1398 793 1503 840; x_wconf 85' lang='lat' dir='ltr'><strong>picta.</strong></span> <span class='ocrx_word' id='word_1_81' title='bbox 1525 794 1622 839; x_wconf 84' lang='lat' dir='ltr'><strong>Wr.)</strong></span> 
     </span>
    </p>
   </div>
   <div class='ocr_carea' id='block_1_5' title="bbox 102 842 466 878">
    <p class='ocr_par' dir='ltr' id='par_1_5' title="bbox 102 842 466 878">
     <span class='ocr_line' id='line_1_10' title="bbox 102 842 466 878; baseline -0.005 0"><span class='ocrx_word' id='word_1_82' title='bbox 102 842 172 878; x_wconf 88' lang='grc'><strong>170</strong></span> <span class='ocrx_word' id='word_1_83' title='bbox 193 843 353 877; x_wconf 71' lang='lat' dir='ltr'><strong>maxima</strong></span> <span class='ocrx_word' id='word_1_84' title='bbox 374 842 466 877; x_wconf 86' lang='lat' dir='ltr'><strong>Gud.</strong></span> 
     </span>
    </p>
   </div>
   <div class='ocr_carea' id='block_1_6' title="bbox 78 940 837 2741">
    <p class='ocr_par' dir='ltr' id='par_1_6' title="bbox 78 940 837 2741">
     <span class='ocr_line' id='line_1_11' title="bbox 99 940 832 992; baseline 0 -12"><span class='ocrx_word' id='word_1_85' title='bbox 99 940 152 992; x_wconf 72' lang='lat' dir='ltr'><strong>si,</strong></span> <span class='ocrx_word' id='word_1_86' title='bbox 197 954 291 981; x_wconf 88' lang='lat' dir='ltr'><strong>cum</strong></span> <span class='ocrx_word' id='word_1_87' title='bbox 317 941 503 992; x_wconf 73' lang='lat' dir='ltr'><strong>Sabinis,</strong></span> <span class='ocrx_word' id='word_1_88' title='bbox 546 954 687 982; x_wconf 86' lang='lat' dir='ltr'><strong>severa</strong></span> <span class='ocrx_word' id='word_1_89' title='bbox 708 941 832 980; x_wconf 79' lang='lat' dir='ltr'><strong>‹lisci-</strong></span> 
     </span>
     <span class='ocr_line' id='line_1_12' title="bbox 98 999 834 1053; baseline -0.001 -15"><span class='ocrx_word' id='word_1_90' title='bbox 98 999 211 1052; x_wconf 88' lang='lat' dir='ltr'><strong>plina</strong></span> <span class='ocrx_word' id='word_1_91' title='bbox 239 999 430 1051; x_wconf 81' lang='lat' dir='ltr'><strong>nutritis,</strong></span> <span class='ocrx_word' id='word_1_92' title='bbox 470 999 603 1053; x_wconf 88' lang='lat' dir='ltr'><strong>primo</strong></span> <span class='ocrx_word' id='word_1_93' title='bbox 631 1001 722 1039; x_wconf 92' lang='lat' dir='ltr'><strong>loco</strong></span> <span class='ocrx_word' id='word_1_94' title='bbox 743 1012 834 1038; x_wconf 88' lang='lat' dir='ltr'><strong>me-</strong></span> 
     </span>
     <span class='ocr_line' id='line_1_13' title="bbox 98 1058 832 1111; baseline 0 -15"><span class='ocrx_word' id='word_1_95' title='bbox 98 1058 252 1097; x_wconf 61' lang='lat' dir='ltr'><strong>mora‘ri</strong></span> <span class='ocrx_word' id='word_1_96' title='bbox 283 1058 415 1097; x_wconf 87' lang='lat' dir='ltr'><strong>solent</strong></span> <span class='ocrx_word' id='word_1_97' title='bbox 443 1058 552 1097; x_wconf 90' lang='lat' dir='ltr'><strong>inter</strong></span> <span class='ocrx_word' id='word_1_98' title='bbox 588 1058 726 1097; x_wconf 89' lang='lat' dir='ltr'><strong>Italiae</strong></span> <span class='ocrx_word' id='word_1_99' title='bbox 754 1072 832 1111; x_wconf 89' lang='lat' dir='ltr'><strong>po-</strong></span> 
     </span>
     <span class='ocr_line' id='line_1_14' title="bbox 98 1115 833 1170; baseline 0 -16"><span class='ocrx_word' id='word_1_100' title='bbox 98 1115 228 1168; x_wconf 82' lang='lat' dir='ltr'><strong>pulos.</strong></span> <span class='ocrx_word' id='word_1_101' title='bbox 249 1116 463 1155; x_wconf 76' lang='lat' dir='ltr'><strong>adsuetum</strong></span> <span class='ocrx_word' id='word_1_102' title='bbox 478 1116 590 1155; x_wconf 84' lang='lat' dir='ltr'><strong>malo</strong></span> <span class='ocrx_word' id='word_1_103' title='bbox 606 1131 683 1170; x_wconf 89' lang='lat' dir='ltr'><strong>pro</strong></span> <span class='ocrx_word' id='word_1_104' title='bbox 703 1116 833 1166; x_wconf 87' lang='lat' dir='ltr'><strong>malis,</strong></span> 
     </span>
     <span class='ocr_line' id='line_1_15' title="bbox 99 1173 832 1224; baseline 0.003 -12"><span class='ocrx_word' id='word_1_105' title='bbox 99 1173 323 1223; x_wconf 80' lang='lat' dir='ltr'><strong>aerumnis,</strong></span> <span class='ocrx_word' id='word_1_106' title='bbox 370 1174 597 1224; x_wconf 85' lang='lat' dir='ltr'><strong>laboribus,</strong></span> <span class='ocrx_word' id='word_1_107' title='bbox 645 1190 832 1216; x_wconf 77' lang='grc' dir='ltr'><strong>κακοπα-</strong></span> 
     </span>
     <span class='ocr_line' id='line_1_16' title="bbox 98 1229 831 1289; baseline -0.004 -16"><span class='ocrx_word' id='word_1_108' title='bbox 98 1233 197 1289; x_wconf 76' lang='grc' dir='ltr'><strong><em>θείᾳ</em></strong></span> <span class='ocrx_word' id='word_1_109' title='bbox 211 1229 278 1286; x_wconf 90' lang='lat' dir='ltr'><strong>(cs.</strong></span> <span class='ocrx_word' id='word_1_110' title='bbox 296 1232 394 1272; x_wconf 83' lang='lat' dir='ltr'><strong>Aen.</strong></span> <span class='ocrx_word' id='word_1_111' title='bbox 413 1232 485 1282; x_wconf 90' lang='lat' dir='ltr'><strong>IX,</strong></span> <span class='ocrx_word' id='word_1_112' title='bbox 506 1231 590 1275; x_wconf 88' lang='lat'><strong>604</strong></span> <span class='ocrx_word' id='word_1_113' title='bbox 610 1231 727 1286; x_wconf 90' lang='lat' dir='ltr'><strong>sqq.)‚</strong></span> <span class='ocrx_word' id='word_1_114' title='bbox 750 1234 831 1270; x_wconf 69' lang='lat' dir='ltr'><strong>Li—</strong></span> 
     </span>
     <span class='ocr_line' id='line_1_17' title="bbox 94 1290 832 1343; baseline 0 -15"><span class='ocrx_word' id='word_1_115' title='bbox 94 1304 267 1343; x_wconf 75' lang='lat' dir='ltr'><strong>gurem5</strong></span> <span class='ocrx_word' id='word_1_116' title='bbox 289 1290 386 1329; x_wconf 85' lang='lat' dir='ltr'><strong>colit</strong></span> <span class='ocrx_word' id='word_1_117' title='bbox 403 1290 510 1329; x_wconf 89' lang='lat' dir='ltr'><strong>enim</strong></span> <span class='ocrx_word' id='word_1_118' title='bbox 526 1304 668 1343; x_wconf 83' lang='lat' dir='ltr'><strong>agrum</strong></span> <span class='ocrx_word' id='word_1_119' title='bbox 687 1291 832 1329; x_wconf 82' lang='lat' dir='ltr'><strong>exilem</strong></span> 
     </span>
     <span class='ocr_line' id='line_1_18' title="bbox 98 1350 833 1401; baseline 0 -14"><span class='ocrx_word' id='word_1_120' title='bbox 98 1353 139 1388; x_wconf 82' lang='lat' dir='ltr'><strong>et</strong></span> <span class='ocrx_word' id='word_1_121' title='bbox 158 1361 362 1388; x_wconf 81' lang='lat' dir='ltr'><strong>saxosum.</strong></span> <span class='ocrx_word' id='word_1_122' title='bbox 391 1350 555 1388; x_wconf 74' lang='lat' dir='ltr'><strong>Inculta</strong></span> <span class='ocrx_word' id='word_1_123' title='bbox 562 1350 736 1401; x_wconf 81' lang='lat' dir='ltr'><strong>Alpium</strong></span> <span class='ocrx_word' id='word_1_124' title='bbox 748 1364 833 1400; x_wconf 80' lang='lat' dir='ltr'><strong>po-</strong></span> 
     </span>
     <span class='ocr_line' id='line_1_19' title="bbox 96 1405 831 1461; baseline 0.001 -16"><span class='ocrx_word' id='word_1_125' title='bbox 96 1415 245 1446; x_wconf 76' lang='lat' dir='ltr'><strong>strema</strong></span> <span class='ocrx_word' id='word_1_126' title='bbox 254 1407 480 1458; x_wconf 75' lang='lat' dir='ltr'><strong>possident,</strong></span> <span class='ocrx_word' id='word_1_127' title='bbox 497 1407 554 1447; x_wconf 86' lang='lat' dir='ltr'><strong>ait</strong></span> <span class='ocrx_word' id='word_1_128' title='bbox 575 1405 740 1447; x_wconf 85' lang='lat' dir='ltr'><strong>Servius</strong></span> <span class='ocrx_word' id='word_1_129' title='bbox 763 1405 831 1461; x_wconf 90' lang='lat' dir='ltr'><strong>(cf.</strong></span> 
     </span>
     <span class='ocr_line' id='line_1_20' title="bbox 100 1464 836 1505; baseline -0.001 -1"><span class='ocrx_word' id='word_1_130' title='bbox 100 1464 324 1505; x_wconf 74' lang='lat' dir='ltr'><strong>Addison’s</strong></span> <span class='ocrx_word' id='word_1_131' title='bbox 359 1466 560 1504; x_wconf 79' lang='lat' dir='ltr'><strong>Remarks</strong></span> <span class='ocrx_word' id='word_1_132' title='bbox 592 1481 645 1505; x_wconf 88' lang='lat' dir='ltr'><strong>on</strong></span> <span class='ocrx_word' id='word_1_133' title='bbox 678 1466 836 1505; x_wconf 73' lang='lat' dir='ltr'><strong>several</strong></span> 
     </span>
     <span class='ocr_line' id='line_1_21' title="bbox 98 1522 834 1578; baseline 0 -16"><span class='ocrx_word' id='word_1_134' title='bbox 98 1525 221 1562; x_wconf 74' lang='lat' dir='ltr'><strong>Parts</strong></span> <span class='ocrx_word' id='word_1_135' title='bbox 241 1522 297 1575; x_wconf 91' lang='lat' dir='ltr'><strong>os</strong></span> <span class='ocrx_word' id='word_1_136' title='bbox 316 1523 429 1576; x_wconf 62' lang='lat' dir='ltr'><strong>llah‘</strong></span> <span class='ocrx_word' id='word_1_137' title='bbox 450 1537 490 1576; x_wconf 93' lang='lat' dir='ltr'><strong>p.</strong></span> <span class='ocrx_word' id='word_1_138' title='bbox 512 1523 571 1578; x_wconf 88' lang='lat'><strong>6).</strong></span> <span class='ocrx_word' id='word_1_139' title='bbox 629 1524 735 1564; x_wconf 88' lang='lat' dir='ltr'><strong>Male</strong></span> <span class='ocrx_word' id='word_1_140' title='bbox 753 1523 834 1562; x_wconf 88' lang='lat' dir='ltr'><strong>hoc</strong></span> 
     </span>
     <span class='ocr_line' id='line_1_22' title="bbox 96 1580 833 1622; baseline 0 -2"><span class='ocrx_word' id='word_1_141' title='bbox 96 1581 141 1620; x_wconf 85' lang='lat' dir='ltr'><strong>in</strong></span> <span class='ocrx_word' id='word_1_142' title='bbox 160 1580 233 1620; x_wconf 85' lang='lat' dir='ltr'><strong>tali</strong></span> <span class='ocrx_word' id='word_1_143' title='bbox 260 1582 437 1620; x_wconf 84' lang='lat' dir='ltr'><strong>carmine</strong></span> <span class='ocrx_word' id='word_1_144' title='bbox 456 1588 495 1620; x_wconf 85' lang='lat' dir='ltr'><strong>et</strong></span> <span class='ocrx_word' id='word_1_145' title='bbox 514 1583 557 1622; x_wconf 89' lang='lat' dir='ltr'><strong>in</strong></span> <span class='ocrx_word' id='word_1_146' title='bbox 576 1583 650 1622; x_wconf 84' lang='lat' dir='ltr'><strong>tali</strong></span> <span class='ocrx_word' id='word_1_147' title='bbox 667 1583 757 1622; x_wconf 87' lang='lat' dir='ltr'><strong>loco</strong></span> <span class='ocrx_word' id='word_1_148' title='bbox 779 1582 833 1620; x_wconf 86' lang='lat' dir='ltr'><strong>ad</strong></span> 
     </span>
     <span class='ocr_line' id='line_1_23' title="bbox 97 1639 832 1680; baseline 0.003 -2"><span class='ocrx_word' id='word_1_149' title='bbox 97 1639 245 1678; x_wconf 88' lang='lat' dir='ltr'><strong>malam</strong></span> <span class='ocrx_word' id='word_1_150' title='bbox 281 1639 405 1679; x_wconf 86' lang='lat' dir='ltr'><strong>fidem</strong></span> <span class='ocrx_word' id='word_1_151' title='bbox 434 1639 585 1680; x_wconf 85' lang='lat' dir='ltr'><strong>horum</strong></span> <span class='ocrx_word' id='word_1_152' title='bbox 617 1639 832 1680; x_wconf 84' lang='lat' dir='ltr'><strong>hominum</strong></span> 
     </span>
     <span class='ocr_line' id='line_1_24' title="bbox 97 1696 832 1748; baseline 0.001 -11"><span class='ocrx_word' id='word_1_153' title='bbox 97 1696 290 1748; x_wconf 65' lang='lat' dir='ltr'><strong>trahitur,</strong></span> <span class='ocrx_word' id='word_1_154' title='bbox 308 1704 359 1738; x_wconf 86' lang='lat' dir='ltr'><strong>ut</strong></span> <span class='ocrx_word' id='word_1_155' title='bbox 367 1699 500 1737; x_wconf 84' lang='lat' dir='ltr'><strong>facere</strong></span> <span class='ocrx_word' id='word_1_156' title='bbox 510 1699 695 1739; x_wconf 76' lang='lat' dir='ltr'><strong>videmus</strong></span> <span class='ocrx_word' id='word_1_157' title='bbox 708 1700 832 1738; x_wconf 69' lang='lat' dir='ltr'><strong>enam</strong></span> 
     </span>
     <span class='ocr_line' id='line_1_25' title="bbox 95 1755 830 1810; baseline 0 -13"><span class='ocrx_word' id='word_1_158' title='bbox 95 1769 300 1809; x_wconf 85' lang='lat' dir='ltr'><strong>nuperum</strong></span> <span class='ocrx_word' id='word_1_159' title='bbox 328 1757 570 1810; x_wconf 82' lang='lat' dir='ltr'><strong>scriptorem</strong></span> <span class='ocrx_word' id='word_1_160' title='bbox 604 1755 830 1810; x_wconf 68' lang='lat' dir='ltr'><strong>(Observa-</strong></span> 
     </span>
     <span class='ocr_line' id='line_1_26' title="bbox 96 1814 829 1870; baseline 0.005 -15"><span class='ocrx_word' id='word_1_161' title='bbox 96 1815 202 1855; x_wconf 73' lang='grc' dir='ltr'><strong><em>ίίοιιε</em></strong></span> <span class='ocrx_word' id='word_1_162' title='bbox 214 1828 286 1853; x_wconf 78' lang='lat' dir='ltr'><strong>sur</strong></span> <span class='ocrx_word' id='word_1_163' title='bbox 303 1815 340 1853; x_wconf 85' lang='lat' dir='ltr'><strong>l’</strong></span> <span class='ocrx_word' id='word_1_164' title='bbox 360 1816 484 1855; x_wconf 68' lang='lat' dir='ltr'><strong>Italic</strong></span> <span class='ocrx_word' id='word_1_165' title='bbox 506 1817 552 1856; x_wconf 91' lang='lat' dir='ltr'><strong>T.</strong></span> <span class='ocrx_word' id='word_1_166' title='bbox 568 1816 637 1865; x_wconf 88' lang='grc' dir='ltr'><strong>ΠΙ,</strong></span> <span class='ocrx_word' id='word_1_167' title='bbox 657 1830 696 1869; x_wconf 92' lang='lat' dir='ltr'><strong>p.</strong></span> <span class='ocrx_word' id='word_1_168' title='bbox 710 1814 829 1870; x_wconf 86' lang='grc'>279),</span> 
     </span>
     <span class='ocr_line' id='line_1_27' title="bbox 97 1872 829 1928; baseline 0 -16"><span class='ocrx_word' id='word_1_169' title='bbox 97 1885 192 1912; x_wconf 79' lang='lat' dir='ltr'><strong>cum</strong></span> <span class='ocrx_word' id='word_1_170' title='bbox 209 1872 351 1912; x_wconf 85' lang='lat' dir='ltr'><strong>eadem</strong></span> <span class='ocrx_word' id='word_1_171' title='bbox 378 1887 492 1913; x_wconf 89' lang='lat' dir='ltr'><strong>nunc</strong></span> <span class='ocrx_word' id='word_1_172' title='bbox 518 1874 653 1928; x_wconf 88' lang='lat' dir='ltr'><strong>opinio</strong></span> <span class='ocrx_word' id='word_1_173' title='bbox 676 1874 727 1913; x_wconf 87' lang='lat' dir='ltr'><strong>de</strong></span> <span class='ocrx_word' id='word_1_174' title='bbox 745 1874 829 1913; x_wconf 90' lang='lat' dir='ltr'><strong>Ge-</strong></span> 
     </span>
     <span class='ocr_line' id='line_1_28' title="bbox 96 1930 829 1985; baseline 0.001 -15"><span class='ocrx_word' id='word_1_175' title='bbox 96 1930 311 1970; x_wconf 82' lang='lat' dir='ltr'><strong>nuensium</strong></span> <span class='ocrx_word' id='word_1_176' title='bbox 345 1931 508 1985; x_wconf 87' lang='lat' dir='ltr'><strong>ingenio</strong></span> <span class='ocrx_word' id='word_1_177' title='bbox 548 1933 658 1973; x_wconf 86' lang='lat' dir='ltr'><strong>inter</strong></span> <span class='ocrx_word' id='word_1_178' title='bbox 704 1933 829 1972; x_wconf 81' lang='lat' dir='ltr'><strong>Italos</strong></span> 
     </span>
     <span class='ocr_line' id='line_1_29' title="bbox 97 1989 827 2045; baseline 0 -16"><span class='ocrx_word' id='word_1_179' title='bbox 97 1989 291 2030; x_wconf 72' lang='lat' dir='ltr'><strong>obtineat.</strong></span> <span class='ocrx_word' id='word_1_180' title='bbox 337 1989 448 2030; x_wconf 85' lang='lat' dir='ltr'><strong>Idem</strong></span> <span class='ocrx_word' id='word_1_181' title='bbox 466 1998 609 2031; x_wconf 80' lang='lat' dir='ltr'><strong>auctor</strong></span> <span class='ocrx_word' id='word_1_182' title='bbox 626 1989 827 2045; x_wconf 80' lang='lat' dir='ltr'><strong>(Grosley,</strong></span> 
     </span>
     <span class='ocr_line' id='line_1_30' title="bbox 98 2047 828 2103; baseline 0.001 -17"><span class='ocrx_word' id='word_1_183' title='bbox 98 2047 144 2086; x_wconf 88' lang='grc' dir='ltr'><strong>Τ.</strong></span> <span class='ocrx_word' id='word_1_184' title='bbox 165 2047 215 2098; x_wconf 84' lang='lat'><strong>11,</strong></span> <span class='ocrx_word' id='word_1_185' title='bbox 232 2062 272 2101; x_wconf 88' lang='lat' dir='ltr'><strong>p.</strong></span> <span class='ocrx_word' id='word_1_186' title='bbox 292 2047 391 2091; x_wconf 84' lang='lat'><strong>413.</strong></span> <span class='ocrx_word' id='word_1_187' title='bbox 416 2048 520 2103; x_wconf 83' lang='lat'>414)</span> <span class='ocrx_word' id='word_1_188' title='bbox 541 2055 675 2099; x_wconf 86' lang='lat' dir='ltr'><strong>recte,</strong></span> <span class='ocrx_word' id='word_1_189' title='bbox 705 2063 828 2101; x_wconf 90' lang='lat' dir='ltr'><strong>quam</strong></span> 
     </span>
     <span class='ocr_line' id='line_1_31' title="bbox 97 2104 837 2157; baseline 0.001 -13"><span class='ocrx_word' id='word_1_190' title='bbox 97 2104 259 2145; x_wconf 80' lang='lat' dir='ltr'><strong>diversa</strong></span> <span class='ocrx_word' id='word_1_191' title='bbox 289 2107 409 2146; x_wconf 80' lang='lat' dir='ltr'><strong>facies</strong></span> <span class='ocrx_word' id='word_1_192' title='bbox 443 2108 582 2147; x_wconf 85' lang='lat' dir='ltr'><strong>Italiae</strong></span> <span class='ocrx_word' id='word_1_193' title='bbox 613 2122 727 2147; x_wconf 81' lang='lat' dir='ltr'><strong>nunc</strong></span> <span class='ocrx_word' id='word_1_194' title='bbox 753 2107 837 2157; x_wconf 68' lang='lat' dir='ltr'><strong>sit,-</strong></span> 
     </span>
     <span class='ocr_line' id='line_1_32' title="bbox 98 2163 831 2218; baseline 0.001 -16"><span class='ocrx_word' id='word_1_195' title='bbox 98 2163 301 2215; x_wconf 82' lang='lat' dir='ltr'><strong>observat,</strong></span> <span class='ocrx_word' id='word_1_196' title='bbox 320 2171 362 2203; x_wconf 84' lang='lat' dir='ltr'><strong>et</strong></span> <span class='ocrx_word' id='word_1_197' title='bbox 380 2178 503 2216; x_wconf 90' lang='lat' dir='ltr'><strong>quam</strong></span> <span class='ocrx_word' id='word_1_198' title='bbox 517 2180 663 2218; x_wconf 83' lang='lat' dir='ltr'><strong>parum</strong></span> <span class='ocrx_word' id='word_1_199' title='bbox 679 2166 723 2204; x_wconf 88' lang='lat' dir='ltr'><strong>in</strong></span> <span class='ocrx_word' id='word_1_200' title='bbox 743 2179 831 2204; x_wconf 89' lang='lat' dir='ltr'><strong>eam</strong></span> 
     </span>
     <span class='ocr_line' id='line_1_33' title="bbox 98 2221 831 2276; baseline 0.003 -16"><span class='ocrx_word' id='word_1_201' title='bbox 98 2221 220 2261; x_wconf 83' lang='lat' dir='ltr'><strong>cadat</strong></span> <span class='ocrx_word' id='word_1_202' title='bbox 254 2222 438 2275; x_wconf 83' lang='lat' dir='ltr'><strong>inprimis</strong></span> <span class='ocrx_word' id='word_1_203' title='bbox 473 2224 579 2264; x_wconf 83' lang='lat' dir='ltr'><strong>illud</strong></span> <span class='ocrx_word' id='word_1_204' title='bbox 597 2240 607 2263; x_wconf 78' lang='lat' dir='ltr'>z</span> <span class='ocrx_word' id='word_1_205' title='bbox 659 2226 831 2276; x_wconf 74' lang='lat' dir='ltr'><strong>Magna</strong></span> 
     </span>
     <span class='ocr_line' id='line_1_34' title="bbox 90 2280 828 2335; baseline 0.001 -17"><span class='ocrx_word' id='word_1_206' title='bbox 90 2294 243 2331; x_wconf 76' lang='lat' dir='ltr'><strong>parens</strong></span> <span class='ocrx_word' id='word_1_207' title='bbox 246 2280 451 2333; x_wconf 76' lang='lat' dir='ltr'><strong>frugum,</strong></span> <span class='ocrx_word' id='word_1_208' title='bbox 484 2297 642 2335; x_wconf 80' lang='lat' dir='ltr'><strong>magna</strong></span> <span class='ocrx_word' id='word_1_209' title='bbox 668 2283 828 2322; x_wconf 71' lang='lat' dir='ltr'><strong>virum!</strong></span> 
     </span>
     <span class='ocr_line' id='line_1_35' title="bbox 104 2338 830 2391; baseline 0 -13"><span class='ocrx_word' id='word_1_210' title='bbox 104 2338 247 2378; x_wconf 80' lang='lat' dir='ltr'><strong>Volsci</strong></span> <span class='ocrx_word' id='word_1_211' title='bbox 273 2345 411 2378; x_wconf 88' lang='lat' dir='ltr'><strong>autem</strong></span> <span class='ocrx_word' id='word_1_212' title='bbox 439 2343 570 2380; x_wconf 67' lang='lat' dir='ltr'><strong>veruti</strong></span> <span class='ocrx_word' id='word_1_213' title='bbox 582 2371 594 2391; x_wconf 91' lang='lat'><em>‚</em></span> <span class='ocrx_word' id='word_1_214' title='bbox 627 2339 669 2379; x_wconf 89' lang='lat' dir='ltr'><strong>h.</strong></span> <span class='ocrx_word' id='word_1_215' title='bbox 689 2339 830 2379; x_wconf 86' lang='lat' dir='ltr'><strong>hastae</strong></span> 
     </span>
     <span class='ocr_line' id='line_1_36' title="bbox 96 2396 830 2452; baseline 0.003 -17"><span class='ocrx_word' id='word_1_216' title='bbox 96 2409 263 2449; x_wconf 77' lang='lat' dir='ltr'><strong>genere,</strong></span> <span class='ocrx_word' id='word_1_217' title='bbox 310 2412 406 2437; x_wconf 73' lang='lat' dir='ltr'><strong>veru</strong></span> <span class='ocrx_word' id='word_1_218' title='bbox 453 2396 576 2452; x_wconf 74' lang='lat' dir='ltr'><strong>(vem</strong></span> <span class='ocrx_word' id='word_1_219' title='bbox 623 2398 830 2439; x_wconf 75' lang='lat' dir='ltr'><strong>Sabellum</strong></span> 
     </span>
     <span class='ocr_line' id='line_1_37' title="bbox 98 2453 829 2512; baseline 0.005 -20"><span class='ocrx_word' id='word_1_220' title='bbox 98 2453 197 2493; x_wconf 80' lang='lat' dir='ltr'><strong>Aen.</strong></span> <span class='ocrx_word' id='word_1_221' title='bbox 227 2455 314 2506; x_wconf 87' lang='lat' dir='ltr'><strong>VII,</strong></span> <span class='ocrx_word' id='word_1_222' title='bbox 342 2455 426 2499; x_wconf 88' lang='lat'><strong>665</strong></span> <span class='ocrx_word' id='word_1_223' title='bbox 454 2455 603 2512; x_wconf 75' lang='lat' dir='ltr'><strong>dixit),</strong></span> <span class='ocrx_word' id='word_1_224' title='bbox 643 2470 716 2496; x_wconf 88' lang='lat' dir='ltr'><strong>seu</strong></span> <span class='ocrx_word' id='word_1_225' title='bbox 746 2457 829 2496; x_wconf 89' lang='lat' dir='ltr'><strong>telo</strong></span> 
     </span>
     <span class='ocr_line' id='line_1_38' title="bbox 100 2514 829 2568; baseline 0.003 -15"><span class='ocrx_word' id='word_1_226' title='bbox 100 2519 246 2553; x_wconf 86' lang='lat' dir='ltr'><strong>veruto</strong></span> <span class='ocrx_word' id='word_1_227' title='bbox 263 2544 275 2564; x_wconf 90' lang='lat'><strong>,</strong></span> <span class='ocrx_word' id='word_1_228' title='bbox 315 2515 472 2554; x_wconf 83' lang='lat' dir='ltr'><strong>armati.</strong></span> <span class='ocrx_word' id='word_1_229' title='bbox 539 2514 724 2568; x_wconf 76' lang='lat' dir='ltr'><strong>Apparet</strong></span> <span class='ocrx_word' id='word_1_230' title='bbox 753 2529 829 2555; x_wconf 88' lang='lat' dir='ltr'><strong>au-</strong></span> 
     </span>
     <span class='ocr_line' id='line_1_39' title="bbox 101 2572 829 2627; baseline 0.007 -18"><span class='ocrx_word' id='word_1_231' title='bbox 101 2577 194 2621; x_wconf 80' lang='lat' dir='ltr'><strong>tem,</strong></span> <span class='ocrx_word' id='word_1_232' title='bbox 224 2572 337 2623; x_wconf 85' lang='lat' dir='ltr'><strong>quod</strong></span> <span class='ocrx_word' id='word_1_233' title='bbox 352 2586 431 2612; x_wconf 86' lang='lat' dir='ltr'><strong>usu</strong></span> <span class='ocrx_word' id='word_1_234' title='bbox 448 2574 654 2613; x_wconf 88' lang='lat' dir='ltr'><strong>communi</strong></span> <span class='ocrx_word' id='word_1_235' title='bbox 672 2573 829 2627; x_wconf 89' lang='lat' dir='ltr'><strong>simpli-</strong></span> 
     </span>
     <span class='ocr_line' id='line_1_40' title="bbox 99 2629 829 2686; baseline 0.004 -18"><span class='ocrx_word' id='word_1_236' title='bbox 99 2629 200 2668; x_wconf 87' lang='lat' dir='ltr'><strong>citer</strong></span> <span class='ocrx_word' id='word_1_237' title='bbox 216 2629 397 2669; x_wconf 72' lang='lat' dir='ltr'><strong>vet-idum</strong></span> <span class='ocrx_word' id='word_1_238' title='bbox 412 2638 598 2681; x_wconf 81' lang='lat' dir='ltr'><strong>vocatur,</strong></span> <span class='ocrx_word' id='word_1_239' title='bbox 629 2645 712 2670; x_wconf 82' lang='lat' dir='ltr'><strong>esse</strong></span> <span class='ocrx_word' id='word_1_240' title='bbox 729 2647 829 2686; x_wconf 90' lang='lat' dir='ltr'><strong>pro-</strong></span> 
     </span>
     <span class='ocr_line' id='line_1_41' title="bbox 78 2687 829 2741; baseline 0.005 -16"><span class='ocrx_word' id='word_1_241' title='bbox 78 2708 82 2715; x_wconf 88' lang='lat'>·</span> <span class='ocrx_word' id='word_1_242' title='bbox 99 2687 395 2740; x_wconf 75' lang='lat' dir='ltr'><strong>prieverutum</strong></span> <span class='ocrx_word' id='word_1_243' title='bbox 411 2690 538 2729; x_wconf 88' lang='lat' dir='ltr'><strong>telum</strong></span> <span class='ocrx_word' id='word_1_244' title='bbox 557 2691 623 2729; x_wconf 85' lang='lat' dir='ltr'><strong>vel</strong></span> <span class='ocrx_word' id='word_1_245' title='bbox 639 2691 829 2741; x_wconf 78' lang='lat' dir='ltr'><strong>iaculum,</strong></span> 
     </span>
    </p>
   </div>
   <div class='ocr_carea' id='block_1_7' title="bbox 99 2746 830 2788">
    <p class='ocr_par' dir='ltr' id='par_1_7' title="bbox 99 2746 830 2788">
     <span class='ocr_line' id='line_1_42' title="bbox 99 2746 830 2788; baseline 0.005 -4"><span class='ocrx_word' id='word_1_246' title='bbox 99 2758 204 2784; x_wconf 85' lang='lat' dir='ltr'><strong>veru</strong></span> <span class='ocrx_word' id='word_1_247' title='bbox 232 2746 480 2786; x_wconf 76' lang='lat' dir='ltr'><strong>instructum</strong></span> <span class='ocrx_word' id='word_1_248' title='bbox 524 2763 572 2787; x_wconf 90' lang='lat' dir='ltr'><strong>ac</strong></span> <span class='ocrx_word' id='word_1_249' title='bbox 611 2750 830 2788; x_wconf 87' lang='lat' dir='ltr'><strong>munitum.</strong></span> 
     </span>
    </p>
   </div>
   <div class='ocr_carea' id='block_1_8' title="bbox 100 2803 829 2902">
    <p class='ocr_par' dir='ltr' id='par_1_8' title="bbox 100 2803 829 2902">
     <span class='ocr_line' id='line_1_43' title="bbox 102 2803 829 2855; baseline 0.004 -13"><span class='ocrx_word' id='word_1_250' title='bbox 102 2803 322 2855; x_wconf 79' lang='lat' dir='ltr'><strong>Scipiadas</strong></span> <span class='ocrx_word' id='word_1_251' title='bbox 336 2805 456 2845; x_wconf 80' lang='lat' dir='ltr'><strong>duros</strong></span> <span class='ocrx_word' id='word_1_252' title='bbox 477 2806 587 2850; x_wconf 32' lang='lat' dir='ltr'><strong>bellos</strong></span> <span class='ocrx_word' id='word_1_253' title='bbox 597 2806 639 2846; x_wconf 91' lang='lat' dir='ltr'><strong>h.</strong></span> <span class='ocrx_word' id='word_1_254' title='bbox 656 2807 829 2847; x_wconf 74' lang='lat' dir='ltr'><strong>indura-</strong></span> 
     </span>
     <span class='ocr_line' id='line_1_44' title="bbox 100 2861 421 2902; baseline 0.006 -2"><span class='ocrx_word' id='word_1_255' title='bbox 100 2867 165 2900; x_wconf 88' lang='lat' dir='ltr'><strong>tos</strong></span> <span class='ocrx_word' id='word_1_256' title='bbox 183 2861 237 2902; x_wconf 84' lang='lat' dir='ltr'><strong>ad</strong></span> <span class='ocrx_word' id='word_1_257' title='bbox 257 2861 421 2902; x_wconf 84' lang='lat' dir='ltr'><strong>bellum.</strong></span> 
     </span>
    </p>
   </div>
   <div class='ocr_carea' id='block_1_9' title="bbox 101 2922 829 3032">
    <p class='ocr_par' dir='ltr' id='par_1_9' title="bbox 101 2922 829 3032">
     <span class='ocr_line' id='line_1_45' title="bbox 161 2922 829 2963; baseline 0.003 -3"><span class='ocrx_word' id='word_1_258' title='bbox 161 2922 239 2962; x_wconf 87' lang='grc'><strong>171</strong></span> <span class='ocrx_word' id='word_1_259' title='bbox 265 2941 325 2949; x_wconf 86' lang='grc'><strong>-·</strong></span> <span class='ocrx_word' id='word_1_260' title='bbox 346 2923 441 2963; x_wconf 91' lang='grc'>173.</span> <span class='ocrx_word' id='word_1_261' title='bbox 478 2923 533 2960; x_wconf 88' lang='lat' dir='ltr'><strong>Ut</strong></span> <span class='ocrx_word' id='word_1_262' title='bbox 558 2922 707 2962; x_wconf 89' lang='lat' dir='ltr'><strong>horum</strong></span> <span class='ocrx_word' id='word_1_263' title='bbox 731 2937 829 2963; x_wconf 83' lang='lat' dir='ltr'><strong>ver-</strong></span> 
     </span>
     <span class='ocr_line' id='line_1_46' title="bbox 101 2980 828 3032; baseline 0.007 -16"><span class='ocrx_word' id='word_1_264' title='bbox 101 2990 221 3017; x_wconf 89' lang='lat' dir='ltr'><strong>suum</strong></span> <span class='ocrx_word' id='word_1_265' title='bbox 255 2980 472 3027; x_wconf 78' lang='lat' dir='ltr'><strong>sententiae</strong></span> <span class='ocrx_word' id='word_1_266' title='bbox 510 2980 611 3019; x_wconf 79' lang='lat' dir='ltr'><strong>fides</strong></span> <span class='ocrx_word' id='word_1_267' title='bbox 658 2988 828 3032; x_wconf 85' lang='lat' dir='ltr'><strong>constet,</strong></span> 
     </span>
    </p>
   </div>
   <div class='ocr_carea' id='block_1_10' title="bbox 562 842 1155 888">
    <p class='ocr_par' dir='ltr' id='par_1_10' title="bbox 562 842 1155 888">
     <span class='ocr_line' id='line_1_47' title="bbox 562 842 1155 888; baseline -0.003 -10"><span class='ocrx_word' id='word_1_268' title='bbox 562 844 629 878; x_wconf 88' lang='lat'><strong>171</strong></span> <span class='ocrx_word' id='word_1_269' title='bbox 654 842 828 876; x_wconf 77' lang='lat' dir='ltr'><strong>extremis</strong></span> <span class='ocrx_word' id='word_1_270' title='bbox 844 843 956 876; x_wconf 83' lang='lat' dir='ltr'><strong>aciem</strong></span> <span class='ocrx_word' id='word_1_271' title='bbox 972 842 1083 877; x_wconf 80' lang='lat' dir='ltr'><strong>Goth.</strong></span> <span class='ocrx_word' id='word_1_272' title='bbox 1100 854 1155 888; x_wconf 87' lang='lat' dir='ltr'><strong>pr.</strong></span> 
     </span>
    </p>
   </div>
   <div class='ocr_carea' id='block_1_11' title="bbox 882 942 1624 3033">
    <p class='ocr_par' dir='ltr' id='par_1_11' title="bbox 882 942 1624 3033">
     <span class='ocr_line' id='line_1_48' title="bbox 889 942 1624 982; baseline -0.003 0"><span class='ocrx_word' id='word_1_273' title='bbox 889 956 983 982; x_wconf 87' lang='lat' dir='ltr'><strong>cum</strong></span> <span class='ocrx_word' id='word_1_274' title='bbox 999 942 1139 981; x_wconf 85' lang='lat' dir='ltr'><strong>Ruaeo</strong></span> <span class='ocrx_word' id='word_1_275' title='bbox 1166 947 1207 981; x_wconf 88' lang='lat' dir='ltr'><strong>et</strong></span> <span class='ocrx_word' id='word_1_276' title='bbox 1226 942 1397 981; x_wconf 86' lang='lat' dir='ltr'><strong>Catroeo</strong></span> <span class='ocrx_word' id='word_1_277' title='bbox 1418 942 1624 981; x_wconf 80' lang='lat' dir='ltr'><strong>Burman-</strong></span> 
     </span>
     <span class='ocr_line' id='line_1_49' title="bbox 889 1000 1623 1053; baseline -0.003 -13"><span class='ocrx_word' id='word_1_278' title='bbox 889 1014 967 1040; x_wconf 85' lang='lat' dir='ltr'><strong>nus</strong></span> <span class='ocrx_word' id='word_1_279' title='bbox 983 1013 1050 1039; x_wconf 89' lang='lat' dir='ltr'><strong>eos</strong></span> <span class='ocrx_word' id='word_1_280' title='bbox 1068 1001 1196 1039; x_wconf 90' lang='lat' dir='ltr'><strong>altera</strong></span> <span class='ocrx_word' id='word_1_281' title='bbox 1206 1000 1480 1053; x_wconf 83' lang='lat' dir='ltr'><strong>recognitione</strong></span> <span class='ocrx_word' id='word_1_282' title='bbox 1491 1000 1623 1039; x_wconf 88' lang='lat' dir='ltr'><strong>inser-</strong></span> 
     </span>
     <span class='ocr_line' id='line_1_50' title="bbox 888 1058 1621 1111; baseline 0 -14"><span class='ocrx_word' id='word_1_283' title='bbox 888 1065 953 1097; x_wconf 90' lang='lat' dir='ltr'><strong>tos</strong></span> <span class='ocrx_word' id='word_1_284' title='bbox 974 1072 1057 1097; x_wconf 87' lang='lat' dir='ltr'><strong>esse</strong></span> <span class='ocrx_word' id='word_1_285' title='bbox 1091 1058 1239 1108; x_wconf 88' lang='lat' dir='ltr'><strong>credit,</strong></span> <span class='ocrx_word' id='word_1_286' title='bbox 1280 1059 1328 1098; x_wconf 91' lang='lat' dir='ltr'><strong>U.</strong></span> <span class='ocrx_word' id='word_1_287' title='bbox 1352 1060 1394 1098; x_wconf 92' lang='lat' dir='ltr'><strong>C.</strong></span> <span class='ocrx_word' id='word_1_288' title='bbox 1410 1058 1509 1108; x_wconf 79' lang='lat'><strong>734,</strong></span> <span class='ocrx_word' id='word_1_289' title='bbox 1540 1072 1621 1111; x_wconf 91' lang='lat' dir='ltr'><strong>quo</strong></span> 
     </span>
     <span class='ocr_line' id='line_1_51' title="bbox 890 1112 1621 1170; baseline 0 -14"><span class='ocrx_word' id='word_1_290' title='bbox 890 1116 1096 1170; x_wconf 84' lang='lat' dir='ltr'><strong>Augustus</strong></span> <span class='ocrx_word' id='word_1_291' title='bbox 1112 1118 1154 1156; x_wconf 87' lang='lat' dir='ltr'><strong>in</strong></span> <span class='ocrx_word' id='word_1_292' title='bbox 1175 1117 1268 1155; x_wconf 74' lang='lat' dir='ltr'><strong>Asia</strong></span> <span class='ocrx_word' id='word_1_293' title='bbox 1289 1112 1400 1170; x_wconf 84' lang='lat' dir='ltr'><strong>signa</strong></span> <span class='ocrx_word' id='word_1_294' title='bbox 1419 1131 1441 1155; x_wconf 90' lang='lat' dir='ltr'><strong>a</strong></span> <span class='ocrx_word' id='word_1_295' title='bbox 1459 1116 1621 1156; x_wconf 88' lang='lat' dir='ltr'><strong>Parthis</strong></span> 
     </span>
     <span class='ocr_line' id='line_1_52' title="bbox 888 1174 1622 1228; baseline -0.001 -12"><span class='ocrx_word' id='word_1_296' title='bbox 888 1175 1043 1228; x_wconf 87' lang='lat' dir='ltr'><strong>recepit</strong></span> <span class='ocrx_word' id='word_1_297' title='bbox 1084 1182 1126 1215; x_wconf 88' lang='lat' dir='ltr'><strong>et</strong></span> <span class='ocrx_word' id='word_1_298' title='bbox 1163 1175 1292 1214; x_wconf 85' lang='lat' dir='ltr'><strong>Medis</strong></span> <span class='ocrx_word' id='word_1_299' title='bbox 1328 1189 1468 1228; x_wconf 85' lang='lat' dir='ltr'><strong>pacem</strong></span> <span class='ocrx_word' id='word_1_300' title='bbox 1496 1174 1622 1215; x_wconf 82' lang='lat' dir='ltr'><strong>dedit.</strong></span> 
     </span>
     <span class='ocr_line' id='line_1_53' title="bbox 890 1231 1621 1288; baseline -0.001 -16"><span class='ocrx_word' id='word_1_301' title='bbox 890 1232 992 1288; x_wconf 79' lang='lat' dir='ltr'><strong>(vid.</strong></span> <span class='ocrx_word' id='word_1_302' title='bbox 1014 1234 1063 1273; x_wconf 88' lang='lat' dir='ltr'><strong>V.</strong></span> <span class='ocrx_word' id='word_1_303' title='bbox 1077 1234 1121 1273; x_wconf 92' lang='lat' dir='ltr'><strong>L.</strong></span> <span class='ocrx_word' id='word_1_304' title='bbox 1141 1234 1193 1272; x_wconf 90' lang='lat' dir='ltr'><strong>ad</strong></span> <span class='ocrx_word' id='word_1_305' title='bbox 1214 1234 1285 1273; x_wconf 88' lang='lat' dir='ltr'><strong>Ge.</strong></span> <span class='ocrx_word' id='word_1_306' title='bbox 1303 1234 1369 1284; x_wconf 92' lang='lat' dir='ltr'><strong>IV,</strong></span> <span class='ocrx_word' id='word_1_307' title='bbox 1386 1236 1484 1275; x_wconf 86' lang='grc'>203.</span> <span class='ocrx_word' id='word_1_308' title='bbox 1502 1231 1621 1287; x_wconf 85' lang='lat' dir='ltr'><strong>Wr.)</strong></span> 
     </span>
     <span class='ocr_line' id='line_1_54' title="bbox 889 1291 1621 1343; baseline 0 -12"><span class='ocrx_word' id='word_1_309' title='bbox 889 1293 962 1331; x_wconf 87' lang='lat' dir='ltr'><strong>Est</strong></span> <span class='ocrx_word' id='word_1_310' title='bbox 974 1292 1075 1331; x_wconf 87' lang='lat' dir='ltr'><strong>adeo</strong></span> <span class='ocrx_word' id='word_1_311' title='bbox 1094 1292 1159 1332; x_wconf 87' lang='lat' dir='ltr'><strong>vir</strong></span> <span class='ocrx_word' id='word_1_312' title='bbox 1177 1291 1334 1342; x_wconf 84' lang='lat' dir='ltr'><strong>doctus,</strong></span> <span class='ocrx_word' id='word_1_313' title='bbox 1354 1292 1424 1343; x_wconf 90' lang='lat' dir='ltr'><strong>qui</strong></span> <span class='ocrx_word' id='word_1_314' title='bbox 1434 1305 1513 1331; x_wconf 77' lang='lat' dir='ltr'><strong>VSS.</strong></span> <span class='ocrx_word' id='word_1_315' title='bbox 1526 1294 1621 1334; x_wconf 90' lang='lat'><strong>171.</strong></span> 
     </span>
     <span class='ocr_line' id='line_1_55' title="bbox 893 1350 1622 1400; baseline -0.005 -8"><span class='ocrx_word' id='word_1_316' title='bbox 893 1353 976 1392; x_wconf 90' lang='grc'><strong>172</strong></span> <span class='ocrx_word' id='word_1_317' title='bbox 994 1350 1196 1390; x_wconf 86' lang='lat' dir='ltr'><strong>tollendos</strong></span> <span class='ocrx_word' id='word_1_318' title='bbox 1220 1363 1302 1388; x_wconf 89' lang='lat' dir='ltr'><strong>esse</strong></span> <span class='ocrx_word' id='word_1_319' title='bbox 1329 1356 1502 1400; x_wconf 87' lang='lat' dir='ltr'><strong>censeat,</strong></span> <span class='ocrx_word' id='word_1_320' title='bbox 1529 1363 1622 1388; x_wconf 90' lang='lat' dir='ltr'><strong>cum</strong></span> 
     </span>
     <span class='ocr_line' id='line_1_56' title="bbox 889 1407 1622 1452; baseline -0.003 -4"><span class='ocrx_word' id='word_1_321' title='bbox 889 1422 965 1448; x_wconf 90' lang='lat' dir='ltr'><strong>nec</strong></span> <span class='ocrx_word' id='word_1_322' title='bbox 988 1423 1023 1448; x_wconf 89' lang='lat' dir='ltr'><strong>a.</strong></span> <span class='ocrx_word' id='word_1_323' title='bbox 1052 1407 1138 1452; x_wconf 83' lang='lat'><strong>724</strong></span> <span class='ocrx_word' id='word_1_324' title='bbox 1155 1421 1231 1448; x_wconf 87' lang='lat' dir='ltr'><strong>nec</strong></span> <span class='ocrx_word' id='word_1_325' title='bbox 1252 1407 1338 1451; x_wconf 82' lang='lat'><strong>734</strong></span> <span class='ocrx_word' id='word_1_326' title='bbox 1352 1408 1451 1448; x_wconf 80' lang='lat' dir='ltr'><strong>satis</strong></span> <span class='ocrx_word' id='word_1_327' title='bbox 1470 1421 1622 1447; x_wconf 86' lang='lat' dir='ltr'><strong>conve-</strong></span> 
     </span>
     <span class='ocr_line' id='line_1_57' title="bbox 890 1466 1621 1519; baseline -0.003 -13"><span class='ocrx_word' id='word_1_328' title='bbox 890 1467 1018 1506; x_wconf 88' lang='lat' dir='ltr'><strong>niant.</strong></span> <span class='ocrx_word' id='word_1_329' title='bbox 1078 1466 1348 1519; x_wconf 85' lang='lat' dir='ltr'><strong>Cogitandum</strong></span> <span class='ocrx_word' id='word_1_330' title='bbox 1364 1473 1502 1506; x_wconf 87' lang='lat' dir='ltr'><strong>tamen</strong></span> <span class='ocrx_word' id='word_1_331' title='bbox 1520 1472 1621 1516; x_wconf 88' lang='lat' dir='ltr'><strong>erat,</strong></span> 
     </span>
     <span class='ocr_line' id='line_1_58' title="bbox 889 1524 1621 1579; baseline -0.003 -14"><span class='ocrx_word' id='word_1_332' title='bbox 889 1540 965 1565; x_wconf 88' lang='lat' dir='ltr'><strong>nos</strong></span> <span class='ocrx_word' id='word_1_333' title='bbox 990 1525 1033 1564; x_wconf 91' lang='lat' dir='ltr'><strong>in</strong></span> <span class='ocrx_word' id='word_1_334' title='bbox 1062 1531 1207 1579; x_wconf 84' lang='lat' dir='ltr'><strong>poeta,</strong></span> <span class='ocrx_word' id='word_1_335' title='bbox 1248 1525 1398 1564; x_wconf 88' lang='lat' dir='ltr'><strong>nonin</strong></span> <span class='ocrx_word' id='word_1_336' title='bbox 1425 1524 1621 1564; x_wconf 86' lang='lat' dir='ltr'><strong>historico</strong></span> 
     </span>
     <span class='ocr_line' id='line_1_59' title="bbox 888 1584 1622 1635; baseline -0.001 -13"><span class='ocrx_word' id='word_1_337' title='bbox 888 1584 1044 1623; x_wconf 86' lang='lat' dir='ltr'><strong>versari</strong></span> <span class='ocrx_word' id='word_1_338' title='bbox 1063 1599 1074 1635; x_wconf 83' lang='lat'><em>3</em></span> <span class='ocrx_word' id='word_1_339' title='bbox 1132 1596 1355 1635; x_wconf 82' lang='lat' dir='ltr'><strong>versusque</strong></span> <span class='ocrx_word' id='word_1_340' title='bbox 1407 1596 1491 1622; x_wconf 87' lang='lat' dir='ltr'><strong>esse</strong></span> <span class='ocrx_word' id='word_1_341' title='bbox 1536 1589 1622 1622; x_wconf 92' lang='lat' dir='ltr'><strong>tam</strong></span> 
     </span>
     <span class='ocr_line' id='line_1_60' title="bbox 887 1641 1621 1695; baseline -0.001 -14"><span class='ocrx_word' id='word_1_342' title='bbox 887 1642 1117 1695; x_wconf 85' lang='lat' dir='ltr'><strong>praeclaros</strong></span> <span class='ocrx_word' id='word_1_343' title='bbox 1130 1672 1141 1692; x_wconf 90' lang='lat'><strong>,</strong></span> <span class='ocrx_word' id='word_1_344' title='bbox 1171 1648 1221 1680; x_wconf 91' lang='lat' dir='ltr'><strong>ut</strong></span> <span class='ocrx_word' id='word_1_345' title='bbox 1239 1642 1313 1682; x_wconf 80' lang='lat' dir='ltr'><strong>vix</strong></span> <span class='ocrx_word' id='word_1_346' title='bbox 1331 1641 1381 1680; x_wconf 85' lang='lat' dir='ltr'><strong>ab</strong></span> <span class='ocrx_word' id='word_1_347' title='bbox 1400 1642 1535 1693; x_wconf 84' lang='lat' dir='ltr'><strong>aliquo</strong></span> <span class='ocrx_word' id='word_1_348' title='bbox 1554 1641 1621 1680; x_wconf 89' lang='lat' dir='ltr'><strong>in-</strong></span> 
     </span>
     <span class='ocr_line' id='line_1_61' title="bbox 887 1700 1622 1753; baseline -0.001 -14"><span class='ocrx_word' id='word_1_349' title='bbox 887 1700 1137 1753; x_wconf 87' lang='lat' dir='ltr'><strong>terpolatore</strong></span> <span class='ocrx_word' id='word_1_350' title='bbox 1156 1713 1223 1739; x_wconf 84' lang='lat' dir='ltr'><strong>eos</strong></span> <span class='ocrx_word' id='word_1_351' title='bbox 1242 1701 1446 1753; x_wconf 83' lang='lat' dir='ltr'><strong>profectos</strong></span> <span class='ocrx_word' id='word_1_352' title='bbox 1458 1713 1540 1738; x_wconf 90' lang='lat' dir='ltr'><strong>esse</strong></span> <span class='ocrx_word' id='word_1_353' title='bbox 1560 1713 1622 1738; x_wconf 77' lang='lat' dir='ltr'><strong>ar-</strong></span> 
     </span>
     <span class='ocr_line' id='line_1_62' title="bbox 886 1758 1623 1807; baseline -0.001 -10"><span class='ocrx_word' id='word_1_354' title='bbox 886 1758 1061 1798; x_wconf 87' lang='lat' dir='ltr'><strong>bitreris.</strong></span> <span class='ocrx_word' id='word_1_355' title='bbox 1120 1758 1247 1807; x_wconf 84' lang='lat' dir='ltr'><strong>Quod</strong></span> <span class='ocrx_word' id='word_1_356' title='bbox 1286 1764 1424 1798; x_wconf 82' lang='lat' dir='ltr'><strong>autem</strong></span> <span class='ocrx_word' id='word_1_357' title='bbox 1455 1758 1509 1797; x_wconf 87' lang='lat' dir='ltr'><strong>ad</strong></span> <span class='ocrx_word' id='word_1_358' title='bbox 1534 1772 1623 1796; x_wconf 90' lang='lat' dir='ltr'><strong>eam</strong></span> 
     </span>
     <span class='ocr_line' id='line_1_63' title="bbox 887 1817 1622 1870; baseline -0.001 -14"><span class='ocrx_word' id='word_1_359' title='bbox 887 1817 1118 1870; x_wconf 87' lang='lat' dir='ltr'><strong>opinionem</strong></span> <span class='ocrx_word' id='word_1_360' title='bbox 1145 1817 1318 1867; x_wconf 84' lang='lat' dir='ltr'><strong>attinet,</strong></span> <span class='ocrx_word' id='word_1_361' title='bbox 1359 1830 1440 1869; x_wconf 91' lang='lat' dir='ltr'><strong>qua</strong></span> <span class='ocrx_word' id='word_1_362' title='bbox 1472 1817 1622 1855; x_wconf 87' lang='lat' dir='ltr'><strong>seriore</strong></span> 
     </span>
     <span class='ocr_line' id='line_1_64' title="bbox 885 1875 1622 1928; baseline 0 -14"><span class='ocrx_word' id='word_1_363' title='bbox 885 1888 1013 1916; x_wconf 90' lang='lat' dir='ltr'><strong>manu</strong></span> <span class='ocrx_word' id='word_1_364' title='bbox 1036 1876 1087 1914; x_wconf 87' lang='lat' dir='ltr'><strong>ab</strong></span> <span class='ocrx_word' id='word_1_365' title='bbox 1116 1876 1203 1928; x_wconf 89' lang='lat' dir='ltr'><strong>ipso</strong></span> <span class='ocrx_word' id='word_1_366' title='bbox 1225 1881 1346 1928; x_wconf 86' lang='lat' dir='ltr'><strong>poeta</strong></span> <span class='ocrx_word' id='word_1_367' title='bbox 1372 1875 1514 1914; x_wconf 84' lang='lat' dir='ltr'><strong>inserti</strong></span> <span class='ocrx_word' id='word_1_368' title='bbox 1539 1888 1622 1914; x_wconf 88' lang='lat' dir='ltr'><strong>esse</strong></span> 
     </span>
     <span class='ocr_line' id='line_1_65' title="bbox 882 1933 1622 1987; baseline 0 -15"><span class='ocrx_word' id='word_1_369' title='bbox 882 1940 1104 1987; x_wconf 84' lang='lat' dir='ltr'><strong>putantur:</strong></span> <span class='ocrx_word' id='word_1_370' title='bbox 1123 1933 1310 1985; x_wconf 79' lang='lat' dir='ltr'><strong>equidem</strong></span> <span class='ocrx_word' id='word_1_371' title='bbox 1324 1933 1486 1973; x_wconf 87' lang='lat' dir='ltr'><strong>inbono</strong></span> <span class='ocrx_word' id='word_1_372' title='bbox 1502 1939 1622 1986; x_wconf 88' lang='lat' dir='ltr'><strong>poeta</strong></span> 
     </span>
     <span class='ocr_line' id='line_1_66' title="bbox 885 1991 1621 2044; baseline -0.003 -12"><span class='ocrx_word' id='word_1_373' title='bbox 885 1992 960 2032; x_wconf 80' lang='lat' dir='ltr'><strong>vix</strong></span> <span class='ocrx_word' id='word_1_374' title='bbox 985 1991 1066 2031; x_wconf 89' lang='lat' dir='ltr'><strong>hoc</strong></span> <span class='ocrx_word' id='word_1_375' title='bbox 1086 1992 1348 2044; x_wconf 86' lang='lat' dir='ltr'><strong>probandum</strong></span> <span class='ocrx_word' id='word_1_376' title='bbox 1381 1992 1558 2044; x_wconf 86' lang='lat' dir='ltr'><strong>putabo,</strong></span> <span class='ocrx_word' id='word_1_377' title='bbox 1588 1992 1621 2031; x_wconf 91' lang='lat' dir='ltr'><strong>si</strong></span> 
     </span>
     <span class='ocr_line' id='line_1_67' title="bbox 887 2050 1622 2102; baseline 0 -13"><span class='ocrx_word' id='word_1_378' title='bbox 887 2050 1037 2090; x_wconf 86' lang='lat' dir='ltr'><strong>diversi</strong></span> <span class='ocrx_word' id='word_1_379' title='bbox 1065 2051 1259 2102; x_wconf 84' lang='lat' dir='ltr'><strong>temporis</strong></span> <span class='ocrx_word' id='word_1_380' title='bbox 1287 2050 1331 2089; x_wconf 91' lang='lat' dir='ltr'><strong>in</strong></span> <span class='ocrx_word' id='word_1_381' title='bbox 1359 2050 1501 2089; x_wconf 90' lang='lat' dir='ltr'><strong>eodem</strong></span> <span class='ocrx_word' id='word_1_382' title='bbox 1529 2064 1622 2089; x_wconf 80' lang='lat' dir='ltr'><strong>car-</strong></span> 
     </span>
     <span class='ocr_line' id='line_1_68' title="bbox 885 2107 1622 2160; baseline -0.001 -13"><span class='ocrx_word' id='word_1_383' title='bbox 885 2109 994 2147; x_wconf 88' lang='lat' dir='ltr'><strong>mine</strong></span> <span class='ocrx_word' id='word_1_384' title='bbox 1013 2108 1180 2160; x_wconf 85' lang='lat' dir='ltr'><strong>vestigia</strong></span> <span class='ocrx_word' id='word_1_385' title='bbox 1196 2108 1418 2159; x_wconf 88' lang='lat' dir='ltr'><strong>reliquerit.</strong></span> <span class='ocrx_word' id='word_1_386' title='bbox 1477 2107 1532 2146; x_wconf 83' lang='lat' dir='ltr'><strong>At</strong></span> <span class='ocrx_word' id='word_1_387' title='bbox 1547 2121 1622 2147; x_wconf 89' lang='lat' dir='ltr'><strong>nec</strong></span> 
     </span>
     <span class='ocr_line' id='line_1_69' title="bbox 886 2166 1620 2219; baseline -0.001 -14"><span class='ocrx_word' id='word_1_388' title='bbox 886 2167 961 2205; x_wconf 88' lang='lat' dir='ltr'><strong>tali</strong></span> <span class='ocrx_word' id='word_1_389' title='bbox 994 2166 1212 2219; x_wconf 86' lang='lat' dir='ltr'><strong>suspicioni</strong></span> <span class='ocrx_word' id='word_1_390' title='bbox 1249 2166 1364 2205; x_wconf 87' lang='lat' dir='ltr'><strong>locus</strong></span> <span class='ocrx_word' id='word_1_391' title='bbox 1406 2172 1488 2215; x_wconf 88' lang='lat' dir='ltr'><strong>est,</strong></span> <span class='ocrx_word' id='word_1_392' title='bbox 1527 2179 1620 2218; x_wconf 87' lang='lat' dir='ltr'><strong>spe-</strong></span> 
     </span>
     <span class='ocr_line' id='line_1_70' title="bbox 888 2223 1621 2276; baseline 0 -13"><span class='ocrx_word' id='word_1_393' title='bbox 888 2231 1082 2276; x_wconf 90' lang='lat' dir='ltr'><strong>ctantque</strong></span> <span class='ocrx_word' id='word_1_394' title='bbox 1105 2231 1147 2263; x_wconf 88' lang='lat' dir='ltr'><strong>et</strong></span> <span class='ocrx_word' id='word_1_395' title='bbox 1163 2223 1208 2263; x_wconf 88' lang='lat' dir='ltr'><strong>hi</strong></span> <span class='ocrx_word' id='word_1_396' title='bbox 1225 2238 1368 2263; x_wconf 85' lang='lat' dir='ltr'><strong>versus</strong></span> <span class='ocrx_word' id='word_1_397' title='bbox 1385 2223 1440 2263; x_wconf 88' lang='lat' dir='ltr'><strong>ad</strong></span> <span class='ocrx_word' id='word_1_398' title='bbox 1459 2224 1621 2263; x_wconf 90' lang='lat' dir='ltr'><strong>eosdem</strong></span> 
     </span>
     <span class='ocr_line' id='line_1_71' title="bbox 887 2282 1620 2335; baseline -0.001 -13"><span class='ocrx_word' id='word_1_399' title='bbox 887 2297 1037 2333; x_wconf 83' lang='lat' dir='ltr'><strong>annos,</strong></span> <span class='ocrx_word' id='word_1_400' title='bbox 1077 2296 1177 2335; x_wconf 92' lang='lat' dir='ltr'><strong>quos</strong></span> <span class='ocrx_word' id='word_1_401' title='bbox 1209 2282 1254 2333; x_wconf 85' lang='lat' dir='ltr'><strong>in</strong></span> <span class='ocrx_word' id='word_1_402' title='bbox 1283 2282 1369 2321; x_wconf 84' lang='lat' dir='ltr'><strong>aliis</strong></span> <span class='ocrx_word' id='word_1_403' title='bbox 1401 2282 1620 2335; x_wconf 88' lang='lat' dir='ltr'><strong>Georgico-</strong></span> 
     </span>
     <span class='ocr_line' id='line_1_72' title="bbox 885 2340 1619 2391; baseline 0.007 -12"><span class='ocrx_word' id='word_1_404' title='bbox 885 2355 981 2380; x_wconf 88' lang='lat' dir='ltr'><strong>rum</strong></span> <span class='ocrx_word' id='word_1_405' title='bbox 996 2341 1096 2380; x_wconf 89' lang='lat' dir='ltr'><strong>locis</strong></span> <span class='ocrx_word' id='word_1_406' title='bbox 1113 2340 1394 2391; x_wconf 66' lang='lat' dir='ltr'><strong>subinnuerat,</strong></span> <span class='ocrx_word' id='word_1_407' title='bbox 1426 2340 1523 2383; x_wconf 87' lang='grc'>724.</span> <span class='ocrx_word' id='word_1_408' title='bbox 1534 2341 1619 2384; x_wconf 85' lang='grc'><strong>725</strong></span> 
     </span>
     <span class='ocr_line' id='line_1_73' title="bbox 887 2398 1621 2453; baseline -0.001 -15"><span class='ocrx_word' id='word_1_409' title='bbox 887 2400 937 2438; x_wconf 92' lang='lat' dir='ltr'><strong>ab</strong></span> <span class='ocrx_word' id='word_1_410' title='bbox 958 2400 1005 2438; x_wconf 92' lang='lat' dir='ltr'><strong>U.</strong></span> <span class='ocrx_word' id='word_1_411' title='bbox 1025 2400 1080 2449; x_wconf 89' lang='lat' dir='ltr'><strong>C.,</strong></span> <span class='ocrx_word' id='word_1_412' title='bbox 1098 2398 1222 2438; x_wconf 83' lang='lat' dir='ltr'><strong>modo</strong></span> <span class='ocrx_word' id='word_1_413' title='bbox 1238 2406 1422 2453; x_wconf 90' lang='lat' dir='ltr'><strong>poetam,</strong></span> <span class='ocrx_word' id='word_1_414' title='bbox 1458 2405 1508 2438; x_wconf 90' lang='lat' dir='ltr'><strong>ut</strong></span> <span class='ocrx_word' id='word_1_415' title='bbox 1526 2398 1621 2437; x_wconf 84' lang='lat' dir='ltr'><strong>alibi</strong></span> 
     </span>
     <span class='ocr_line' id='line_1_74' title="bbox 886 2457 1619 2511; baseline -0.004 -14"><span class='ocrx_word' id='word_1_416' title='bbox 886 2458 1006 2508; x_wconf 80' lang='lat' dir='ltr'><strong>facit,</strong></span> <span class='ocrx_word' id='word_1_417' title='bbox 1035 2472 1076 2498; x_wconf 90' lang='lat' dir='ltr'><strong>v.</strong></span> <span class='ocrx_word' id='word_1_418' title='bbox 1099 2471 1133 2497; x_wconf 91' lang='lat' dir='ltr'><strong>c.</strong></span> <span class='ocrx_word' id='word_1_419' title='bbox 1157 2458 1302 2511; x_wconf 86' lang='lat' dir='ltr'><strong>Georg.</strong></span> <span class='ocrx_word' id='word_1_420' title='bbox 1329 2457 1383 2496; x_wconf 85' lang='lat'><strong>111</strong></span> <span class='ocrx_word' id='word_1_421' title='bbox 1414 2471 1500 2510; x_wconf 90' lang='lat' dir='ltr'><strong>pr.,</strong></span> <span class='ocrx_word' id='word_1_422' title='bbox 1529 2471 1619 2495; x_wconf 90' lang='lat' dir='ltr'><strong>ma-</strong></span> 
     </span>
     <span class='ocr_line' id='line_1_75' title="bbox 886 2515 1618 2569; baseline -0.003 -14"><span class='ocrx_word' id='word_1_423' title='bbox 886 2516 1030 2569; x_wconf 90' lang='lat' dir='ltr'><strong>gnifice</strong></span> <span class='ocrx_word' id='word_1_424' title='bbox 1054 2516 1195 2556; x_wconf 88' lang='lat' dir='ltr'><strong>efferre</strong></span> <span class='ocrx_word' id='word_1_425' title='bbox 1222 2522 1264 2555; x_wconf 84' lang='lat' dir='ltr'><strong>et</strong></span> <span class='ocrx_word' id='word_1_426' title='bbox 1296 2528 1443 2555; x_wconf 87' lang='lat' dir='ltr'><strong>ornare</strong></span> <span class='ocrx_word' id='word_1_427' title='bbox 1472 2515 1618 2567; x_wconf 86' lang='lat' dir='ltr'><strong>cogites</strong></span> 
     </span>
     <span class='ocr_line' id='line_1_76' title="bbox 886 2573 1616 2626; baseline -0.003 -12"><span class='ocrx_word' id='word_1_428' title='bbox 886 2574 953 2624; x_wconf 88' lang='lat' dir='ltr'><strong>id,</strong></span> <span class='ocrx_word' id='word_1_429' title='bbox 984 2574 1098 2626; x_wconf 89' lang='lat' dir='ltr'><strong>quod</strong></span> <span class='ocrx_word' id='word_1_430' title='bbox 1124 2587 1222 2614; x_wconf 82' lang='lat' dir='ltr'><strong>vere</strong></span> <span class='ocrx_word' id='word_1_431' title='bbox 1250 2574 1355 2613; x_wconf 87' lang='lat' dir='ltr'><strong>nihil</strong></span> <span class='ocrx_word' id='word_1_432' title='bbox 1385 2573 1498 2612; x_wconf 88' lang='lat' dir='ltr'><strong>aliud</strong></span> <span class='ocrx_word' id='word_1_433' title='bbox 1516 2579 1616 2622; x_wconf 87' lang='lat' dir='ltr'><strong>erat,</strong></span> 
     </span>
     <span class='ocr_line' id='line_1_77' title="bbox 886 2631 1616 2685; baseline -0.004 -13"><span class='ocrx_word' id='word_1_434' title='bbox 886 2647 1010 2685; x_wconf 89' lang='lat' dir='ltr'><strong>quam</strong></span> <span class='ocrx_word' id='word_1_435' title='bbox 1028 2632 1140 2684; x_wconf 87' lang='lat' dir='ltr'><strong>quod</strong></span> <span class='ocrx_word' id='word_1_436' title='bbox 1167 2633 1312 2671; x_wconf 84' lang='lat' dir='ltr'><strong>Caesar</strong></span> <span class='ocrx_word' id='word_1_437' title='bbox 1343 2646 1395 2671; x_wconf 83' lang='lat' dir='ltr'><strong>ex</strong></span> <span class='ocrx_word' id='word_1_438' title='bbox 1421 2631 1616 2684; x_wconf 82' lang='lat' dir='ltr'><strong>Aegypto,</strong></span> 
     </span>
     <span class='ocr_line' id='line_1_78' title="bbox 888 2690 1617 2744; baseline -0.005 -14"><span class='ocrx_word' id='word_1_439' title='bbox 888 2705 969 2743; x_wconf 89' lang='lat' dir='ltr'><strong>quo</strong></span> <span class='ocrx_word' id='word_1_440' title='bbox 992 2692 1129 2744; x_wconf 90' lang='lat' dir='ltr'><strong>paullo</strong></span> <span class='ocrx_word' id='word_1_441' title='bbox 1150 2696 1245 2744; x_wconf 89' lang='lat' dir='ltr'><strong>post</strong></span> <span class='ocrx_word' id='word_1_442' title='bbox 1273 2704 1450 2743; x_wconf 82' lang='lat' dir='ltr'><strong>pugnam</strong></span> <span class='ocrx_word' id='word_1_443' title='bbox 1478 2690 1617 2728; x_wconf 79' lang='lat' dir='ltr'><strong>Actia-</strong></span> 
     </span>
     <span class='ocr_line' id='line_1_79' title="bbox 888 2749 1617 2798; baseline -0.007 -10"><span class='ocrx_word' id='word_1_444' title='bbox 888 2763 976 2788; x_wconf 86' lang='lat' dir='ltr'><strong>cam</strong></span> <span class='ocrx_word' id='word_1_445' title='bbox 1002 2749 1233 2788; x_wconf 89' lang='lat' dir='ltr'><strong>Brundusio</strong></span> <span class='ocrx_word' id='word_1_446' title='bbox 1268 2750 1505 2796; x_wconf 84' lang='lat' dir='ltr'><strong>traiecerat,</strong></span> <span class='ocrx_word' id='word_1_447' title='bbox 1544 2759 1617 2798; x_wconf 90' lang='lat' dir='ltr'><strong>per</strong></span> 
     </span>
     <span class='ocr_line' id='line_1_80' title="bbox 887 2806 1618 2860; baseline -0.008 -14"><span class='ocrx_word' id='word_1_448' title='bbox 887 2808 1048 2860; x_wconf 85' lang='lat' dir='ltr'><strong>Syriam</strong></span> <span class='ocrx_word' id='word_1_449' title='bbox 1075 2808 1120 2846; x_wconf 89' lang='lat' dir='ltr'><strong>in</strong></span> <span class='ocrx_word' id='word_1_450' title='bbox 1154 2806 1291 2845; x_wconf 75' lang='lat' dir='ltr'><strong>Asiam</strong></span> <span class='ocrx_word' id='word_1_451' title='bbox 1322 2807 1401 2845; x_wconf 82' lang='lat' dir='ltr'><strong>iter</strong></span> <span class='ocrx_word' id='word_1_452' title='bbox 1429 2806 1543 2852; x_wconf 88' lang='lat' dir='ltr'><strong>fecit,</strong></span> <span class='ocrx_word' id='word_1_453' title='bbox 1576 2810 1618 2841; x_wconf 89' lang='lat' dir='ltr'><strong>et</strong></span> 
     </span>
     <span class='ocr_line' id='line_1_81' title="bbox 884 2861 1617 2917; baseline -0.01 -12"><span class='ocrx_word' id='word_1_454' title='bbox 884 2865 1016 2905; x_wconf 86' lang='lat' dir='ltr'><strong>hieme</strong></span> <span class='ocrx_word' id='word_1_455' title='bbox 1027 2866 1079 2904; x_wconf 90' lang='lat' dir='ltr'><strong>ad</strong></span> <span class='ocrx_word' id='word_1_456' title='bbox 1088 2865 1337 2917; x_wconf 83' lang='lat' dir='ltr'><strong>Euphratem</strong></span> <span class='ocrx_word' id='word_1_457' title='bbox 1350 2870 1492 2901; x_wconf 78' lang='lat' dir='ltr'><strong>exacta</strong></span> <span class='ocrx_word' id='word_1_458' title='bbox 1500 2861 1617 2900; x_wconf 85' lang='lat' dir='ltr'><strong>Asiae</strong></span> 
     </span>
     <span class='ocr_line' id='line_1_82' title="bbox 884 2917 1617 2972; baseline -0.011 -8"><span class='ocrx_word' id='word_1_459' title='bbox 884 2937 949 2964; x_wconf 86' lang='lat' dir='ltr'><strong>res</strong></span> <span class='ocrx_word' id='word_1_460' title='bbox 970 2924 1194 2963; x_wconf 87' lang='lat' dir='ltr'><strong>constituit.</strong></span> <span class='ocrx_word' id='word_1_461' title='bbox 1205 2922 1288 2962; x_wconf 81' lang='lat' dir='ltr'><strong>vid.</strong></span> <span class='ocrx_word' id='word_1_462' title='bbox 1309 2923 1402 2960; x_wconf 89' lang='lat' dir='ltr'><strong>Vita</strong></span> <span class='ocrx_word' id='word_1_463' title='bbox 1413 2920 1549 2972; x_wconf 76' lang='lat' dir='ltr'><strong>virgil.</strong></span> <span class='ocrx_word' id='word_1_464' title='bbox 1563 2917 1617 2956; x_wconf 85' lang='lat' dir='ltr'><strong>ad</strong></span> 
     </span>
     <span class='ocr_line' id='line_1_83' title="bbox 885 2978 1619 3033; baseline -0.01 -12"><span class='ocrx_word' id='word_1_465' title='bbox 885 2996 922 3022; x_wconf 78' lang='lat' dir='ltr'><strong>a.</strong></span> <span class='ocrx_word' id='word_1_466' title='bbox 952 2981 1049 3025; x_wconf 82' lang='lat'><strong>724.</strong></span> <span class='ocrx_word' id='word_1_467' title='bbox 1108 2982 1250 3033; x_wconf 87' lang='lat' dir='ltr'><strong>Itaque</strong></span> <span class='ocrx_word' id='word_1_468' title='bbox 1279 2980 1464 3018; x_wconf 77' lang='lat' dir='ltr'><strong>extremis</strong></span> <span class='ocrx_word' id='word_1_469' title='bbox 1492 2978 1619 3017; x_wconf 69' lang='lat' dir='ltr'><strong>victor</strong></span> 
     </span>
    </p>
   </div>
  </div>
 </body>
</html>
