<?xml version="1.0" encoding="UTF-8"?>
<!DOCTYPE html PUBLIC "-//W3C//DTD XHTML 1.0 Transitional//EN"
    "http://www.w3.org/TR/xhtml1/DTD/xhtml1-transitional.dtd">
<html xmlns="http://www.w3.org/1999/xhtml" xml:lang="en" lang="en">
 <head>
  <title>
</title>
<meta http-equiv="Content-Type" content="text/html;charset=utf-8" />
  <meta name='ocr-system' content='tesseract 3.04.00' />
  <meta name='ocr-capabilities' content='ocr_page ocr_carea ocr_par ocr_line ocrx_word'/>
</head>
<body>
  <div class='ocr_page' id='page_1' title='image "./publiusvirgilius01virguoft_0558.png"; bbox 0 0 1734 3320; ppageno 0'>
   <div class='ocr_carea' id='block_1_1' title="bbox 137 168 1174 222">
    <p class='ocr_par' dir='ltr' id='par_1_1' title="bbox 137 168 1174 222">
     <span class='ocr_line' id='line_1_1' title="bbox 137 168 1174 222; baseline -0.003 0"><span class='ocrx_word' id='word_1_1' title='bbox 137 174 238 222; x_wconf 86' lang='lat'><em>388</em></span> <span class='ocrx_word' id='word_1_2' title='bbox 622 168 1050 219; x_wconf 90' lang='lat' dir='ltr'><em>EXCURSUS</em></span> <span class='ocrx_word' id='word_1_3' title='bbox 1084 168 1174 219; x_wconf 88' lang='lat'><em>11*</em></span> 
     </span>
    </p>
   </div>
   <div class='ocr_carea' id='block_1_2' title="bbox 520 352 1308 405">
    <p class='ocr_par' dir='ltr' id='par_1_2' title="bbox 520 352 1308 405">
     <span class='ocr_line' id='line_1_2' title="bbox 520 352 1308 405; baseline -0.001 -1"><span class='ocrx_word' id='word_1_4' title='bbox 520 352 1130 405; x_wconf 86' lang='lat' dir='ltr'><em>EXCURSUS</em></span> <span class='ocrx_word' id='word_1_5' title='bbox 1211 354 1308 403; x_wconf 87' lang='lat' dir='ltr'><em>II*</em></span> 
     </span>
    </p>
   </div>
   <div class='ocr_carea' id='block_1_3' title="bbox 140 465 1663 592">
    <p class='ocr_par' dir='ltr' id='par_1_3' title="bbox 140 465 1663 592">
     <span class='ocr_line' id='line_1_3' title="bbox 140 465 1663 523; baseline -0.002 -15"><span class='ocrx_word' id='word_1_6' title='bbox 140 467 222 508; x_wconf 79' lang='lat' dir='ltr'><em>Ad</em></span> <span class='ocrx_word' id='word_1_7' title='bbox 265 468 435 507; x_wconf 85' lang='lat' dir='ltr'><em>locum</em></span> <span class='ocrx_word' id='word_1_8' title='bbox 482 466 546 508; x_wconf 83' lang='lat' dir='ltr'><em>de</em></span> <span class='ocrx_word' id='word_1_9' title='bbox 588 467 975 523; x_wconf 78' lang='lat' dir='ltr'><em>prognosticis</em></span> <span class='ocrx_word' id='word_1_10' title='bbox 1026 479 1255 507; x_wconf 82' lang='lat' dir='ltr'><em>serenae</em></span> <span class='ocrx_word' id='word_1_11' title='bbox 1299 465 1663 520; x_wconf 76' lang='lat' dir='ltr'><strong><em>tempestatis</em></strong></span> 
     </span>
     <span class='ocr_line' id='line_1_4' title="bbox 720 537 1080 592; baseline 0 -14"><span class='ocrx_word' id='word_1_12' title='bbox 720 551 785 578; x_wconf 67' lang='lat' dir='ltr'><em>ea·</em></span> <span class='ocrx_word' id='word_1_13' title='bbox 820 537 1080 592; x_wconf 78' lang='lat' dir='ltr'><em>pluviali.</em></span> 
     </span>
    </p>
   </div>
   <div class='ocr_carea' id='block_1_4' title="bbox 117 645 1676 2968">
    <p class='ocr_par' dir='ltr' id='par_1_4' title="bbox 117 645 1676 2968">
     <span class='ocr_line' id='line_1_5' title="bbox 258 645 1663 701; baseline -0.004 -13"><span class='ocrx_word' id='word_1_14' title='bbox 258 648 402 701; x_wconf 81' lang='lat' dir='ltr'><em>Georg.</em></span> <span class='ocrx_word' id='word_1_15' title='bbox 422 647 452 698; x_wconf 86' lang='lat' dir='ltr'><em>I,</em></span> <span class='ocrx_word' id='word_1_16' title='bbox 478 649 562 690; x_wconf 83' lang='lat'><em>393</em></span> <span class='ocrx_word' id='word_1_17' title='bbox 595 648 649 686; x_wconf 89' lang='lat' dir='ltr'><em>N</em></span> <span class='ocrx_word' id='word_1_18' title='bbox 646 661 689 685; x_wconf 84' lang='lat' dir='ltr'><em>ec</em></span> <span class='ocrx_word' id='word_1_19' title='bbox 706 649 841 686; x_wconf 76' lang='lat' dir='ltr'><em>minus</em></span> <span class='ocrx_word' id='word_1_20' title='bbox 861 661 909 685; x_wconf 87' lang='lat' dir='ltr'><em>ex</em></span> <span class='ocrx_word' id='word_1_21' title='bbox 932 646 1051 684; x_wconf 85' lang='lat' dir='ltr'><em>imbri</em></span> <span class='ocrx_word' id='word_1_22' title='bbox 1068 646 1171 684; x_wconf 84' lang='lat' dir='ltr'><em>soles</em></span> <span class='ocrx_word' id='word_1_23' title='bbox 1189 654 1227 683; x_wconf 82' lang='lat' dir='ltr'><em>et</em></span> <span class='ocrx_word' id='word_1_24' title='bbox 1244 653 1388 697; x_wconf 80' lang='lat' dir='ltr'><em>aperta</em></span> <span class='ocrx_word' id='word_1_25' title='bbox 1403 659 1543 684; x_wconf 82' lang='lat' dir='ltr'><em>serena</em></span> <span class='ocrx_word' id='word_1_26' title='bbox 1557 645 1663 682; x_wconf 82' lang='lat' dir='ltr'><em>Pro-</em></span> 
     </span>
     <span class='ocr_line' id='line_1_6' title="bbox 143 702 1665 758; baseline -0.003 -14"><span class='ocrx_word' id='word_1_27' title='bbox 143 708 294 758; x_wconf 83' lang='lat' dir='ltr'><em>spieere</em></span> <span class='ocrx_word' id='word_1_28' title='bbox 313 715 349 745; x_wconf 82' lang='lat' dir='ltr'><em>et</em></span> <span class='ocrx_word' id='word_1_29' title='bbox 366 708 481 746; x_wconf 73' lang='lat' dir='ltr'><em>cerlis</em></span> <span class='ocrx_word' id='word_1_30' title='bbox 499 707 650 756; x_wconf 82' lang='lat' dir='ltr'><em>poteris</em></span> <span class='ocrx_word' id='word_1_31' title='bbox 680 719 915 758; x_wconf 78' lang='lat' dir='ltr'><em>cognoscere</em></span> <span class='ocrx_word' id='word_1_32' title='bbox 936 706 1079 756; x_wconf 79' lang='lat' dir='ltr'><em>signis.</em></span> <span class='ocrx_word' id='word_1_33' title='bbox 1140 704 1260 741; x_wconf 87' lang='lat' dir='ltr'><em>Nam</em></span> <span class='ocrx_word' id='word_1_34' title='bbox 1286 717 1412 756; x_wconf 81' lang='lat' dir='ltr'><em>neque</em></span> <span class='ocrx_word' id='word_1_35' title='bbox 1434 711 1521 742; x_wconf 81' lang='lat' dir='ltr'><em>tum</em></span> <span class='ocrx_word' id='word_1_36' title='bbox 1539 702 1665 741; x_wconf 72' lang='lat' dir='ltr'><em>stellis</em></span> 
     </span>
     <span class='ocr_line' id='line_1_7' title="bbox 144 760 1662 815; baseline -0.003 -12"><span class='ocrx_word' id='word_1_37' title='bbox 144 766 253 803; x_wconf 80' lang='lat' dir='ltr'><em>acies</em></span> <span class='ocrx_word' id='word_1_38' title='bbox 279 762 420 803; x_wconf 73' lang='lat' dir='ltr'><em>obtusa</em></span> <span class='ocrx_word' id='word_1_39' title='bbox 452 763 610 803; x_wconf 72' lang='lat' dir='ltr'><em>videtur</em></span> <span class='ocrx_word' id='word_1_40' title='bbox 617 778 634 811; x_wconf 89' lang='lat'><em>;</em></span> <span class='ocrx_word' id='word_1_41' title='bbox 679 765 734 802; x_wconf 87' lang='lat' dir='ltr'><em>N</em></span> <span class='ocrx_word' id='word_1_42' title='bbox 731 778 774 801; x_wconf 85' lang='lat' dir='ltr'><em>ee</em></span> <span class='ocrx_word' id='word_1_43' title='bbox 793 762 945 815; x_wconf 74' lang='lat' dir='ltr'><em>fratris</em></span> <span class='ocrx_word' id='word_1_44' title='bbox 976 762 1105 800; x_wconf 73' lang='lat' dir='ltr'><em>radiis</em></span> <span class='ocrx_word' id='word_1_45' title='bbox 1125 760 1298 800; x_wconf 79' lang='lat' dir='ltr'><em>obnoxia</em></span> <span class='ocrx_word' id='word_1_46' title='bbox 1324 775 1486 814; x_wconf 77' lang='lat' dir='ltr'><em>surgere</em></span> <span class='ocrx_word' id='word_1_47' title='bbox 1505 762 1632 799; x_wconf 86' lang='lat' dir='ltr'><em>Luna</em></span> <span class='ocrx_word' id='word_1_48' title='bbox 1645 775 1662 808; x_wconf 92' lang='lat'><em>,·</em></span> 
     </span>
     <span class='ocr_line' id='line_1_8' title="bbox 150 819 1667 872; baseline -0.003 -11"><span class='ocrx_word' id='word_1_49' title='bbox 150 824 306 861; x_wconf 71' lang='lat' dir='ltr'><em>Tenuia</em></span> <span class='ocrx_word' id='word_1_50' title='bbox 323 837 394 860; x_wconf 81' lang='lat' dir='ltr'><em>nec</em></span> <span class='ocrx_word' id='word_1_51' title='bbox 411 823 533 860; x_wconf 81' lang='lat' dir='ltr'><em>lanae</em></span> <span class='ocrx_word' id='word_1_52' title='bbox 549 835 627 872; x_wconf 80' lang='lat' dir='ltr'><em>per</em></span> <span class='ocrx_word' id='word_1_53' title='bbox 644 822 801 860; x_wconf 79' lang='lat' dir='ltr'><em>eoelum</em></span> <span class='ocrx_word' id='word_1_54' title='bbox 819 821 969 860; x_wconf 70' lang='lat' dir='ltr'><em>vellera</em></span> <span class='ocrx_word' id='word_1_55' title='bbox 978 820 1087 871; x_wconf 82' lang='lat' dir='ltr'><em>ferri</em></span> <span class='ocrx_word' id='word_1_56' title='bbox 1095 834 1110 867; x_wconf 89' lang='lat'><em>;</em></span> <span class='ocrx_word' id='word_1_57' title='bbox 1144 820 1244 858; x_wconf 87' lang='lat' dir='ltr'><em>Non</em></span> <span class='ocrx_word' id='word_1_58' title='bbox 1263 819 1446 871; x_wconf 69' lang='lat' dir='ltr'><em>tepidam</em></span> <span class='ocrx_word' id='word_1_59' title='bbox 1466 819 1526 858; x_wconf 83' lang='lat' dir='ltr'><em>acl</em></span> <span class='ocrx_word' id='word_1_60' title='bbox 1542 819 1667 857; x_wconf 81' lang='lat' dir='ltr'><em>solem</em></span> 
     </span>
     <span class='ocr_line' id='line_1_9' title="bbox 139 877 1667 933; baseline -0.003 -14"><span class='ocrx_word' id='word_1_61' title='bbox 139 894 299 933; x_wconf 78' lang='lat' dir='ltr'><em>pennas</em></span> <span class='ocrx_word' id='word_1_62' title='bbox 319 882 363 918; x_wconf 87' lang='lat' dir='ltr'><em>in</em></span> <span class='ocrx_word' id='word_1_63' title='bbox 388 881 499 918; x_wconf 79' lang='lat' dir='ltr'><em>litore</em></span> <span class='ocrx_word' id='word_1_64' title='bbox 516 878 710 930; x_wconf 76' lang='lat' dir='ltr'><em>pandunt</em></span> <span class='ocrx_word' id='word_1_65' title='bbox 729 880 919 918; x_wconf 82' lang='lat' dir='ltr'><em>Dilectae</em></span> <span class='ocrx_word' id='word_1_66' title='bbox 944 877 1105 916; x_wconf 75' lang='lat' dir='ltr'><em>Thetidi</em></span> <span class='ocrx_word' id='word_1_67' title='bbox 1122 878 1309 930; x_wconf 82' lang='lat' dir='ltr'><em>alcyones</em></span> <span class='ocrx_word' id='word_1_68' title='bbox 1314 893 1330 925; x_wconf 88' lang='lat'><em>,·</em></span> <span class='ocrx_word' id='word_1_69' title='bbox 1363 892 1444 916; x_wconf 85' lang='lat' dir='ltr'><em>non</em></span> <span class='ocrx_word' id='word_1_70' title='bbox 1463 891 1528 916; x_wconf 86' lang='lat' dir='ltr'><em>ore</em></span> <span class='ocrx_word' id='word_1_71' title='bbox 1553 877 1667 915; x_wconf 75' lang='lat' dir='ltr'><em>solu-</em></span> 
     </span>
     <span class='ocr_line' id='line_1_10' title="bbox 145 935 1667 986; baseline -0.003 -9"><span class='ocrx_word' id='word_1_72' title='bbox 145 947 204 977; x_wconf 82' lang='lat' dir='ltr'><em>tos</em></span> <span class='ocrx_word' id='word_1_73' title='bbox 234 938 430 977; x_wconf 82' lang='lat' dir='ltr'><em>Inmzmdi</em></span> <span class='ocrx_word' id='word_1_74' title='bbox 454 939 665 975; x_wconf 83' lang='lat' dir='ltr'><em>meminere</em></span> <span class='ocrx_word' id='word_1_75' title='bbox 691 951 781 975; x_wconf 76' lang='lat' dir='ltr'><em>sues</em></span> <span class='ocrx_word' id='word_1_76' title='bbox 807 938 958 975; x_wconf 82' lang='lat' dir='ltr'><em>iactare</em></span> <span class='ocrx_word' id='word_1_77' title='bbox 982 936 1188 986; x_wconf 74' lang='lat' dir='ltr'><em>maniplos</em></span> <span class='ocrx_word' id='word_1_78' title='bbox 1201 952 1212 973; x_wconf 92' lang='lat'><em>:</em></span> <span class='ocrx_word' id='word_1_79' title='bbox 1251 935 1310 974; x_wconf 82' lang='lat' dir='ltr'><em>At</em></span> <span class='ocrx_word' id='word_1_80' title='bbox 1330 935 1500 974; x_wconf 78' lang='lat' dir='ltr'><em>nabulae</em></span> <span class='ocrx_word' id='word_1_81' title='bbox 1528 936 1667 986; x_wconf 75' lang='lat' dir='ltr'><em>magis</em></span> 
     </span>
     <span class='ocr_line' id='line_1_11' title="bbox 145 991 1667 1048; baseline -0.003 -13"><span class='ocrx_word' id='word_1_82' title='bbox 145 999 231 1035; x_wconf 82' lang='lat' dir='ltr'><em>ima</em></span> <span class='ocrx_word' id='word_1_83' title='bbox 258 1004 400 1048; x_wconf 82' lang='lat' dir='ltr'><em>petunt</em></span> <span class='ocrx_word' id='word_1_84' title='bbox 427 1001 503 1034; x_wconf 85' lang='lat' dir='ltr'><em>etc.</em></span> <span class='ocrx_word' id='word_1_85' title='bbox 562 995 685 1035; x_wconf 85' lang='lat' dir='ltr'><em>Haesi</em></span> <span class='ocrx_word' id='word_1_86' title='bbox 712 995 755 1034; x_wconf 89' lang='lat' dir='ltr'><em>in</em></span> <span class='ocrx_word' id='word_1_87' title='bbox 785 993 847 1033; x_wconf 79' lang='lat' dir='ltr'><em>his</em></span> <span class='ocrx_word' id='word_1_88' title='bbox 876 993 1194 1047; x_wconf 85' lang='lat' dir='ltr'><em>interpretandis</em></span> <span class='ocrx_word' id='word_1_89' title='bbox 1221 1000 1261 1033; x_wconf 88' lang='lat' dir='ltr'><em>et</em></span> <span class='ocrx_word' id='word_1_90' title='bbox 1289 1007 1353 1032; x_wconf 90' lang='lat' dir='ltr'><em>me</em></span> <span class='ocrx_word' id='word_1_91' title='bbox 1372 994 1416 1032; x_wconf 90' lang='lat' dir='ltr'><em>in</em></span> <span class='ocrx_word' id='word_1_92' title='bbox 1434 993 1482 1032; x_wconf 84' lang='lat' dir='ltr'><em>iis</em></span> <span class='ocrx_word' id='word_1_93' title='bbox 1498 991 1667 1032; x_wconf 86' lang='lat' dir='ltr'><em>haerere</em></span> 
     </span>
     <span class='ocr_line' id='line_1_12' title="bbox 143 1050 1668 1106; baseline -0.003 -13"><span class='ocrx_word' id='word_1_94' title='bbox 143 1054 313 1106; x_wconf 87' lang='lat' dir='ltr'><em>ingenue</em></span> <span class='ocrx_word' id='word_1_95' title='bbox 335 1067 425 1092; x_wconf 88' lang='lat' dir='ltr'><em>sum</em></span> <span class='ocrx_word' id='word_1_96' title='bbox 449 1052 665 1106; x_wconf 77' lang='lat' dir='ltr'><em>professus.</em></span> <span class='ocrx_word' id='word_1_97' title='bbox 725 1055 915 1106; x_wconf 88' lang='lat' dir='ltr'><em>Spectare</em></span> <span class='ocrx_word' id='word_1_98' title='bbox 944 1053 1050 1091; x_wconf 91' lang='lat' dir='ltr'><em>enim</em></span> <span class='ocrx_word' id='word_1_99' title='bbox 1079 1051 1132 1090; x_wconf 76' lang='lat' dir='ltr'><em>acl</em></span> <span class='ocrx_word' id='word_1_100' title='bbox 1147 1052 1246 1091; x_wconf 86' lang='lat' dir='ltr'><em>boni</em></span> <span class='ocrx_word' id='word_1_101' title='bbox 1265 1051 1502 1105; x_wconf 80' lang='lat' dir='ltr'><em>interpretis</em></span> <span class='ocrx_word' id='word_1_102' title='bbox 1527 1057 1568 1090; x_wconf 88' lang='lat' dir='ltr'><em>et</em></span> <span class='ocrx_word' id='word_1_103' title='bbox 1586 1050 1668 1090; x_wconf 88' lang='lat' dir='ltr'><em>cri-</em></span> 
     </span>
     <span class='ocr_line' id='line_1_13' title="bbox 145 1109 1668 1163; baseline -0.002 -12"><span class='ocrx_word' id='word_1_104' title='bbox 145 1111 216 1151; x_wconf 86' lang='lat' dir='ltr'><em>tici</em></span> <span class='ocrx_word' id='word_1_105' title='bbox 239 1112 370 1152; x_wconf 86' lang='lat' dir='ltr'><em>officia</em></span> <span class='ocrx_word' id='word_1_106' title='bbox 400 1124 562 1161; x_wconf 88' lang='lat' dir='ltr'><em>censeo,</em></span> <span class='ocrx_word' id='word_1_107' title='bbox 599 1124 646 1149; x_wconf 87' lang='lat' dir='ltr'><em>ea</em></span> <span class='ocrx_word' id='word_1_108' title='bbox 675 1112 765 1150; x_wconf 89' lang='lat' dir='ltr'><em>loca</em></span> <span class='ocrx_word' id='word_1_109' title='bbox 793 1125 895 1163; x_wconf 92' lang='lat' dir='ltr'><em>quae</em></span> <span class='ocrx_word' id='word_1_110' title='bbox 922 1125 1007 1150; x_wconf 92' lang='lat' dir='ltr'><em>non</em></span> <span class='ocrx_word' id='word_1_111' title='bbox 1033 1110 1130 1148; x_wconf 89' lang='lat' dir='ltr'><em>satis</em></span> <span class='ocrx_word' id='word_1_112' title='bbox 1159 1110 1385 1162; x_wconf 79' lang='lat' dir='ltr'><em>assequitur</em></span> <span class='ocrx_word' id='word_1_113' title='bbox 1408 1124 1491 1150; x_wconf 90' lang='lat' dir='ltr'><em>non</em></span> <span class='ocrx_word' id='word_1_114' title='bbox 1513 1109 1668 1148; x_wconf 82' lang='lat' dir='ltr'><em>intacta</em></span> 
     </span>
     <span class='ocr_line' id='line_1_14' title="bbox 146 1167 1668 1222; baseline -0.002 -13"><span class='ocrx_word' id='word_1_115' title='bbox 146 1170 393 1222; x_wconf 84' lang='lat' dir='ltr'><em>relinquere,</em></span> <span class='ocrx_word' id='word_1_116' title='bbox 431 1169 596 1220; x_wconf 87' lang='lat' dir='ltr'><em>aliisque</em></span> <span class='ocrx_word' id='word_1_117' title='bbox 624 1169 811 1209; x_wconf 89' lang='lat' dir='ltr'><em>fraudem</em></span> <span class='ocrx_word' id='word_1_118' title='bbox 839 1170 993 1219; x_wconf 88' lang='lat' dir='ltr'><em>facere,</em></span> <span class='ocrx_word' id='word_1_119' title='bbox 1033 1168 1147 1221; x_wconf 85' lang='lat' dir='ltr'><em>quasi</em></span> <span class='ocrx_word' id='word_1_120' title='bbox 1171 1181 1310 1208; x_wconf 86' lang='lat' dir='ltr'><em>sensus</em></span> <span class='ocrx_word' id='word_1_121' title='bbox 1338 1181 1410 1222; x_wconf 90' lang='lat' dir='ltr'><em>per</em></span> <span class='ocrx_word' id='word_1_122' title='bbox 1432 1181 1474 1207; x_wconf 89' lang='lat' dir='ltr'><em>se</em></span> <span class='ocrx_word' id='word_1_123' title='bbox 1501 1167 1554 1207; x_wconf 91' lang='lat' dir='ltr'><em>sit</em></span> <span class='ocrx_word' id='word_1_124' title='bbox 1571 1167 1668 1206; x_wconf 86' lang='lat' dir='ltr'><em>satis</em></span> 
     </span>
     <span class='ocr_line' id='line_1_15' title="bbox 148 1226 1669 1281; baseline -0.002 -14"><span class='ocrx_word' id='word_1_125' title='bbox 148 1235 331 1281; x_wconf 83' lang='lat' dir='ltr'><em>apertus,</em></span> <span class='ocrx_word' id='word_1_126' title='bbox 363 1228 433 1266; x_wconf 89' lang='lat' dir='ltr'><em>sed</em></span> <span class='ocrx_word' id='word_1_127' title='bbox 452 1228 647 1266; x_wconf 86' lang='lat' dir='ltr'><em>lectorem</em></span> <span class='ocrx_word' id='word_1_128' title='bbox 668 1228 718 1267; x_wconf 91' lang='lat' dir='ltr'><em>de</em></span> <span class='ocrx_word' id='word_1_129' title='bbox 737 1228 784 1267; x_wconf 90' lang='lat' dir='ltr'><em>iis</em></span> <span class='ocrx_word' id='word_1_130' title='bbox 801 1227 1030 1280; x_wconf 88' lang='lat' dir='ltr'><em>diligentius</em></span> <span class='ocrx_word' id='word_1_131' title='bbox 1055 1227 1199 1277; x_wconf 85' lang='lat' dir='ltr'><em>etiam,</em></span> <span class='ocrx_word' id='word_1_132' title='bbox 1230 1241 1352 1279; x_wconf 89' lang='lat' dir='ltr'><em>quam</em></span> <span class='ocrx_word' id='word_1_133' title='bbox 1371 1226 1421 1265; x_wconf 91' lang='lat' dir='ltr'><em>de</em></span> <span class='ocrx_word' id='word_1_134' title='bbox 1442 1226 1548 1276; x_wconf 88' lang='lat' dir='ltr'><em>aliis,</em></span> <span class='ocrx_word' id='word_1_135' title='bbox 1576 1240 1669 1264; x_wconf 89' lang='lat' dir='ltr'><em>mo-</em></span> 
     </span>
     <span class='ocr_line' id='line_1_16' title="bbox 147 1283 1670 1339; baseline -0.002 -13"><span class='ocrx_word' id='word_1_136' title='bbox 147 1300 255 1327; x_wconf 87' lang='lat' dir='ltr'><em>nere.</em></span> <span class='ocrx_word' id='word_1_137' title='bbox 316 1287 508 1339; x_wconf 86' lang='lat' dir='ltr'><em>Inspectis</em></span> <span class='ocrx_word' id='word_1_138' title='bbox 537 1285 621 1325; x_wconf 91' lang='lat' dir='ltr'><em>aliis</em></span> <span class='ocrx_word' id='word_1_139' title='bbox 648 1285 960 1339; x_wconf 88' lang='lat' dir='ltr'><em>interpretibus,</em></span> <span class='ocrx_word' id='word_1_140' title='bbox 1002 1298 1078 1324; x_wconf 92' lang='lat' dir='ltr'><em>nec</em></span> <span class='ocrx_word' id='word_1_141' title='bbox 1104 1285 1216 1324; x_wconf 87' lang='lat' dir='ltr'><em>aliud</em></span> <span class='ocrx_word' id='word_1_142' title='bbox 1247 1285 1367 1337; x_wconf 90' lang='lat' dir='ltr'><em>quid,</em></span> <span class='ocrx_word' id='word_1_143' title='bbox 1408 1298 1531 1336; x_wconf 89' lang='lat' dir='ltr'><em>quam</em></span> <span class='ocrx_word' id='word_1_144' title='bbox 1557 1283 1670 1336; x_wconf 89' lang='lat' dir='ltr'><em>quod</em></span> 
     </span>
     <span class='ocr_line' id='line_1_17' title="bbox 146 1342 1670 1397; baseline -0.002 -14"><span class='ocrx_word' id='word_1_145' title='bbox 146 1345 230 1397; x_wconf 90' lang='lat' dir='ltr'><em>ipse</em></span> <span class='ocrx_word' id='word_1_146' title='bbox 258 1351 490 1394; x_wconf 83' lang='lat' dir='ltr'><em>tenueram,</em></span> <span class='ocrx_word' id='word_1_147' title='bbox 522 1344 676 1394; x_wconf 84' lang='lat' dir='ltr'><em>afferri,</em></span> <span class='ocrx_word' id='word_1_148' title='bbox 708 1344 967 1384; x_wconf 85' lang='lat' dir='ltr'><em>difficultates</em></span> <span class='ocrx_word' id='word_1_149' title='bbox 995 1350 1133 1382; x_wconf 89' lang='lat' dir='ltr'><em>autem</em></span> <span class='ocrx_word' id='word_1_150' title='bbox 1150 1343 1500 1397; x_wconf 81' lang='lat' dir='ltr'><em>interpretationis</em></span> <span class='ocrx_word' id='word_1_151' title='bbox 1517 1342 1670 1383; x_wconf 89' lang='lat' dir='ltr'><em>multos</em></span> 
     </span>
     <span class='ocr_line' id='line_1_18' title="bbox 147 1401 1671 1455; baseline -0.002 -13"><span class='ocrx_word' id='word_1_152' title='bbox 147 1416 198 1442; x_wconf 93' lang='lat' dir='ltr'><em>ne</em></span> <span class='ocrx_word' id='word_1_153' title='bbox 220 1403 384 1442; x_wconf 88' lang='lat' dir='ltr'><em>sensisse</em></span> <span class='ocrx_word' id='word_1_154' title='bbox 413 1402 577 1455; x_wconf 87' lang='lat' dir='ltr'><em>quidem</em></span> <span class='ocrx_word' id='word_1_155' title='bbox 597 1402 695 1442; x_wconf 87' lang='lat' dir='ltr'><em>vidi.</em></span> <span class='ocrx_word' id='word_1_156' title='bbox 756 1404 944 1442; x_wconf 86' lang='lat' dir='ltr'><em>Senserat</em></span> <span class='ocrx_word' id='word_1_157' title='bbox 966 1415 1053 1441; x_wconf 87' lang='lat' dir='ltr'><em>eam</em></span> <span class='ocrx_word' id='word_1_158' title='bbox 1076 1403 1182 1441; x_wconf 85' lang='lat' dir='ltr'><em>forte</em></span> <span class='ocrx_word' id='word_1_159' title='bbox 1202 1402 1248 1452; x_wconf 92' lang='lat' dir='ltr'><em>is,</em></span> <span class='ocrx_word' id='word_1_160' title='bbox 1276 1401 1345 1454; x_wconf 89' lang='lat' dir='ltr'><em>qui</em></span> <span class='ocrx_word' id='word_1_161' title='bbox 1365 1401 1476 1454; x_wconf 89' lang='lat' dir='ltr'><em>apud</em></span> <span class='ocrx_word' id='word_1_162' title='bbox 1496 1401 1671 1440; x_wconf 91' lang='lat' dir='ltr'><em>Gellium</em></span> 
     </span>
     <span class='ocr_line' id='line_1_19' title="bbox 147 1458 1669 1512; baseline -0.001 -13"><span class='ocrx_word' id='word_1_163' title='bbox 147 1461 232 1511; x_wconf 88' lang='lat' dir='ltr'><em>VII,</em></span> <span class='ocrx_word' id='word_1_164' title='bbox 257 1464 309 1503; x_wconf 91' lang='lat'><em>17</em></span> <span class='ocrx_word' id='word_1_165' title='bbox 332 1461 382 1499; x_wconf 90' lang='lat' dir='ltr'><em>‹le</em></span> <span class='ocrx_word' id='word_1_166' title='bbox 402 1461 567 1500; x_wconf 84' lang='lat' dir='ltr'><em>notione</em></span> <span class='ocrx_word' id='word_1_167' title='bbox 585 1461 696 1500; x_wconf 87' lang='lat' dir='ltr'><em>vocis</em></span> <span class='ocrx_word' id='word_1_168' title='bbox 715 1460 907 1500; x_wconf 77' lang='lat' dir='ltr'><em>obnoxius</em></span> <span class='ocrx_word' id='word_1_169' title='bbox 926 1460 968 1500; x_wconf 89' lang='grc'><em>11.</em></span> <span class='ocrx_word' id='word_1_170' title='bbox 988 1461 1014 1500; x_wconf 93' lang='lat' dir='ltr'><em>l.</em></span> <span class='ocrx_word' id='word_1_171' title='bbox 1033 1461 1264 1512; x_wconf 86' lang='lat' dir='ltr'><em>quaerebat.</em></span> <span class='ocrx_word' id='word_1_172' title='bbox 1303 1459 1462 1499; x_wconf 83' lang='lat' dir='ltr'><em>Scilicet</em></span> <span class='ocrx_word' id='word_1_173' title='bbox 1481 1458 1669 1508; x_wconf 81' lang='lat' dir='ltr'><em>sumitur,</em></span> 
     </span>
     <span class='ocr_line' id='line_1_20' title="bbox 148 1516 1671 1572; baseline -0.002 -14"><span class='ocrx_word' id='word_1_174' title='bbox 148 1519 260 1571; x_wconf 92' lang='lat' dir='ltr'><em>quod</em></span> <span class='ocrx_word' id='word_1_175' title='bbox 276 1519 406 1572; x_wconf 91' lang='lat' dir='ltr'><em>primo</em></span> <span class='ocrx_word' id='word_1_176' title='bbox 426 1520 563 1558; x_wconf 83' lang='lat' dir='ltr'><em>statim</em></span> <span class='ocrx_word' id='word_1_177' title='bbox 583 1519 778 1572; x_wconf 85' lang='lat' dir='ltr'><em>adspectu</em></span> <span class='ocrx_word' id='word_1_178' title='bbox 798 1519 994 1558; x_wconf 90' lang='lat' dir='ltr'><em>occurrit:</em></span> <span class='ocrx_word' id='word_1_179' title='bbox 1019 1519 1115 1557; x_wconf 89' lang='lat' dir='ltr'><em>inde</em></span> <span class='ocrx_word' id='word_1_180' title='bbox 1134 1533 1157 1556; x_wconf 89' lang='lat' dir='ltr'><em>a</em></span> <span class='ocrx_word' id='word_1_181' title='bbox 1175 1518 1258 1561; x_wconf 80' lang='lat'><em>395</em></span> <span class='ocrx_word' id='word_1_182' title='bbox 1282 1518 1489 1572; x_wconf 86' lang='lat' dir='ltr'><em>praesagia</em></span> <span class='ocrx_word' id='word_1_183' title='bbox 1516 1516 1671 1557; x_wconf 87' lang='lat' dir='ltr'><em>sereni—</em></span> 
     </span>
     <span class='ocr_line' id='line_1_21' title="bbox 148 1576 1671 1630; baseline -0.001 -15"><span class='ocrx_word' id='word_1_184' title='bbox 148 1578 244 1616; x_wconf 85' lang='lat' dir='ltr'><em>tatis</em></span> <span class='ocrx_word' id='word_1_185' title='bbox 268 1577 495 1616; x_wconf 85' lang='lat' dir='ltr'><em>memorari.</em></span> <span class='ocrx_word' id='word_1_186' title='bbox 564 1576 691 1629; x_wconf 81' lang='lat' dir='ltr'><em>Atqui</em></span> <span class='ocrx_word' id='word_1_187' title='bbox 722 1592 767 1616; x_wconf 90' lang='lat' dir='ltr'><em>ea</em></span> <span class='ocrx_word' id='word_1_188' title='bbox 779 1608 790 1627; x_wconf 93' lang='lat'><em>,</em></span> <span class='ocrx_word' id='word_1_189' title='bbox 831 1591 932 1630; x_wconf 89' lang='lat' dir='ltr'><em>quae</em></span> <span class='ocrx_word' id='word_1_190' title='bbox 968 1583 1268 1627; x_wconf 83' lang='lat' dir='ltr'><em>memorantur,</em></span> <span class='ocrx_word' id='word_1_191' title='bbox 1308 1591 1394 1615; x_wconf 91' lang='lat' dir='ltr'><em>non</em></span> <span class='ocrx_word' id='word_1_192' title='bbox 1421 1576 1671 1616; x_wconf 86' lang='lat' dir='ltr'><em>conveniunt</em></span> 
     </span>
     <span class='ocr_line' id='line_1_22' title="bbox 149 1632 1670 1688; baseline 0.001 -14"><span class='ocrx_word' id='word_1_193' title='bbox 149 1635 246 1675; x_wconf 91' lang='lat' dir='ltr'><em>huic</em></span> <span class='ocrx_word' id='word_1_194' title='bbox 266 1636 444 1685; x_wconf 89' lang='lat' dir='ltr'><em>consilio,</em></span> <span class='ocrx_word' id='word_1_195' title='bbox 473 1635 597 1674; x_wconf 88' lang='lat' dir='ltr'><em>immo</em></span> <span class='ocrx_word' id='word_1_196' title='bbox 621 1649 720 1675; x_wconf 87' lang='lat' dir='ltr'><em>vero</em></span> <span class='ocrx_word' id='word_1_197' title='bbox 741 1641 980 1688; x_wconf 85' lang='lat' dir='ltr'><em>repugnant.</em></span> <span class='ocrx_word' id='word_1_198' title='bbox 1040 1637 1188 1674; x_wconf 90' lang='lat' dir='ltr'><em>Sensus</em></span> <span class='ocrx_word' id='word_1_199' title='bbox 1207 1635 1313 1674; x_wconf 85' lang='lat' dir='ltr'><em>enim</em></span> <span class='ocrx_word' id='word_1_200' title='bbox 1331 1649 1410 1674; x_wconf 87' lang='lat' dir='ltr'><em>vss.</em></span> <span class='ocrx_word' id='word_1_201' title='bbox 1424 1632 1670 1677; x_wconf 80' lang='lat'>395—400</span> 
     </span>
     <span class='ocr_line' id='line_1_23' title="bbox 148 1687 1671 1746; baseline -0.002 -14"><span class='ocrx_word' id='word_1_202' title='bbox 148 1694 217 1733; x_wconf 83' lang='lat' dir='ltr'><em>hie</em></span> <span class='ocrx_word' id='word_1_203' title='bbox 235 1707 316 1732; x_wconf 91' lang='lat' dir='ltr'><em>esse</em></span> <span class='ocrx_word' id='word_1_204' title='bbox 343 1693 599 1746; x_wconf 86' lang='lat' dir='ltr'><em>perhibetur:</em></span> <span class='ocrx_word' id='word_1_205' title='bbox 630 1694 838 1733; x_wconf 88' lang='lat' dir='ltr'><em>stellarum</em></span> <span class='ocrx_word' id='word_1_206' title='bbox 853 1701 894 1733; x_wconf 88' lang='lat' dir='ltr'><em>et</em></span> <span class='ocrx_word' id='word_1_207' title='bbox 913 1694 1033 1733; x_wconf 85' lang='lat' dir='ltr'><em>lunae</em></span> <span class='ocrx_word' id='word_1_208' title='bbox 1054 1694 1163 1732; x_wconf 89' lang='lat' dir='ltr'><em>clara</em></span> <span class='ocrx_word' id='word_1_209' title='bbox 1182 1707 1228 1732; x_wconf 89' lang='lat' dir='ltr'><em>ac</em></span> <span class='ocrx_word' id='word_1_210' title='bbox 1247 1707 1351 1746; x_wconf 87' lang='lat' dir='ltr'><em>pura</em></span> <span class='ocrx_word' id='word_1_211' title='bbox 1370 1693 1445 1732; x_wconf 84' lang='lat' dir='ltr'><em>lux</em></span> <span class='ocrx_word' id='word_1_212' title='bbox 1463 1699 1523 1731; x_wconf 88' lang='lat' dir='ltr'><em>est</em></span> <span class='ocrx_word' id='word_1_213' title='bbox 1551 1687 1671 1746; x_wconf 89' lang='lat' dir='ltr'><em>(quae</em></span> 
     </span>
     <span class='ocr_line' id='line_1_24' title="bbox 149 1749 1671 1803; baseline -0.002 -12"><span class='ocrx_word' id='word_1_214' title='bbox 149 1759 287 1791; x_wconf 87' lang='lat' dir='ltr'><em>tamen</em></span> <span class='ocrx_word' id='word_1_215' title='bbox 309 1751 510 1790; x_wconf 83' lang='lat' dir='ltr'><em>sententia</em></span> <span class='ocrx_word' id='word_1_216' title='bbox 528 1752 786 1803; x_wconf 85' lang='lat' dir='ltr'><em>grammatice</em></span> <span class='ocrx_word' id='word_1_217' title='bbox 808 1766 860 1791; x_wconf 83' lang='lat' dir='ltr'><em>ex</em></span> <span class='ocrx_word' id='word_1_218' title='bbox 879 1752 1015 1792; x_wconf 77' lang='lat' dir='ltr'><em>verbis</em></span> <span class='ocrx_word' id='word_1_219' title='bbox 1035 1752 1123 1791; x_wconf 88' lang='lat' dir='ltr'><em>erui</em></span> <span class='ocrx_word' id='word_1_220' title='bbox 1139 1752 1281 1803; x_wconf 87' lang='lat' dir='ltr'><em>nequit</em></span> <span class='ocrx_word' id='word_1_221' title='bbox 1294 1781 1305 1801; x_wconf 92' lang='lat'><em>,</em></span> <span class='ocrx_word' id='word_1_222' title='bbox 1336 1757 1384 1790; x_wconf 88' lang='lat' dir='ltr'><em>ut</em></span> <span class='ocrx_word' id='word_1_223' title='bbox 1399 1750 1536 1790; x_wconf 90' lang='lat' dir='ltr'><em>statim</em></span> <span class='ocrx_word' id='word_1_224' title='bbox 1553 1749 1671 1789; x_wconf 85' lang='lat' dir='ltr'><em>vide—</em></span> 
     </span>
     <span class='ocr_line' id='line_1_25' title="bbox 117 1807 1672 1864; baseline -0.003 -14"><span class='ocrx_word' id='word_1_225' title='bbox 117 1830 121 1841; x_wconf 56' lang='lat' dir='ltr'><em>r</em></span> <span class='ocrx_word' id='word_1_226' title='bbox 149 1808 316 1864; x_wconf 82' lang='lat' dir='ltr'><em>bimus):</em></span> <span class='ocrx_word' id='word_1_227' title='bbox 342 1824 422 1847; x_wconf 86' lang='lat' dir='ltr'><em>non</em></span> <span class='ocrx_word' id='word_1_228' title='bbox 445 1810 666 1849; x_wconf 84' lang='lat' dir='ltr'><em>nubeculae</em></span> <span class='ocrx_word' id='word_1_229' title='bbox 683 1811 784 1849; x_wconf 92' lang='lat' dir='ltr'><em>lanis</em></span> <span class='ocrx_word' id='word_1_230' title='bbox 804 1811 948 1849; x_wconf 84' lang='lat' dir='ltr'><em>similes</em></span> <span class='ocrx_word' id='word_1_231' title='bbox 969 1824 1042 1863; x_wconf 90' lang='lat' dir='ltr'><em>per</em></span> <span class='ocrx_word' id='word_1_232' title='bbox 1061 1810 1215 1849; x_wconf 90' lang='lat' dir='ltr'><em>caelum</em></span> <span class='ocrx_word' id='word_1_233' title='bbox 1235 1810 1424 1848; x_wconf 81' lang='lat' dir='ltr'><em>feruntur</em></span> <span class='ocrx_word' id='word_1_234' title='bbox 1443 1807 1575 1863; x_wconf 83' lang='lat' dir='ltr'><em>(atqui</em></span> <span class='ocrx_word' id='word_1_235' title='bbox 1594 1807 1672 1846; x_wconf 86' lang='lat' dir='ltr'><em>hae</em></span> 
     </span>
     <span class='ocr_line' id='line_1_26' title="bbox 152 1866 1671 1922; baseline -0.002 -15"><span class='ocrx_word' id='word_1_236' title='bbox 152 1868 288 1907; x_wconf 85' lang='lat' dir='ltr'><em>adesse</em></span> <span class='ocrx_word' id='word_1_237' title='bbox 309 1867 523 1917; x_wconf 87' lang='lat' dir='ltr'><em>deberent,</em></span> <span class='ocrx_word' id='word_1_238' title='bbox 554 1868 704 1921; x_wconf 83' lang='lat' dir='ltr'><em>quippe</em></span> <span class='ocrx_word' id='word_1_239' title='bbox 724 1882 826 1920; x_wconf 90' lang='lat' dir='ltr'><em>quae</em></span> <span class='ocrx_word' id='word_1_240' title='bbox 843 1875 940 1908; x_wconf 91' lang='lat' dir='ltr'><em>sunt</em></span> <span class='ocrx_word' id='word_1_241' title='bbox 958 1869 1087 1907; x_wconf 89' lang='lat' dir='ltr'><em>sereni</em></span> <span class='ocrx_word' id='word_1_242' title='bbox 1108 1868 1206 1906; x_wconf 90' lang='lat' dir='ltr'><em>caeli</em></span> <span class='ocrx_word' id='word_1_243' title='bbox 1226 1866 1400 1922; x_wconf 91' lang='lat' dir='ltr'><em>nuntii),</em></span> <span class='ocrx_word' id='word_1_244' title='bbox 1431 1881 1512 1905; x_wconf 84' lang='lat' dir='ltr'><em>non</em></span> <span class='ocrx_word' id='word_1_245' title='bbox 1532 1867 1671 1919; x_wconf 91' lang='lat' dir='ltr'><em>alcyo-</em></span> 
     </span>
     <span class='ocr_line' id='line_1_27' title="bbox 152 1924 1671 1980; baseline -0.001 -15"><span class='ocrx_word' id='word_1_246' title='bbox 152 1940 221 1966; x_wconf 89' lang='lat' dir='ltr'><em>nes</em></span> <span class='ocrx_word' id='word_1_247' title='bbox 244 1926 325 1964; x_wconf 89' lang='lat' dir='ltr'><em>alas</em></span> <span class='ocrx_word' id='word_1_248' title='bbox 344 1926 396 1964; x_wconf 90' lang='lat' dir='ltr'><em>ad</em></span> <span class='ocrx_word' id='word_1_249' title='bbox 416 1926 539 1964; x_wconf 91' lang='lat' dir='ltr'><em>solem</em></span> <span class='ocrx_word' id='word_1_250' title='bbox 560 1926 800 1979; x_wconf 81' lang='lat' dir='ltr'><em>expandunt</em></span> <span class='ocrx_word' id='word_1_251' title='bbox 827 1925 980 1980; x_wconf 88' lang='lat' dir='ltr'><em>(atqui,</em></span> <span class='ocrx_word' id='word_1_252' title='bbox 1013 1926 1046 1965; x_wconf 92' lang='lat' dir='ltr'><em>si</em></span> <span class='ocrx_word' id='word_1_253' title='bbox 1064 1925 1144 1965; x_wconf 91' lang='grc'>1100</span> <span class='ocrx_word' id='word_1_254' title='bbox 1164 1926 1272 1965; x_wconf 88' lang='lat' dir='ltr'><em>inter</em></span> <span class='ocrx_word' id='word_1_255' title='bbox 1287 1925 1493 1978; x_wconf 89' lang='lat' dir='ltr'><em>praesagia</em></span> <span class='ocrx_word' id='word_1_256' title='bbox 1518 1924 1671 1964; x_wconf 89' lang='lat' dir='ltr'><em>sereni-</em></span> 
     </span>
     <span class='ocr_line' id='line_1_28' title="bbox 153 1981 1673 2038; baseline -0.001 -15"><span class='ocrx_word' id='word_1_257' title='bbox 153 1985 247 2023; x_wconf 81' lang='lat' dir='ltr'><em>tatis</em></span> <span class='ocrx_word' id='word_1_258' title='bbox 265 1990 338 2034; x_wconf 90' lang='lat' dir='ltr'><em>est,</em></span> <span class='ocrx_word' id='word_1_259' title='bbox 369 1984 450 2022; x_wconf 90' lang='lat' dir='ltr'><em>alas</em></span> <span class='ocrx_word' id='word_1_260' title='bbox 472 1983 674 2023; x_wconf 87' lang='lat' dir='ltr'><em>debebant</em></span> <span class='ocrx_word' id='word_1_261' title='bbox 692 1985 935 2037; x_wconf 85' lang='lat' dir='ltr'><em>expandere,</em></span> <span class='ocrx_word' id='word_1_262' title='bbox 960 1999 1052 2024; x_wconf 85' lang='lat' dir='ltr'><em>cum</em></span> <span class='ocrx_word' id='word_1_263' title='bbox 1074 1985 1172 2023; x_wconf 86' lang='lat' dir='ltr'><em>caeli</em></span> <span class='ocrx_word' id='word_1_264' title='bbox 1191 1984 1381 2023; x_wconf 85' lang='lat' dir='ltr'><em>serenitas</em></span> <span class='ocrx_word' id='word_1_265' title='bbox 1399 1981 1574 2038; x_wconf 79' lang='lat' dir='ltr'><em>instet),</em></span> <span class='ocrx_word' id='word_1_266' title='bbox 1592 1997 1673 2021; x_wconf 85' lang='lat' dir='ltr'><em>non</em></span> 
     </span>
     <span class='ocr_line' id='line_1_29' title="bbox 151 2041 1673 2097; baseline -0.001 -17"><span class='ocrx_word' id='word_1_267' title='bbox 151 2056 241 2081; x_wconf 91' lang='lat' dir='ltr'><em>sues</em></span> <span class='ocrx_word' id='word_1_268' title='bbox 260 2043 415 2081; x_wconf 88' lang='lat' dir='ltr'><em>iactant</em></span> <span class='ocrx_word' id='word_1_269' title='bbox 431 2042 594 2095; x_wconf 83' lang='lat' dir='ltr'><em>frugum</em></span> <span class='ocrx_word' id='word_1_270' title='bbox 610 2043 839 2096; x_wconf 89' lang='lat' dir='ltr'><em>manipulos</em></span> <span class='ocrx_word' id='word_1_271' title='bbox 861 2041 931 2097; x_wconf 90' lang='lat' dir='ltr'><em>(an</em></span> <span class='ocrx_word' id='word_1_272' title='bbox 948 2057 1046 2082; x_wconf 83' lang='lat' dir='ltr'><em>vero</em></span> <span class='ocrx_word' id='word_1_273' title='bbox 1071 2056 1144 2095; x_wconf 91' lang='lat' dir='ltr'><em>per</em></span> <span class='ocrx_word' id='word_1_274' title='bbox 1174 2055 1291 2082; x_wconf 91' lang='lat' dir='ltr'><em>omne</em></span> <span class='ocrx_word' id='word_1_275' title='bbox 1308 2048 1469 2096; x_wconf 86' lang='lat' dir='ltr'><em>tempus</em></span> <span class='ocrx_word' id='word_1_276' title='bbox 1485 2041 1673 2095; x_wconf 90' lang='lat' dir='ltr'><em>pluvium</em></span> 
     </span>
     <span class='ocr_line' id='line_1_30' title="bbox 150 2098 1673 2155; baseline -0.002 -15"><span class='ocrx_word' id='word_1_277' title='bbox 150 2101 196 2140; x_wconf 89' lang='lat' dir='ltr'><em>id</em></span> <span class='ocrx_word' id='word_1_278' title='bbox 214 2101 369 2139; x_wconf 87' lang='lat' dir='ltr'><em>faciunt</em></span> <span class='ocrx_word' id='word_1_279' title='bbox 389 2113 477 2139; x_wconf 86' lang='lat' dir='ltr'><em>sues</em></span> <span class='ocrx_word' id='word_1_280' title='bbox 490 2131 500 2150; x_wconf 92' lang='lat'><em>,</em></span> <span class='ocrx_word' id='word_1_281' title='bbox 530 2114 605 2139; x_wconf 89' lang='lat' dir='ltr'><em>nec</em></span> <span class='ocrx_word' id='word_1_282' title='bbox 624 2101 701 2140; x_wconf 85' lang='lat' dir='ltr'><em>nisi</em></span> <span class='ocrx_word' id='word_1_283' title='bbox 724 2114 865 2140; x_wconf 90' lang='lat' dir='ltr'><em>sereno</em></span> <span class='ocrx_word' id='word_1_284' title='bbox 889 2102 998 2140; x_wconf 88' lang='lat' dir='ltr'><em>caelo</em></span> <span class='ocrx_word' id='word_1_285' title='bbox 1017 2100 1098 2140; x_wconf 91' lang='grc'>1100</span> <span class='ocrx_word' id='word_1_286' title='bbox 1113 2102 1244 2143; x_wconf 82' lang='lat' dir='ltr'><em>facere</em></span> <span class='ocrx_word' id='word_1_287' title='bbox 1266 2098 1522 2155; x_wconf 74' lang='lat' dir='ltr'><em>omittunt‘2).</em></span> <span class='ocrx_word' id='word_1_288' title='bbox 1562 2099 1673 2138; x_wconf 86' lang='lat' dir='ltr'><em>Haec</em></span> 
     </span>
     <span class='ocr_line' id='line_1_31' title="bbox 151 2158 1673 2212; baseline -0.001 -15"><span class='ocrx_word' id='word_1_289' title='bbox 151 2165 236 2198; x_wconf 89' lang='lat' dir='ltr'><em>tam</em></span> <span class='ocrx_word' id='word_1_290' title='bbox 252 2172 398 2211; x_wconf 91' lang='lat' dir='ltr'><em>parum</em></span> <span class='ocrx_word' id='word_1_291' title='bbox 413 2159 519 2197; x_wconf 85' lang='lat' dir='ltr'><em>inter</em></span> <span class='ocrx_word' id='word_1_292' title='bbox 538 2172 579 2197; x_wconf 92' lang='lat' dir='ltr'><em>se</em></span> <span class='ocrx_word' id='word_1_293' title='bbox 600 2160 870 2210; x_wconf 88' lang='lat' dir='ltr'><em>conveniunt,</em></span> <span class='ocrx_word' id='word_1_294' title='bbox 900 2166 947 2199; x_wconf 90' lang='lat' dir='ltr'><em>ut</em></span> <span class='ocrx_word' id='word_1_295' title='bbox 963 2160 1035 2199; x_wconf 77' lang='lat' dir='ltr'><em>vix</em></span> <span class='ocrx_word' id='word_1_296' title='bbox 1052 2159 1294 2212; x_wconf 82' lang='lat' dir='ltr'><em>assequaris,</em></span> <span class='ocrx_word' id='word_1_297' title='bbox 1326 2158 1530 2211; x_wconf 89' lang='lat' dir='ltr'><em>quomodo</em></span> <span class='ocrx_word' id='word_1_298' title='bbox 1551 2163 1673 2211; x_wconf 86' lang='lat' dir='ltr'><em>poeta</em></span> 
     </span>
     <span class='ocr_line' id='line_1_32' title="bbox 152 2217 1673 2270; baseline -0.001 -14"><span class='ocrx_word' id='word_1_299' title='bbox 152 2224 237 2256; x_wconf 90' lang='lat' dir='ltr'><em>tam</em></span> <span class='ocrx_word' id='word_1_300' title='bbox 259 2223 402 2255; x_wconf 89' lang='lat' dir='ltr'><em>acutus</em></span> <span class='ocrx_word' id='word_1_301' title='bbox 421 2217 583 2269; x_wconf 87' lang='lat' dir='ltr'><em>iungere</em></span> <span class='ocrx_word' id='word_1_302' title='bbox 609 2231 655 2256; x_wconf 89' lang='lat' dir='ltr'><em>ea</em></span> <span class='ocrx_word' id='word_1_303' title='bbox 670 2218 777 2257; x_wconf 86' lang='lat' dir='ltr'><em>inter</em></span> <span class='ocrx_word' id='word_1_304' title='bbox 798 2231 838 2256; x_wconf 86' lang='lat' dir='ltr'><em>se</em></span> <span class='ocrx_word' id='word_1_305' title='bbox 851 2249 861 2267; x_wconf 97' lang='lat'><em>,</em></span> <span class='ocrx_word' id='word_1_306' title='bbox 893 2224 964 2257; x_wconf 88' lang='lat' dir='ltr'><em>aut</em></span> <span class='ocrx_word' id='word_1_307' title='bbox 990 2218 1232 2270; x_wconf 84' lang='lat' dir='ltr'><em>interpretes</em></span> <span class='ocrx_word' id='word_1_308' title='bbox 1253 2231 1299 2255; x_wconf 90' lang='lat' dir='ltr'><em>ea</em></span> <span class='ocrx_word' id='word_1_309' title='bbox 1319 2224 1515 2269; x_wconf 88' lang='lat' dir='ltr'><em>tanquam</em></span> <span class='ocrx_word' id='word_1_310' title='bbox 1539 2229 1612 2269; x_wconf 90' lang='lat' dir='ltr'><em>per</em></span> <span class='ocrx_word' id='word_1_311' title='bbox 1632 2228 1673 2254; x_wconf 85' lang='lat' dir='ltr'><em>se</em></span> 
     </span>
     <span class='ocr_line' id='line_1_33' title="bbox 152 2273 1674 2329; baseline 0 -17"><span class='ocrx_word' id='word_1_312' title='bbox 152 2275 273 2328; x_wconf 85' lang='lat' dir='ltr'><em>plana</em></span> <span class='ocrx_word' id='word_1_313' title='bbox 292 2281 332 2313; x_wconf 88' lang='lat' dir='ltr'><em>et</em></span> <span class='ocrx_word' id='word_1_314' title='bbox 352 2275 540 2327; x_wconf 83' lang='lat' dir='ltr'><em>expedita</em></span> <span class='ocrx_word' id='word_1_315' title='bbox 569 2276 784 2315; x_wconf 88' lang='lat' dir='ltr'><em>admittere</em></span> <span class='ocrx_word' id='word_1_316' title='bbox 803 2276 1024 2329; x_wconf 87' lang='lat' dir='ltr'><em>potuerint.</em></span> <span class='ocrx_word' id='word_1_317' title='bbox 1073 2277 1130 2314; x_wconf 92' lang='lat' dir='ltr'><em>De</em></span> <span class='ocrx_word' id='word_1_318' title='bbox 1148 2275 1441 2329; x_wconf 87' lang='lat' dir='ltr'><em>posterioribus</em></span> <span class='ocrx_word' id='word_1_319' title='bbox 1467 2274 1571 2314; x_wconf 80' lang='lat' dir='ltr'><em>nihil</em></span> <span class='ocrx_word' id='word_1_320' title='bbox 1587 2273 1674 2314; x_wconf 84' lang='lat' dir='ltr'><em>vidi</em></span> 
     </span>
     <span class='ocr_line' id='line_1_34' title="bbox 152 2331 1675 2388; baseline -0.001 -16"><span class='ocrx_word' id='word_1_321' title='bbox 152 2333 373 2372; x_wconf 87' lang='lat' dir='ltr'><em>monitum:</em></span> <span class='ocrx_word' id='word_1_322' title='bbox 403 2331 533 2371; x_wconf 87' lang='lat' dir='ltr'><em>haesit</em></span> <span class='ocrx_word' id='word_1_323' title='bbox 553 2333 773 2386; x_wconf 85' lang='lat' dir='ltr'><em>disputatio</em></span> <span class='ocrx_word' id='word_1_324' title='bbox 791 2341 954 2374; x_wconf 84' lang='lat' dir='ltr'><em>tantum</em></span> <span class='ocrx_word' id='word_1_325' title='bbox 975 2334 1017 2372; x_wconf 90' lang='lat' dir='ltr'><em>in</em></span> <span class='ocrx_word' id='word_1_326' title='bbox 1036 2334 1240 2388; x_wconf 89' lang='lat' dir='ltr'><em>prioribus</em></span> <span class='ocrx_word' id='word_1_327' title='bbox 1252 2364 1263 2384; x_wconf 94' lang='lat'>‚</span> <span class='ocrx_word' id='word_1_328' title='bbox 1295 2335 1415 2372; x_wconf 84' lang='lat' dir='ltr'><em>Nam</em></span> <span class='ocrx_word' id='word_1_329' title='bbox 1442 2347 1567 2386; x_wconf 79' lang='lat' dir='ltr'><em>neque</em></span> <span class='ocrx_word' id='word_1_330' title='bbox 1589 2341 1675 2371; x_wconf 76' lang='lat' dir='ltr'><em>tam</em></span> 
     </span>
     <span class='ocr_line' id='line_1_35' title="bbox 153 2390 1674 2446; baseline -0.001 -16"><span class='ocrx_word' id='word_1_331' title='bbox 153 2392 277 2430; x_wconf 81' lang='lat' dir='ltr'><em>stellis</em></span> <span class='ocrx_word' id='word_1_332' title='bbox 295 2392 403 2429; x_wconf 85' lang='lat' dir='ltr'><em>acies</em></span> <span class='ocrx_word' id='word_1_333' title='bbox 421 2390 561 2430; x_wconf 69' lang='lat' dir='ltr'><em>obtusa</em></span> <span class='ocrx_word' id='word_1_334' title='bbox 578 2392 757 2431; x_wconf 68' lang='lat' dir='ltr'><em>videtur:</em></span> <span class='ocrx_word' id='word_1_335' title='bbox 791 2393 903 2445; x_wconf 90' lang='lat' dir='ltr'><em>quod</em></span> <span class='ocrx_word' id='word_1_336' title='bbox 919 2398 1055 2446; x_wconf 85' lang='lat' dir='ltr'><em>potest</em></span> <span class='ocrx_word' id='word_1_337' title='bbox 1072 2393 1174 2431; x_wconf 90' lang='lat' dir='ltr'><em>bene</em></span> <span class='ocrx_word' id='word_1_338' title='bbox 1191 2393 1251 2431; x_wconf 88' lang='lat' dir='ltr'><em>ita</em></span> <span class='ocrx_word' id='word_1_339' title='bbox 1266 2391 1411 2445; x_wconf 88' lang='lat' dir='ltr'><em>accipi:</em></span> <span class='ocrx_word' id='word_1_340' title='bbox 1433 2393 1558 2430; x_wconf 87' lang='lat' dir='ltr'><em>aciem</em></span> <span class='ocrx_word' id='word_1_341' title='bbox 1574 2390 1674 2429; x_wconf 85' lang='lat' dir='ltr'><em>stel-</em></span> 
     </span>
     <span class='ocr_line' id='line_1_36' title="bbox 152 2449 1674 2502; baseline -0.001 -15"><span class='ocrx_word' id='word_1_342' title='bbox 152 2449 285 2488; x_wconf 91' lang='lat' dir='ltr'><em>larum</em></span> <span class='ocrx_word' id='word_1_343' title='bbox 315 2462 425 2487; x_wconf 89' lang='lat' dir='ltr'><em>nunc</em></span> <span class='ocrx_word' id='word_1_344' title='bbox 452 2463 537 2487; x_wconf 89' lang='lat' dir='ltr'><em>non</em></span> <span class='ocrx_word' id='word_1_345' title='bbox 565 2450 736 2502; x_wconf 88' lang='lat' dir='ltr'><em>amplius</em></span> <span class='ocrx_word' id='word_1_346' title='bbox 761 2451 892 2490; x_wconf 88' lang='lat' dir='ltr'><em>videri</em></span> <span class='ocrx_word' id='word_1_347' title='bbox 923 2463 1004 2489; x_wconf 89' lang='lat' dir='ltr'><em>esse</em></span> <span class='ocrx_word' id='word_1_348' title='bbox 1036 2451 1222 2490; x_wconf 90' lang='lat' dir='ltr'><em>obtusam</em></span> <span class='ocrx_word' id='word_1_349' title='bbox 1231 2465 1242 2501; x_wconf 82' lang='lat'>3</span> <span class='ocrx_word' id='word_1_350' title='bbox 1282 2450 1462 2501; x_wconf 86' lang='lat' dir='ltr'><em>adeoque</em></span> <span class='ocrx_word' id='word_1_351' title='bbox 1485 2462 1573 2487; x_wconf 91' lang='lat' dir='ltr'><em>eam</em></span> <span class='ocrx_word' id='word_1_352' title='bbox 1592 2461 1674 2486; x_wconf 90' lang='lat' dir='ltr'><em>esse</em></span> 
     </span>
     <span class='ocr_line' id='line_1_37' title="bbox 154 2506 1676 2561; baseline -0.001 -15"><span class='ocrx_word' id='word_1_353' title='bbox 154 2507 325 2556; x_wconf 86' lang='lat' dir='ltr'><em>claram,</em></span> <span class='ocrx_word' id='word_1_354' title='bbox 358 2512 398 2544; x_wconf 89' lang='lat' dir='ltr'><em>et</em></span> <span class='ocrx_word' id='word_1_355' title='bbox 416 2507 548 2545; x_wconf 87' lang='lat' dir='ltr'><em>stellas</em></span> <span class='ocrx_word' id='word_1_356' title='bbox 579 2508 815 2559; x_wconf 77' lang='lat' dir='ltr'><em>enitescere3</em></span> <span class='ocrx_word' id='word_1_357' title='bbox 844 2509 888 2547; x_wconf 91' lang='lat' dir='ltr'><em>id</em></span> <span class='ocrx_word' id='word_1_358' title='bbox 911 2508 1022 2561; x_wconf 92' lang='lat' dir='ltr'><em>quod</em></span> <span class='ocrx_word' id='word_1_359' title='bbox 1041 2509 1087 2548; x_wconf 87' lang='lat' dir='ltr'><em>fit</em></span> <span class='ocrx_word' id='word_1_360' title='bbox 1120 2508 1307 2561; x_wconf 86' lang='lat' dir='ltr'><em>dispulsis</em></span> <span class='ocrx_word' id='word_1_361' title='bbox 1326 2507 1501 2546; x_wconf 87' lang='lat' dir='ltr'><em>nubibus</em></span> <span class='ocrx_word' id='word_1_362' title='bbox 1519 2513 1560 2545; x_wconf 89' lang='lat' dir='ltr'><em>et</em></span> <span class='ocrx_word' id='word_1_363' title='bbox 1577 2506 1676 2545; x_wconf 89' lang='lat' dir='ltr'><em>caeli</em></span> 
     </span>
     <span class='ocr_line' id='line_1_38' title="bbox 154 2564 1676 2617; baseline -0.001 -13"><span class='ocrx_word' id='word_1_364' title='bbox 154 2565 367 2604; x_wconf 87' lang='lat' dir='ltr'><em>serenitate</em></span> <span class='ocrx_word' id='word_1_365' title='bbox 393 2564 576 2604; x_wconf 86' lang='lat' dir='ltr'><em>reducta.</em></span> <span class='ocrx_word' id='word_1_366' title='bbox 634 2564 691 2604; x_wconf 90' lang='lat' dir='ltr'><em>At</em></span> <span class='ocrx_word' id='word_1_367' title='bbox 721 2567 828 2605; x_wconf 91' lang='lat' dir='ltr'><em>enim</em></span> <span class='ocrx_word' id='word_1_368' title='bbox 855 2567 957 2606; x_wconf 88' lang='lat' dir='ltr'><em>alter</em></span> <span class='ocrx_word' id='word_1_369' title='bbox 982 2580 1145 2606; x_wconf 88' lang='lat' dir='ltr'><em>versus:</em></span> <span class='ocrx_word' id='word_1_370' title='bbox 1178 2567 1272 2604; x_wconf 86' lang='lat' dir='ltr'><em>Nec</em></span> <span class='ocrx_word' id='word_1_371' title='bbox 1288 2565 1439 2617; x_wconf 77' lang='lat' dir='ltr'><em>fratris</em></span> <span class='ocrx_word' id='word_1_372' title='bbox 1457 2565 1585 2603; x_wconf 83' lang='lat' dir='ltr'><em>radiis</em></span> <span class='ocrx_word' id='word_1_373' title='bbox 1603 2564 1676 2603; x_wconf 83' lang='lat' dir='ltr'><em>ob—</em></span> 
     </span>
     <span class='ocr_line' id='line_1_39' title="bbox 153 2624 1676 2677; baseline -0.001 -15"><span class='ocrx_word' id='word_1_374' title='bbox 153 2625 279 2662; x_wconf 86' lang='lat' dir='ltr'><em>noxia</em></span> <span class='ocrx_word' id='word_1_375' title='bbox 299 2636 459 2674; x_wconf 76' lang='lat' dir='ltr'><em>surgere</em></span> <span class='ocrx_word' id='word_1_376' title='bbox 479 2625 605 2662; x_wconf 83' lang='lat' dir='ltr'><em>Luna</em></span> <span class='ocrx_word' id='word_1_377' title='bbox 619 2653 630 2672; x_wconf 97' lang='lat'><em>,</em></span> <span class='ocrx_word' id='word_1_378' title='bbox 664 2624 776 2663; x_wconf 85' lang='lat' dir='ltr'><em>nullo</em></span> <span class='ocrx_word' id='word_1_379' title='bbox 796 2625 919 2664; x_wconf 92' lang='lat' dir='ltr'><em>modo</em></span> <span class='ocrx_word' id='word_1_380' title='bbox 946 2638 1022 2663; x_wconf 89' lang='lat' dir='ltr'><em>nec</em></span> <span class='ocrx_word' id='word_1_381' title='bbox 1038 2624 1316 2677; x_wconf 87' lang='lat' dir='ltr'><em>grammatice,</em></span> <span class='ocrx_word' id='word_1_382' title='bbox 1347 2636 1423 2662; x_wconf 88' lang='lat' dir='ltr'><em>nec</em></span> <span class='ocrx_word' id='word_1_383' title='bbox 1444 2636 1582 2662; x_wconf 81' lang='lat' dir='ltr'><em>sensus</em></span> <span class='ocrx_word' id='word_1_384' title='bbox 1599 2636 1676 2676; x_wconf 90' lang='lat' dir='ltr'><em>pa-</em></span> 
     </span>
     <span class='ocr_line' id='line_1_40' title="bbox 153 2680 1676 2734; baseline -0.001 -14"><span class='ocrx_word' id='word_1_385' title='bbox 153 2681 276 2721; x_wconf 88' lang='lat' dir='ltr'><em>ritate</em></span> <span class='ocrx_word' id='word_1_386' title='bbox 307 2680 508 2720; x_wconf 86' lang='lat' dir='ltr'><em>convenit.</em></span> <span class='ocrx_word' id='word_1_387' title='bbox 569 2680 749 2732; x_wconf 84' lang='lat' dir='ltr'><em>Antiqua</em></span> <span class='ocrx_word' id='word_1_388' title='bbox 780 2682 972 2722; x_wconf 88' lang='lat' dir='ltr'><em>iunctura</em></span> <span class='ocrx_word' id='word_1_389' title='bbox 995 2682 1149 2721; x_wconf 87' lang='lat' dir='ltr'><em>tradita</em></span> <span class='ocrx_word' id='word_1_390' title='bbox 1169 2687 1227 2720; x_wconf 91' lang='lat' dir='ltr'><em>est</em></span> <span class='ocrx_word' id='word_1_391' title='bbox 1255 2695 1277 2718; x_wconf 90' lang='lat' dir='ltr'><em>a</em></span> <span class='ocrx_word' id='word_1_392' title='bbox 1296 2681 1458 2731; x_wconf 86' lang='lat' dir='ltr'><em>Servio,</em></span> <span class='ocrx_word' id='word_1_393' title='bbox 1488 2687 1538 2721; x_wconf 90' lang='lat' dir='ltr'><em>ut</em></span> <span class='ocrx_word' id='word_1_394' title='bbox 1556 2694 1676 2734; x_wconf 88' lang='lat' dir='ltr'><em>repe—</em></span> 
     </span>
     <span class='ocr_line' id='line_1_41' title="bbox 154 2737 1675 2792; baseline 0 -14"><span class='ocrx_word' id='word_1_395' title='bbox 154 2744 270 2778; x_wconf 89' lang='lat' dir='ltr'><em>tatur</em></span> <span class='ocrx_word' id='word_1_396' title='bbox 304 2737 459 2777; x_wconf 73' lang='lat' dir='ltr'><em>obtusa.</em></span> <span class='ocrx_word' id='word_1_397' title='bbox 522 2738 584 2777; x_wconf 85' lang='lat' dir='ltr'><em>Ita</em></span> <span class='ocrx_word' id='word_1_398' title='bbox 615 2739 711 2778; x_wconf 91' lang='lat' dir='ltr'><em>erit:</em></span> <span class='ocrx_word' id='word_1_399' title='bbox 741 2754 812 2778; x_wconf 83' lang='lat' dir='ltr'><em>nec</em></span> <span class='ocrx_word' id='word_1_400' title='bbox 831 2742 958 2779; x_wconf 78' lang='lat' dir='ltr'><em>Luna</em></span> <span class='ocrx_word' id='word_1_401' title='bbox 970 2770 981 2789; x_wconf 94' lang='lat'><em>,</em></span> <span class='ocrx_word' id='word_1_402' title='bbox 1019 2739 1163 2792; x_wconf 73' lang='lat' dir='ltr'><em>fratris</em></span> <span class='ocrx_word' id='word_1_403' title='bbox 1191 2739 1319 2777; x_wconf 80' lang='lat' dir='ltr'><em>radiis</em></span> <span class='ocrx_word' id='word_1_404' title='bbox 1346 2739 1542 2790; x_wconf 83' lang='lat' dir='ltr'><em>obnoxia,</em></span> <span class='ocrx_word' id='word_1_405' title='bbox 1573 2752 1675 2791; x_wconf 89' lang='lat' dir='ltr'><em>quae</em></span> 
     </span>
     <span class='ocr_line' id='line_1_42' title="bbox 155 2796 1676 2850; baseline -0.001 -14"><span class='ocrx_word' id='word_1_406' title='bbox 155 2797 287 2836; x_wconf 89' lang='lat' dir='ltr'><em>lucem</em></span> <span class='ocrx_word' id='word_1_407' title='bbox 304 2801 518 2835; x_wconf 89' lang='lat' dir='ltr'><em>mutuatur</em></span> <span class='ocrx_word' id='word_1_408' title='bbox 547 2810 570 2834; x_wconf 87' lang='lat' dir='ltr'><em>a</em></span> <span class='ocrx_word' id='word_1_409' title='bbox 597 2796 679 2835; x_wconf 80' lang='lat' dir='ltr'><em>sole</em></span> <span class='ocrx_word' id='word_1_410' title='bbox 691 2827 703 2847; x_wconf 89' lang='lat'><em>,</em></span> <span class='ocrx_word' id='word_1_411' title='bbox 734 2798 890 2836; x_wconf 79' lang='lat' dir='ltr'><em>videtur</em></span> <span class='ocrx_word' id='word_1_412' title='bbox 905 2812 1065 2850; x_wconf 81' lang='lat' dir='ltr'><em>surgere</em></span> <span class='ocrx_word' id='word_1_413' title='bbox 1082 2797 1222 2836; x_wconf 79' lang='lat' dir='ltr'><em>obtusa</em></span> <span class='ocrx_word' id='word_1_414' title='bbox 1235 2814 1248 2835; x_wconf 91' lang='lat'><em>.·</em></span> <span class='ocrx_word' id='word_1_415' title='bbox 1281 2803 1421 2836; x_wconf 79' lang='lat' dir='ltr'><em>contra</em></span> <span class='ocrx_word' id='word_1_416' title='bbox 1440 2811 1538 2837; x_wconf 86' lang='lat' dir='ltr'><em>vero</em></span> <span class='ocrx_word' id='word_1_417' title='bbox 1558 2796 1676 2837; x_wconf 84' lang='lat' dir='ltr'><em>vide-</em></span> 
     </span>
     <span class='ocr_line' id='line_1_43' title="bbox 155 2853 1676 2908; baseline -0.001 -13"><span class='ocrx_word' id='word_1_418' title='bbox 155 2862 227 2895; x_wconf 87' lang='lat' dir='ltr'><em>tur</em></span> <span class='ocrx_word' id='word_1_419' title='bbox 248 2854 346 2894; x_wconf 85' lang='lat' dir='ltr'><em>oriri</em></span> <span class='ocrx_word' id='word_1_420' title='bbox 365 2853 485 2893; x_wconf 86' lang='lat' dir='ltr'><em>clara.</em></span> <span class='ocrx_word' id='word_1_421' title='bbox 515 2855 650 2893; x_wconf 87' lang='lat' dir='ltr'><em>Recte.</em></span> <span class='ocrx_word' id='word_1_422' title='bbox 710 2853 766 2893; x_wconf 85' lang='lat' dir='ltr'><em>At</em></span> <span class='ocrx_word' id='word_1_423' title='bbox 786 2855 893 2894; x_wconf 90' lang='lat' dir='ltr'><em>enim</em></span> <span class='ocrx_word' id='word_1_424' title='bbox 908 2856 1039 2908; x_wconf 90' lang='lat' dir='ltr'><em>primo</em></span> <span class='ocrx_word' id='word_1_425' title='bbox 1059 2856 1219 2895; x_wconf 71' lang='lat' dir='ltr'><em>videtur</em></span> <span class='ocrx_word' id='word_1_426' title='bbox 1232 2855 1309 2894; x_wconf 92' lang='lat' dir='ltr'><em>alio</em></span> <span class='ocrx_word' id='word_1_427' title='bbox 1326 2855 1450 2895; x_wconf 89' lang='lat' dir='ltr'><em>modo</em></span> <span class='ocrx_word' id='word_1_428' title='bbox 1468 2869 1581 2895; x_wconf 89' lang='lat' dir='ltr'><em>nunc</em></span> <span class='ocrx_word' id='word_1_429' title='bbox 1606 2869 1676 2894; x_wconf 92' lang='lat' dir='ltr'><em>ac-</em></span> 
     </span>
     <span class='ocr_line' id='line_1_44' title="bbox 157 2912 1676 2968; baseline 0 -15"><span class='ocrx_word' id='word_1_430' title='bbox 157 2913 306 2967; x_wconf 88' lang='lat' dir='ltr'><em>cipitur</em></span> <span class='ocrx_word' id='word_1_431' title='bbox 327 2925 449 2965; x_wconf 88' lang='lat' dir='ltr'><em>quam</em></span> <span class='ocrx_word' id='word_1_432' title='bbox 482 2912 689 2966; x_wconf 89' lang='lat' dir='ltr'><em>superiore</em></span> <span class='ocrx_word' id='word_1_433' title='bbox 710 2926 856 2965; x_wconf 88' lang='lat' dir='ltr'><em>versu,</em></span> <span class='ocrx_word' id='word_1_434' title='bbox 886 2914 958 2953; x_wconf 92' lang='lat' dir='ltr'><em>ubi</em></span> <span class='ocrx_word' id='word_1_435' title='bbox 977 2919 1062 2953; x_wconf 87' lang='lat' dir='ltr'><em>erat</em></span> <span class='ocrx_word' id='word_1_436' title='bbox 1077 2928 1154 2968; x_wconf 87' lang='lat' dir='ltr'><em>pro</em></span> <span class='ocrx_word' id='word_1_437' title='bbox 1174 2916 1348 2953; x_wconf 81' lang='lat' dir='ltr'><em>cernitur</em></span> <span class='ocrx_word' id='word_1_438' title='bbox 1361 2944 1374 2964; x_wconf 93' lang='lat'><em>,</em></span> <span class='ocrx_word' id='word_1_439' title='bbox 1406 2927 1518 2953; x_wconf 90' lang='lat' dir='ltr'><em>nunc</em></span> <span class='ocrx_word' id='word_1_440' title='bbox 1540 2919 1676 2953; x_wconf 79' lang='lat' dir='ltr'><em>autem</em></span> 
     </span>
    </p>
   </div>
  </div>
 </body>
</html>
