1768 3320
168 215 272 264 342

496 212 553 263 Ρ.
588 211 946 264 VIRGILII
990 211 1368 264 MARONIS

165 342 339 390 Nocte
361 337 507 389 leves
531 337 728 390 melius
751 337 1002 405 stipulae,
1040 347 1203 389 nocte
1231 338 1376 389 arida
1398 348 1548 407 prata

169 409 520 471 Tondentur3
557 418 745 459 noctes
773 408 951 458 lentus
974 425 1090 459 non
1116 408 1300 460 deficit
1322 409 1538 464 humor.
1593 416 1698 465 290

165 482 234 531 Et
259 479 480 547 quidam
505 496 654 530 seros
681 478 898 529 hiberni
924 478 991 529 ad
1016 479 1235 530 luminis
1257 481 1407 546 ignes

167 549 472 616 Pervigilat,
509 548 768 617 ferroque
792 547 936 599 faces
958 550 1182 618 inspicat
1206 560 1387 603 acuto·

167 669 310 704 humor.
358 668 462 702 Dicta
482 676 596 702 autem
613 667 778 702 similiter
794 673 901 713 atque
922 668 987 702 Ge.
1005 668 1065 709 ΙΙΙ,
1086 667 1158 704 304
1178 680 1259 702 cum
1278 687 1323 694 -
1343 676 1577 715 extremoque
1595 668 1700 703 irro-

169 725 231 750 rat
250 717 431 762 aquarius
449 728 560 758 anno,
586 715 712 761 irrigat
728 722 842 749 terras
862 714 1000 760 pluviis.
1049 716 1094 750 Et
1116 715 1274 760 agricola
1282 715 1434 770 plantis
1451 717 1587 750 amicos
1605 717 1699 750 irri-

196 771 236 797 αι
254 762 387 797 imbres
405 764 469 797 Ge.
489 764 551 805 IV,
571 763 650 798 115.
698 764 762 796 Est
779 768 897 796 autem
913 763 1082 796 irrorare
1105 774 1183 796 voc.
1202 762 1389 797 rusticum:
1421 775 1454 797 v.
1473 763 1550 797 lud.
1568 762 1698 808 Script-

167 777 214 844 iie
234 811 276 844 R.
295 811 338 844 R.
365 813 431 855 Ap.
452 810 585 844 Colum.
604 811 671 853 IX,
692 809 748 852 14,
767 811 811 845 10
842 810 1018 844 irroratis
1034 808 1221 863 floribus,
1254 822 1339 857 apes
1367 810 1474 844 mella
1499 810 1699 846 conficiunt.

167 859 262 902 Ergo
286 865 321 891 et
342 869 413 891 nox
431 857 562 891 irrorat
584 864 696 891 terras
711 857 770 891 vel
788 856 943 891 Lucifer.
991 858 1037 891 Et
1058 856 1160 891 Ovid.
1178 858 1266 893 Met.
1282 858 1380 901 XIII,
1397 858 1467 894 622
1482 860 1637 892 Aurora
1653 877 1699 883 -

168 906 272 940 Nunc
300 916 440 950 quoque
469 904 533 938 dat
558 904 720 939 lacrimas
743 911 780 938 et
806 912 885 939 toto
905 912 1013 938 rorat
1031 904 1070 938 in
1093 902 1191 943 orbe.

169 951 235 995 al.,
268 963 340 985 non
360 951 466 985 belle.
504 951 588 998 (vid.
615 952 712 986 Cort.
738 952 784 986 ad
800 952 931 985 Lucan.
948 953 973 993 Ι,
994 951 1072 987 137.
1104 951 1199 1006 Wr.)

1285 906 1357 940 289
1382 905 1545 952 stipulae
1569 905 1702 939 melius

1292 953 1365 988 290
1388 953 1510 986 noctis
1526 952 1699 998 potiores,

169 1012 246 1034 cum
264 998 526 1033 Grammaticis:
564 1000 656 1034 conf.
676 999 812 1034 Pierius
833 1011 910 1033 cum
931 998 1099 1032 Heinsio.
1134 998 1196 1044 qui
1213 998 1284 1033 hoc
1301 1005 1533 1044 reposuerat,
1567 1006 1607 1033 ut
1629 1011 1699 1045 pro

168 1055 296 1080 noctes
316 1053 419 1080 esset.
467 1048 597 1080 Iterum
615 1053 809 1081 retractum
834 1054 962 1080 noctes
979 1058 999 1080 a
1016 1047 1233 1090 Burmanno,
1258 1053 1298 1080 ut
1317 1045 1526 1092 ambiguitas
1546 1046 1700 1081 tollere-

168 1101 241 1135 tui-3
277 1101 312 1127 et
334 1100 494 1139 praestat
521 1094 767 1128 auctoritatem
783 1095 906 1136 Rom„
942 1100 977 1126 et
1002 1093 1062 1139 qui
1091 1105 1134 1127 eo
1159 1072 1339 1137 alhidunt,
1374 1093 1495 1140 sequi,
1527 1093 1598 1128 nisi
1627 1107 1700 1129 no—

169 1142 259 1175 cteis
276 1140 421 1175 scribas.
471 1149 580 1175 nocte
597 1142 827 1187 Longobard.
846 1140 976 1174 WIedic.
998 1147 1035 1174 et
1053 1140 1122 1174 duo
1145 1141 1250 1175 codd.
1267 1154 1324 1187 ap.
1344 1144 1442 1176 Serv.
1467 1120 1513 1175 a'd
1530 1145 1618 1176 Aen.
1636 1143 1699 1185 IV,

168 1189 202 1224 7-
239 1187 360 1234 (Nulla
382 1194 436 1222 est
452 1188 679 1233 ambiguitas3
705 1188 838 1234 optime
861 1187 953 1222 enim
971 1187 1172 1223 Fabricius:

1198 1188 1339 1232 „Nocti
1358 1189 1544 1234 proprium
1563 1196 1637 1232 est,
1662 1197 1701 1223 ut

169 1235 216 1269 sit
233 1235 395 1270 humida:
421 1248 493 1270 non
513 1235 621 1281 igitur
643 1237 774 1271 humor
793 1237 932 1276 noctis5
967 1235 1032 1269 sed
1047 1236 1180 1270 humor
1198 1248 1276 1270 non
1294 1236 1420 1281 delicit
1440 1239 1604 1271 noctes.“
1652 1237 1700 1272 Et

168 1282 307 1316 Servius
320 1296 328 1316 ε

167 1329 253 1364 lian.
291 1328 412 1376 defuit
433 1332 524 1366 Ven.

359 1309 380 1324 ‚‚
390 1283 542 1326 Noctis,
565 1283 789 1318 Accusativus
808 1283 967 1328 pluralis.
978 1284 1000 1301 “

619 1333 688 1367 291
714 1332 765 1365 ad
783 1331 937 1364 deletum
957 1329 994 1363 in
1012 1330 1183 1364 Rottend.
1201 1342 1270 1365 sec.

1031 1281 1127 1327 Wr.)
1176 1283 1350 1318 humidus
1366 1282 1487 1318 noctis
1503 1295 1581 1318 non
1603 1283 1699 1318 Tol-

1365 1331 1438 1366 292
1461 1331 1700 1379 Pervigilant

167 1378 293 1423 fragm.
313 1378 445 1411 Moret.
493 1379 660 1426 exspirat
672 1380 764 1415 Ven.
776 1405 786 1422 ‚
809 1377 1065 1413 aberrationes.

170 1485 241 1524 Ge.
260 1484 329 1535 III,
355 1483 547 1528 324—6
577 1485 767 1538 Luciferi
768 1487 906 1537 primo

169 1558 263 1582 cum
282 1543 408 1582 sidere
419 1565 478 1573 —·
497 1543 598 1582 dum
615 1558 680 1582 ros
710 1545 764 1582 in·
772 1552 907 1582 tenera

163 1603 305 1654 pecori
333 1603 596 1653 gratissimus
621 1601 760 1640 herba.
795 1604 906 1640 inro-

168 1668 233 1698 rat
252 1668 400 1710 terras,
436 1660 531 1711 quia
563 1660 666 1699 aeris
692 1659 842 1713 humor
868 1665 909 1698 et

168 1718 212 1756 in
239 1717 377 1756 herbis
410 1731 479 1756 ros
514 1723 606 1757 tum
641 1719 716 1757 sub
746 1732 908 1757 sensum

168 1775 283 1816 venit
293 1791 304 1827 3
339 1775 452 1827 quod
476 1776 614 1829 Eurip.
654 1776 817 1829 Hippol.
851 1778 907 1818 78

171 1834 307 1874 dixit:
348 1833 424 1882 ἕως
470 1833 515 1876 δὲ
554 1836 795 1888 ποταμίαισι
830 1850 908 1888 κη-

169 1889 287 1933 πεύει
322 1889 498 1946 δρόσοις.
578 1893 713 1931 Solem
757 1907 908 1931 novum

171 1950 315 1990 dicunt
337 1956 482 2004 poetae
512 1964 589 2004 pro
616 1950 784 1990 oriente.
835 1950 907 1989 Di·-

171 2014 286 2048 ctum
320 2008 445 2061 igitur
467 2039 477 2059 ,
515 2009 598 2047 sole
622 2023 726 2048 novo
751 2039 763 2059 ,
803 2007 845 2048 h.
873 2021 906 2048 e.

169 2080 288 2107 mane
309 2097 319 2117 ,
361 2080 454 2106 cum
498 2079 594 2107 rore
641 2081 742 2107 arva
777 2067 908 2120 rigata

170 2133 289 2175 sunt,
329 2125 506 2164 madent.
568 2123 707 2180 (Vide,
749 2125 783 2163 si
814 2125 907 2178 pla-

171 2190 248 2234 cet,
280 2183 461 2223 Gronov.
481 2183 607 2223 Diatr.
626 2198 666 2236 p.
678 2182 776 2226 234.
792 2181 905 2238 Wr.)

227 2243 327 2284 289.
358 2242 414 2279 De
435 2242 554 2282 foeno
567 2242 668 2284 Plin.
681 2241 824 2292 XVIII,
837 2245 906 2292 67,

170 2297 213 2353 ς.
232 2298 260 2341 4
297 2300 479 2351 Quidam
492 2301 628 2352 pridie
646 2302 808 2352 rigant,
839 2298 910 2338 ubi

170 2365 263 2396 sunt
298 2359 436 2410 rigua.
502 2358 705 2397 Noctibus
741 2358 908 2396 roscidis

170 2417 300 2455 secari
324 2417 492 2466 melius,
535 2417 628 2468 quia
658 2416 741 2456 scil.
768 2422 909 2456 noctes

170 2480 267 2513 sunt
283 2473 487 2513 humidae.
546 2475 604 2513 De
629 2475 721 2514 saba
753 2474 909 2514 Colum.

171 2532 227 2582 ΙΙ,
251 2535 326 2582 10,
351 2534 405 2574 12
444 2533 592 2571 Silente
624 2534 725 2572 luna
749 2532 908 2586 fabam

171 2590 306 2629 vellito
322 2598 415 2628 ante
439 2591 584 2629 lucem.
647 2591 753 2643 Ergo
773 2593 907 2643 stipu-

171 2648 237 2686 lae
269 2661 356 2686 non
383 2647 436 2686 ad
466 2649 768 2687 frumentorum
798 2662 907 2687 mes-

171 2718 275 2756 sem,
321 2705 393 2744 sed
434 2706 486 2744 ad
513 2707 714 2759 legumina
733 2736 744 2756 ,
777 2715 907 2758 prata

172 2764 226 2802 ad
243 2763 503 2803 foenisecium
524 2771 646 2804 erunt
664 2764 906 2804 reserenda?

171 2822 229 2860 De
254 2823 416 2875 stipulis
433 2829 571 2861 tamen
591 2822 779 2861 dubitare
800 2822 906 2872 licet,

171 2894 223 2919 an
248 2881 308 2920 ita
343 2880 545 2920 dicantur.
620 2882 772 2920 Contra
805 2894 905 2920 vero

173 2939 224 2977 de
249 2938 432 2991 frugibus
464 2939 538 2978 sub
568 2939 793 2978 diluculum
817 2952 906 2977 me-

171 2997 306 3036 tendis
319 3011 456 3039 omnes
475 3004 662 3037 auctores
679 2997 811 3050 operis
830 3010 904 3036 ru·-

964 1484 1056 1524 stici
1085 1483 1370 1538 praecipim1t3
1408 1483 1468 1523 ita
1490 1490 1539 1523 ut
1558 1483 1609 1523 de
1627 1484 1701 1523 iis-

965 1543 1059 1582 dem
1092 1542 1346 1597 accipiendae
1386 1542 1470 1582 sint
1515 1543 1700 1596 stipulae.

965 1602 1013 1641 cf.
1026 1601 1096 1641 ins.
1115 1602 1168 1640 ad
1187 1615 1227 1641 v.
1239 1603 1338 1644 297.
1368 1601 1443 1640 Vir
1459 1600 1567 1641 doct.
1585 1601 1700 1652 Voss,

966 1661 1098 1713 operis
1122 1659 1267 1699 rustici
1288 1659 1465 1713 peritus,
1503 1660 1631 1699 verba
1647 1659 1701 1699 ad

966 1732 1060 1757 eum
1097 1731 1255 1758 morem
1291 1718 1418 1757 refert
1435 1748 1446 1768 ,
1488 1731 1570 1770 quo
1605 1724 1701 1771 post

965 1777 1137 1816 refectos
1162 1789 1290 1815 messe
1321 1777 1431 1815 sacta
1460 1776 1615 1815 culmos
1630 1790 1698 1816 re-

964 1835 1086 1874 lictae
1121 1835 1292 1888 stipulae
1331 1833 1457 1873 serius
1497 1841 1699 1875 secantur.

966 1893 1060 1942 Qua
1088 1892 1142 1931 de'
1167 1906 1213 1932 re
1242 1891 1346 1931 nihil
1371 1892 1534 1944 quidem
1558 1893 1602 1932 in
1618 1894 1701 1933 Co-

963 1951 1151 1990 lumellae
1175 1951 1266 1990 loco
1293 1949 1392 1989 hinc
1416 1964 1606 2004 expresso
1630 1952 1700 1992 lib.

965 2010 1013 2060 H,
1039 2012 1104 2052 18.
1131 2012 1197 2052 19.
1216 2012 1285 2051 20.
1316 2009 1456 2049 necin
1474 2009 1604 2050 Plinio
1631 2024 1701 2051 re-

964 2069 1107 2122 perio3
1153 2073 1410 2106 memoratur·
1441 2074 1581 2107 tamen
1621 2069 1701 2109 ista

964 2126 1173 2167 messionis
1210 2126 1319 2165 ratio
1354 2125 1463 2165 inter
1496 2127 1624 2166 trinas
1653 2128 1700 2167 in

965 2185 1081 2224 Italia
1098 2184 1232 2223 media
1248 2185 1417 2223 usitatas
1438 2185 1568 2224 Varro
1589 2186 1618 2236 Ι,
1630 2186 1699 2229 50.

966 2242 1142 2283 Omnino
1170 2243 1298 2282 miror
1327 2244 1552 2296 Scriptores
1580 2245 1629 2284 R.
1649 2245 1699 2284 R.

967 2302 1017 2340 de
1036 2302 1123 2354 ipsa
1142 2301 1428 2341 metendarum
1449 2302 1614 2355 frugum
1629 2317 1700 2342 ra-

964 2360 1077 2399 tione
1106 2366 1192 2399 tam
1210 2373 1341 2413 pauca
1360 2360 1604 2413 praecipere.
1642 2361 1700 2400 De

964 2418 1093 2472 pratis
1125 2431 1224 2457 vero
1271 2431 1389 2457 nemo
1436 2418 1610 2458 dubitat.
1649 2420 1699 2459 cf.

965 2477 1144 2515 Diekson
1163 2477 1208 2515 T.
1229 2476 1276 2526 II,
1293 2490 1332 2529 p.
1355 2479 1436 2518 311
1461 2490 1518 2528 sq.
1549 2479 1700 2516 Nocti-

966 2534 1039 2572 bus
1063 2534 1230 2573 roscidis
1248 2536 1379 2572 secari
1394 2535 1538 2573 melius
1551 2565 1563 2586 ,
1595 2535 1698 2575 Plin.

964 2592 1106 2642 XVIII,
1125 2594 1193 2642 67,
1219 2590 1262 2633 4.

1021 2652 1120 2692 292.
1152 2649 1282 2702 Eclog.
1303 2650 1386 2700 VH,
1398 2652 1455 2692 29
1470 2665 1614 2694 novas
1632 2653 1698 2690 in—

964 2708 1092 2746 cidere
1118 2707 1250 2757 saces.
1282 2708 1387 2747 conf.
1415 2708 1516 2748 Plin.
1550 2709 1697 2760 XVIII,

966 2768 1033 2808 63.
1055 2765 1209 2805 Colum.
1244 2766 1316 2816 XI,
1335 2770 1375 2816 2,
1399 2769 1466 2809 90.
1498 2770 1699 2820 inspicare

964 2837 1135 2862 novasse
1154 2823 1322 2864 videtur
1339 2831 1483 2878 poeta,
1514 2831 1563 2864 ut
1587 2826 1639 2865 sit
1653 2826 1698 2865 in

964 2881 1095 2935 spicae
1111 2883 1285 2921 formam
1297 2914 1308 2934 ‚
1340 2883 1522 2935 adeoque
1537 2884 1582 2923 in
1597 2898 1697 2924 acu-

963 2945 1049 2978 tam
1066 2941 1284 2994 cuspidem,
1309 2941 1534 2982 concidere.
1564 2943 1698 2981 solata

964 2997 1141 3037 laborem
1161 3016 1173 3038 .·
1214 2999 1297 3040 vid.
1326 2999 1379 3039 ad
1413 2999 1512 3040 Aen.
1542 3000 1580 3051 Ι,
1597 3003 1694 3043 239.
