1768 3320
319 212 725 293 meolam
758 211 922 264 ECL.
960 210 1074 274 vn,
1103 215 1141 261 7
1160 241 1217 248 -
1244 217 1307 264 19

1464 220 1564 271 191

49 345 148 398 nic
168 341 552 396 viridissenem
570 338 828 406 praetexit
850 336 1113 388 arundine
1137 337 1279 404 ripas

48 413 302 476 Mincius,
338 426 480 478 eque
503 425 646 462 sacra
667 415 924 472 resonant
943 407 1181 458 examina
1203 423 1421 473 quercu.

51 482 198 550 Quid
230 480 503 533 facerem?
549 495 731 547 neque
754 493 855 543 ego
876 476 1164 544 Alcippen,
1201 493 1382 544 neque
1410 478 1569 544 Phyl-

46 620 314 691 Depulsos
335 638 364 672 a
382 620 517 670 lacte
537 618 688 670 domi
710 634 847 687 quae
869 616 1150 668 *clauderet
1168 632 1358 682 agnos3

830 547 968 611 lida,
1001 546 1285 611 habebam,

1504 621 1568 670 15

45 694 116 744 Et
134 701 408 747 certamen
430 699 557 754 erat,
577 688 832 753 Corydon
856 704 980 738 cum
992 684 1272 758 Thyrside,
1294 702 1566 753 magnum.

45 760 340 821 Posthabui
359 770 543 811 tamen
562 759 780 812 illorum
800 775 924 809 mea
943 758 1080 808 seria
1101 756 1249 810 ludo,

45 833 279 885 Alternis
298 831 458 900 igitur
477 829 809 886 contendere
829 828 1069 879 versibus
1090 828 1253 878 ambo

47 904 318 971 Coepere:
354 901 588 953 alternos
601 904 787 952 Musae
804 899 1117 950 meminisse
1136 896 1403 949 volebant.

119 1001 200 1052 14.
234 1011 337 1048 ime
356 998 455 1048 ΡΗ.

97 1126 143 1164 12
160 1126 446 1175 peneaievoss.
471 1123 585 1170 prior.
627 1124 797 1172 protexit
823 1122 956 1157 Zulich.
989 1129 1025 1156 et
1053 1121 1154 1156 Leid.
1180 1134 1250 1156 sec.
1295 1120 1437 1155 virides
1456 1121 1568 1154 etiam

41 1174 348 1223 protexit-rrae.
371 1171 507 1207 vividis
523 1173 628 1218 ripas
641 1171 786 1216 iungere
803 1182 907 1204 nemo
928 1169 1113 1204 dubitabit.
1162 1167 1323 1215 (Vossius
1341 1167 1456 1213 iungit
1471 1168 1567 1202 viri-

46 1222 108 1255 dis
125 1221 300 1255 Mandas.
330 1219 426 1264 Wr.)

521 1219 568 1256 13
592 1227 704 1265 atque
725 1218 889 1272 Longob.
918 1230 988 1251 sec.
1013 1215 1145 1251 Moreti
1171 1223 1209 1250 et
1226 1215 1362 1250 Zulich.
1410 1216 1469 1249 lu‘c
1496 1226 1568 1261 que

170 1267 313 1302 Mureti.
358 1265 494 1301 Pierius
511 1272 684 1299 memorat
699 1278 720 1299 a
735 1277 820 1299 vms
842 1264 1019 1298 nonnullis
1037 1263 1152 1298 doctis
1165 1262 1324 1297 recitari:
1349 1275 1441 1308 eque
1460 1273 1566 1295 cava.

46 1274 237 1407 ξξιζεςιιε
255 1315 325 1349 ΡΙι.
345 1314 459 1359 fragm

101 1375 133 1396 r-

46 1401 112 1443 sed
132 1408 171 1442 in
191 1420 305 1454 marg.
413 1419 466 1441 os.
508 1415 684 1455 pasceret

45 1455 198 1490 Mosella
225 1467 277 1489 vs.
294 1456 395 1492 m:
427 1480 448 1495 „
462 1466 533 1487 sua
554 1455 654 1487 seria

45 1502 215 1538 Rottend.
242 1514 314 1538 nec.

462 1338 471 1346 .
488 1312 632 1347 Moreti.
657 1313 707 1358 (et
725 1312 796 1346 hoc
814 1311 988 1346 revocavi.
1021 1311 1093 1344 vid.
1114 1313 1158 1353 Q.
1176 1311 1222 1344 V.
1238 1310 1396 1351 XXXII,
1417 1312 1450 1346 1.
1475 1316 1511 1342 et
1529 1309 1566 1344 5.

244 1361 291 1398 15
315 1360 621 1409 quaeclauderet
639 1360 780 1395 haedos
796 1358 925 1392 Medic.
973 1358 1031 1393 sic
1048 1356 1252 1392 conveniret
1275 1369 1353 1391 cum
1373 1369 1406 1390 v.
1423 1357 1447 1392 7
1468 1363 1503 1389 et
1520 1356 1566 1396 93

680 1406 1009 1488 [wgo-'faga‘-
1020 1455 1042 1471 “
1080 1454 1137 1487 W
1130 1452 1176 1496 r.)

410 1501 454 1537 19
477 1501 637 1534 alternis
665 1503 800 1535 Iasae
829 1501 1003 1534 cecinisse
1026 1498 1201 1533 volebant
1230 1509 1399 1543 nusquam
1415 1497 1566 1543 legitur:

973 1430 982 1439 .
1010 1404 1150 1439 Moreti.
1254 1404 1314 1450 (—
1347 1405 1403 1440 17.
1435 1406 1566 1437 Auson.

1273 1452 1318 1487 18
1350 1454 1398 1486 A.
1421 1461 1511 1505 ergo
1532 1462 1565 1483 e.

47 1550 145 1595 quod
171 1548 283 1594 magis
311 1548 513 1594 expeditum
529 1554 635 1582 esset.
683 1547 852 1582 alternos
874 1549 927 1581 Μ.
948 1560 994 1580 m.
1019 1545 1187 1581 volebam
1204 1545 1334 1579 Medic.
1371 1545 1449 1591 (sed
1470 1543 1569 1590 apud

45 1596 196 1642 Foggin.
230 1593 406 1630 volebant
424 1601 623 1635 exaratum3
654 1601 692 1628 et
706 1594 769 1628 ita*
783 1593 953 1639 scriptum
972 1593 1112 1627 videtur
1131 1592 1345 1638 Freytagio,
1383 1592 1443 1638 qui
1462 1590 1567 1626 codi—

47 1655 121 1678 cem
138 1642 251 1678 oculis
269 1642 460 1688 usurpavit.
494 1642 591 1685 Wr.)
617 1653 693 1675 cum
710 1643 851 1686 Menag.
873 1648 910 1675 et
928 1652 996 1686 pro
1013 1652 1084 1674 var.
1103 1640 1186 1674 lect.
1209 1639 1247 1673 in
1264 1651 1319 1684 pr.
1339 1640 1467 1673 Moret.
1479 1665 1489 1680 ‚
1513 1637 1568 1672 uti

46 1693 144 1725 Serv.
162 1689 253 1724 alios
271 1689 397 1734 legere
414 1689 483 1731 ait,
508 1695 547 1722 ut
563 1688 610 1722 sit
631 1701 775 1722 sensus:
801 1687 989 1736 Optabam,
1016 1700 1037 1722 ο
1055 1689 1200 1729 Musae,
1224 1687 1429 1720 meminisse
1447 1686 1567 1719 alter—

45 1749 134 1780 nos,
157 1737 194 1772 Ιι.
213 1738 352 1778 omnia,
377 1738 473 1782 quae
489 1736 684 1779 dixerunt,
707 1743 852 1778 tenere,
875 1747 965 1769 nam
985 1740 1023 1768 et
1039 1733 1078 1767 in
1096 1734 1167 1767 fine
1185 1733 1340 1767 dicturus
1359 1740 1428 1767 est:
1462 1734 1568 1766 Haec

46 1785 203 1821 maini·
247 1785 291 1820 Ιι
315 1782 452 1828 vulgari
476 1782 653 1828 lectione,
692 1794 797 1829 qnam
825 1789 945 1817 tamen
973 1781 1123 1820 Messius
1148 1780 1339 1816 Arusianus
1367 1788 1404 1815 et
1427 1779 1566 1815 Nonius

45 1903 136 1931 rere
163 1890 311 1942 solere5
347 1889 480 1930 tribus
504 1896 600 1943 post
626 1890 779 1928 mensi-

45 1949 123 1995 bus
143 1962 168 1987 a
183 1948 291 1989 lacte
312 1947 477 2001 depelli;
505 1947 578 1987 sed
596 1962 699 2000 quae
714 1947 778 1987 his

47 2006 327 2060 conciperent,
367 2006 438 2045 Ge.
463 2006 521 2056 11,
553 2007 670 2056 15o.‚
701 2020 778 2046 au-

47 2065 243 2105 ctumnali
265 2064 387 2104 etiam
405 2070 587 2117 tempore
604 2064 778 2118 gignere,

46 2122 130 2162 Ecl.
148 2122 181 2173 I,
210 2121 307 2165 14:
333 2128 375 2161 et
399 2122 596 2162 eiusmodi
625 2121 778 2161 haedos

46 2179 89 2220 h.
115 2180 143 2220 l.
169 2187 212 2219 et
229 2180 315 2226 Ecl.
334 2180 408 2230 HI,
439 2179 507 2222 34.
533 2193 779 2219 commemo-

47 2237 145 2278 rari.
168 2260 228 2268 —
262 2237 321 2283 De
346 2238 389 2276 vi
412 2237 635 2290 particulae
657 2247 779 2291 atque

47 2295 133 2336 vid.
172 2296 224 2344 Q.
259 2295 307 2336 V.
335 2295 517 2346 XXXV,
546 2298 615 2338 22.
656 2294 776 2350 Wr.)

51 2356 118 2397 12.
158 2353 329 2393 Mincius
358 2353 464 2392 enim
496 2367 580 2392 non
609 2354 726 2406 longe
754 2367 780 2391 a

48 2410 218 2452 Mantua
231 2411 367 2451 lacum
385 2411 508 2451 efficit
524 2418 565 2450 et
578 2411 778 2463 palustres

46 2469 156 2523 ripas
177 2468 313 2509 habet.
344 2470 392 2509 cs.
412 2469 493 2514 Ecl.
513 2469 544 2519 I,
564 2468 633 2512 49.
655 2470 711 2512 52
736 2476 779 2508 et

47 2527 185 2567 Notas.
216 2528 287 2568 Ge.
304 2527 372 2578 III,
399 2527 597 2570 13-15.
637 2528 694 2567 Ea
715 2528 780 2566 fa-

50 2585 110 2624 eie
124 2585 192 2625 ille
209 2599 234 2624 a
255 2586 405 2624 nostris
421 2598 581 2637 quoque
599 2585 780 2624 homini-

48 2643 126 2682 bus
141 2643 392 2684 describitur.
423 2643 481 2682 Cf.
493 2642 593 2683 Aen.
609 2644 663 2694 X,
680 2643 779 2686 205.

49 2715 169 2739 sacra
188 2716 366 2754 quernus,
407 2701 477 2740 Ge.
494 2701 545 2751 H,
572 2704 627 2744 16
656 2701 780 2741 habi-

50 2766 116 2796 tae
128 2759 267 2797 Graiis
284 2759 450 2798 oracula
466 2773 644 2812 quercu-3.
675 2757 780 2813 (Iovi

49 2815 268 2855 Dodonaeo
307 2815 460 2869 sacra.)
531 2817 780 2856 ornamenta

50 2879 147 2912 sunt
174 2873 301 2926 petita
327 2886 377 2912 ex
402 2873 609 2913 Theocriti
626 2875 659 2925 Ι7
683 2878 778 2922 106.

53 2933 147 2972 107.
178 2931 282 2969 conf.
309 2930 393 2970 Ecl.
408 2931 440 2980 Ι,
468 2931 525 2975 54
544 2946 630 2984 sqq.
680 2932 779 2979 Mox

48 2996 247 3027 certamen
264 3001 340 3041 pro
358 2989 619 3030 certantibus.

898 1888 964 1932 15.
993 1888 1203 1940 Depulsos
1231 1902 1260 1927 a
1284 1887 1389 1926 lacte
1414 1901 1563 1939 agnat,

835 1945 877 1986 h.
894 1960 921 1985 a
944 1946 1155 1986 manibus.
1183 1959 1225 1986 v.
1247 1946 1330 1985 Ecl.
1347 1945 1379 1995 I,
1399 1948 1469 1988 22.
1487 1945 1566 1995 m,

836 2007 912 2055 82,
943 2011 1066 2056 atque
1091 2004 1193 2044 adeo
1216 2003 1402 2044 infirmos
1425 2009 1467 2043 et
1490 2017 1567 2043 cu-

834 2076 904 2101 rae
931 2062 1192 2115 diligentioris
1217 2068 1388 2115 egentes.
1446 2059 1567 2115 (Agni

833 2121 1104 2160 nascebantur
1132 2119 1354 2164 Novembri
1380 2125 1452 2164 aut
1472 2120 1565 2162 Dec.

834 2192 990 2229 mense,
1020 2179 1103 2218 Ecl.
1124 2178 1172 2228 Π,
1199 2181 1269 2223 21.
1277 2208 1290 2228 ‚
1318 2183 1365 2221 ct
1385 2184 1566 2230 quatuor

832 2237 1035 2276 mensibus
1094 2242 1190 2289 post
1246 2235 1565 2289 damnabantur.

840 2296 958 2335 Voss,
981 2317 1040 2325 —
1091 2297 1159 2337 16.
1187 2302 1409 2343 certamen,
1442 2294 1565 2346 Coty-

833 2353 914 2391 don
930 2368 969 2392 e.
1000 2353 1076 2391 Th.
1101 2352 1145 2391 in
1163 2352 1319 2392 minore
1337 2352 1434 2394 edit.
1451 2352 1567 2405 Hey-

832 2411 924 2450 nius
953 2424 1045 2450 cum
1071 2409 1135 2449 his
1168 2417 1378 2463 comparat
1397 2409 1496 2450 Aen.
1516 2410 1565 2460 V,

836 2471 953 2515 339.:
977 2470 1092 2507 tertia
1104 2468 1256 2520 palma
1266 2470 1427 2507 Diores.
1450 2469 1521 2508 W
1513 2466 1563 2522 r.)

839 2529 905 2568 19.
943 2527 1116 2565 alternos
1150 2528 1305 2564 Musae
1338 2528 1565 2566 menu‘m’sse

834 2584 1031 2623 volebant.
1061 2584 1104 2622 Si
1120 2582 1224 2622 haec
1236 2597 1335 2623 vera
1352 2583 1471 2623 lectio
1490 2590 1564 2633 est,

832 2642 878 2680 in
897 2641 1010 2681 hunc
1027 2641 1196 2681 modum
1207 2642 1447 2694 exponenda
1458 2642 1565 2680 sorte

834 2700 906 2740 sit:
934 2700 1093 2749 Musae,
1115 2715 1220 2753 quae
1235 2708 1380 2738 amant
1394 2701 1564 2748 altema,

836 2758 917 2798 Ecl.
931 2758 999 2808 ΙΠ,
1027 2758 1106 2808 59,
1135 2757 1244 2801 hanc
1263 2757 1388 2809 legem
1418 2756 1564 2796 carmi-

834 2815 898 2854 nis
916 2816 1125 2865 dicebant,
1154 2822 1205 2855 ut
1226 2815 1404 2854 alternos
1422 2827 1563 2853 versus

834 2874 1131 2923 meminissent,
1161 2886 1233 2912 seu
1254 2873 1492 2920 recitarent5
1521 2869 1562 2907 h.

835 2945 869 2970 e.
896 2939 945 2972 ut
970 2931 1153 2971 versibus
1173 2931 1338 2970 alternis
1362 2933 1562 2968 canerent.

833 2989 919 3029 vid.
943 2989 1038 3029 Var.
1061 2989 1170 3029 Lect.
1219 2986 1415 3041 (Vossiusz
1443 2985 1522 3034 „V
1512 2998 1562 3023 o·-
