1768 3320
334 246 749 306 BUGRL‘JCA
793 252 957 302 ECL.
995 253 1087 316 111,
1123 256 1354 306 25—33

1510 266 1608 312 103

89 391 140 429 ι).
172 376 436 441 vimi-go,
466 377 608 429 inter
626 392 745 441 neS,
771 377 903 444 quid
925 378 1092 444 possit
1107 387 1354 446 uterque,
1383 383 1608 436 vicissim

0 435 26 467 7
88 445 471 512 Experiamur?
507 462 607 512 ego
629 445 767 497 hanc
787 447 1007 497 vitulam
1028 453 1123 511 (ne
1142 447 1284 501 sorte
1303 467 1530 517 recuseS,

88 515 176 565 Bis
193 516 426 566 venitad
445 516 730 567 mulctram
742 557 756 581 ‚
793 516 952 566 binos
973 517 1062 567 alit
1079 518 1250 570 ubere
1267 518 1431 586 setus)

1541 528 1607 576 30

87 587 350 652 Depono:
381 594 442 637 tu
462 586 570 650 dic,
606 604 827 637 mecum
849 604 959 654 quo
980 588 1208 654 pignore
1231 598 1414 641 certeS.

88 669 144 706 Μ.
178 658 260 707 De
279 671 440 722 grege
461 673 574 707 non
595 658 763 707 ausim
783 657 1079 725 quidquam
1107 658 1386 726 deponere
1405 669 1605 714 tecum:

86 725 335 796 list-mihi
353 742 590 795 namque
611 726 762 778 domi
783 736 959 794 pater,
998 737 1077 778 est
1100 729 1291 779 iniusta
1308 746 1553 794 noverca,

128 834 130 841 x
157 813 240 879 38.
274 823 480 881 psum
536 822 816 869 NOVERCA3

94 889 112 893 ’Δ
131 907 180 944 33
202 907 356 943 iniusta.
401 908 453 941 Io.
473 906 659 941 Schrader.
678 905 836 940 malebat
856 904 1017 953 infesta,
1038 893 1191 955 ialswn',
1214 914 1255 942 ut
1279 920 1337 954 ap.
1357 908 1510 943 Theocr.
1537 921 1604 953 χα-

85 949 198 996 λεποὶ
215 950 251 990 δ’
267 950 292 990 ὁ
311 952 436 1002 πατήρ
452 966 528 1000 μου
541 951 572 1000 χ’
593 950 618 990 ἀ
641 951 777 1000 μάτηρ.
824 953 923 987 Idem
942 966 1024 988 mox
1042 955 1133 990 coni.
1163 967 1276 1003 pecu-5
1288 981 1298 999 ,
1315 957 1438 990 altera
1453 956 1603 990 haedos.

85 1039 215 1079 sirice
227 1068 239 1088 ,
289 1038 420 1080 multo
450 1038 584 1080 minus
611 1038 656 1078 in
685 1042 818 1077 certa-

84 1097 204 1136 mine.

142 1156 212 1198 28.
224 1151 241 1209 (
246 1154 295 1196 V
287 1155 372 1192 ime
388 1158 428 1192 et
438 1154 521 1193 vin’
537 1162 582 1192 ta
594 1153 818 1205 interrogat

83 1217 258 1262 tantum,
287 1211 360 1253 sed
377 1213 439 1252 istis
457 1217 498 1251 et
513 1214 575 1251 vis·
591 1220 637 1250 tu
654 1211 815 1250 excitat.

86 1267 181 1326 Sp.)
211 1271 388 1309 vicissim
407 1268 448 1309 h.
466 1270 494 1309 l.
512 1283 585 1323 per
602 1269 722 1319 vices,
754 1269 816 1307 al-

83 1334 218 1379 terne5
277 1327 332 1366 ad
354 1328 616 1366 amoebaeum
653 1340 815 1365 carmen

82 1385 352 1427 referendum.
382 1386 432 1425 cf.
445 1386 526 1425 Ecl.
537 1386 586 1435 V,
607 1385 675 1428 50.
708 1382 815 1438 (Non

83 1444 179 1487 satis
195 1450 381 1485 accurate
396 1443 589 1497 Heynius.
624 1444 815 1484 Vicissim

84 1502 202 1552 enim,
232 1502 266 1542 si
285 1514 359 1555 per
382 1515 424 1540 se
446 1508 614 1554 spectaS,
640 1514 724 1540 non
739 1514 814 1539 ne·-

85 1560 255 1601 cessario
285 1560 341 1599 ad
361 1574 523 1600 carmen
557 1559 816 1599 amoebaeum

82 1618 351 1659 referendum.
407 1617 533 1658 Aliud
549 1624 608 1657 est
623 1617 750 1667 enim,
781 1616 816 1655 si

83 1677 187 1719 altor
214 1677 346 1729 praeit
384 1677 561 1716 carmine
597 1674 812 1724 cantando,

84 1736 186 1778 alter
213 1734 417 1788 sequitur,
447 1740 496 1773 ut
522 1733 604 1773 Ecl.
635 1734 694 1785 V,
725 1733 813 1775 50.:

35 1809 40 1813 ·
83 1806 376 1846 „quocumque
412 1793 535 1832 modo
562 1791 637 1832 tibi
671 1796 812 1830 nostra

83 1851 327 1893 vicissim
354 1851 595 1901 Dicemus;“
638 1849 664 1889 i.
683 1862 717 1888 e.
737 1863 811 1888 nos

82 1908 275 1959 vicissim,
306 1915 504 1962 quantum
532 1909 576 1948 in
592 1907 706 1946 nobis
738 1913 810 1957 est,

82 1973 295 2021 postquam
309 1973 359 2007 tu
379 1967 578 2016 cecineris,
610 1979 810 2004 canemus.

83 2025 164 2066 Sed
181 2039 293 2065 nunc
314 2040 399 2066 non
420 2025 540 2064 semel
557 2024 647 2073 hoc,
666 2037 810 2064 verum

83 2084 238 2136 saepius
265 2084 474 2136 agendum.
540 2082 664 2121 Aliud
689 2082 811 2134 igitur

83 2142 341 2182 amoebaeum
373 2155 534 2181 carmen
547 2171 558 2190 ,
608 2141 724 2192 quale
743 2139 811 2179 hic

83 2199 320 2250 exhibetur,
359 2200 430 2238 ubi
460 2198 603 2238 alterni
632 2203 810 2247 cantant,

84 2258 241 2310 saepiu
266 2257 536 2310 periclitantes
568 2256 810 2295 carminibus

84 2315 272 2355 canendis
304 2315 421 2355 vires.
487 2316 676 2356 Vicissim
713 2317 811 2353 inter

83 2388 179 2424 nos,
229 2379 277 2412 ut
306 2374 479 2427 Lepidus
507 2374 550 2412 in
579 2372 706 2412 Cicer.
737 2372 810 2424 Ep.

82 2431 170 2471 Div.
187 2432 241 2482 X,
266 2430 356 2473 34.:
387 2427 554 2482 „studia
571 2430 693 2470 officii
709 2443 810 2469 mu-

82 2496 172 2529 tuo
200 2489 345 2529 inter
374 2504 465 2529 nos
500 2489 682 2528 certatim
710 2502 810 2528 conr-

83 2547 318 2588 sfioerunt.“
335 2570 395 2579 —·-
456 2550 503 2588 V
498 2549 602 2586 itala
634 2546 701 2585 hic
728 2547 753 2585 i.
772 2559 810 2597 q.

82 2605 264 2646 iuvenca.
295 2606 365 2645 Ge.
385 2606 453 2656 IV,
482 2608 600 2648 299.:
630 2604 809 2655 „vitulus

83 2663 190 2704 bima
209 2677 384 2703 curvans
408 2664 490 2703 iam
512 2677 665 2703 cornua
691 2663 810 2702 fron-

83 2726 136 2760 te.
149 2723 174 2744 “
229 2721 295 2761 sic
312 2736 421 2773 puer
441 2722 491 2760 de
508 2721 667 2771 iuvene,
699 2720 810 2769 viro;

83 2781 198 2830 virgo
215 2779 265 2817 de
280 2780 466 2829 muliere,
497 2793 600 2831 quae
629 2781 710 2819 iam
736 2791 810 2831 pe—

83 2836 199 2888 perit.
257 2837 416 2876 Terent.
439 2838 513 2887 IV,
545 2839 592 2887 8,
626 2841 692 2879 10.
726 2836 809 2875 vid.

83 2893 253 2932 Forcell.
273 2893 495 2947 Philargyr.
515 2895 569 2933 ad
591 2894 633 2934 h.
654 2895 682 2934 l.
703 2894 810 2933 Var-

82 2964 131 2990 ro
146 2981 158 3001 ,
188 2951 407 2990 Columella
431 2958 471 2991 et
489 2953 613 3005 Geop.
634 2954 704 2992 Gr.
723 2958 810 2990 ter-

82 3008 140 3047 tio
172 3014 372 3060 quartove
405 3023 512 3049 anno
536 3016 679 3049 exacto
709 3022 809 3049 vac-

876 1051 964 1076 cam
983 1051 1125 1090 parere
1143 1039 1307 1089 volunt5
1335 1045 1471 1079 tamen
1494 1039 1604 1091 apud

874 1096 1078 1135 Romanos
1118 1097 1237 1136 etiam
1279 1097 1489 1138 anniculae
1526 1112 1603 1150 pa-

872 1154 1002 1204 riunt,
1035 1154 1147 1207 quod
1168 1169 1252 1194 non
1265 1155 1413 1209 probat
1429 1155 1528 1193 Plin.
1550 1155 1601 1194 H.

872 1211 921 1251 N.
953 1211 1066 1262 VIII,
1106 1211 1175 1256 45.
1221 1212 1332 1251 binos
1360 1214 1436 1252 alic
1456 1213 1599 1265 setus;

873 1270 974 1309 Plin.
992 1270 1017 1309 l.
1045 1270 1094 1309 l.:
1124 1271 1331 1322 „gignunt
1350 1285 1445 1310 raro
1473 1271 1600 1323 gemi—

872 1330 1006 1378 nos;“
1043 1341 1094 1366 ex
1123 1329 1243 1374 Arist.
1276 1329 1327 1367 H.
1354 1328 1401 1368 A.
1423 1329 1499 1378 VI,
1530 1331 1598 1370 21.

873 1385 1020 1425 Addit:
1048 1386 1214 1437 neforte
1228 1401 1396 1435 recu-sec,
1427 1386 1599 1425 laudans

872 1458 959 1486 eam
979 1458 1002 1482 a
1015 1444 1271 1496 praestantia,
1300 1458 1351 1484 ne
1371 1444 1449 1494 ills,
1478 1457 1605 1496 quem·

873 1502 926 1540 ad
941 1501 1197 1556 sponsionem
1215 1508 1436 1554 provocat,
1466 1508 1597 1540 certa-

870 1573 964 1599 men
985 1560 1190 1609 detrectet,
1204 1561 1317 1612 quasi
1332 1560 1403 1600 vili
1419 1560 1597 1612 pignore,

871 1632 947 1666 nec
964 1617 1058 1657 satis
1077 1617 1196 1670 digno
1214 1618 1357 1670 posito.
1388 1616 1483 1672 Sp.)
1513 1618 1596 1655 Da-

869 1681 1022 1716 moetas
1035 1689 1201 1716 vaccam
1217 1676 1260 1714 in
1277 1675 1490 1728 sponsione
1511 1675 1596 1714 col-

868 1734 988 1774 locat.
1011 1734 1117 1773 conf.
1139 1732 1309 1773 Theocr.
1329 1733 1433 1782 VIII,
1467 1736 1516 1775 11
1530 1738 1595 1785 sq.

870 1795 938 1835 30.
967 1793 1031 1832 Ex
1047 1790 1216 1832 Theocr.
1236 1791 1268 1842 I,
1298 1791 1366 1834 25.
1386 1794 1455 1833 26.
1489 1789 1596 1845 (Non

866 1856 975 1894 necte
1020 1855 1256 1902 comparant
1300 1848 1413 1888 hune
1459 1849 1595 1888 locum

866 1916 961 1948 'cum
980 1914 1141 1958 nostro,
1173 1908 1268 1959 quia
1285 1906 1368 1947 illic
1387 1906 1438 1945 de
1462 1907 1594 1960 capel—

866 1967 916 2006 lis
945 1967 1088 2019 agitur.
1118 1964 1213 2020 Sp.)
1271 1965 1344 2004 Est
1369 1970 1502 2004 autem
1528 1965 1594 2003 iu-

867 2039 995 2065 venca
1020 2020 1309 2076 διδυματὸκος·
1341 2023 1455 2062 aliter
1473 2036 1595 2074 quam

869 2083 978 2136 apud
995 2082 1266 2132 Theocritum,
1297 2080 1342 2121 in
1359 2095 1440 2133 quo
1461 2081 1500 2129 ἐς
1517 2077 1592 2121 δύο

866 2140 1013 2189 πέλλας
1027 2140 1203 2192 positum
1215 2144 1286 2188 est,
1295 2144 1344 2177 ut
1358 2144 1519 2177 tantum
1530 2139 1593 2176 la-

869 2199 942 2238 ctis
962 2213 1014 2237 ex
1032 2199 1189 2238 mulctu
1205 2197 1431 2249 proveniat,
1461 2210 1592 2248 quan-

866 2263 956 2295 tum
976 2256 1029 2294 ad
1048 2256 1130 2295 duo
1154 2254 1381 2295 mulcta-alia
1402 2254 1593 2306 replenda

868 2315 962 2353 satis
1011 2314 1074 2353 sit.
1126 2315 1284 2365 pignus
1326 2312 1480 2351 dictum
1516 2325 1592 2365 pro

867 2372 1090 2426 sponsione.
1122 2371 1170 2410 cs.
1197 2370 1365 2410 Theocr.
1392 2369 1507 2420 Vm,
1539 2366 1592 2410 14

868 2445 925 2482 sq.
985 2427 1088 2483 (non
1124 2443 1200 2482 pro
1233 2429 1465 2482 sponsione;
1521 2426 1595 2465 sed

867 2488 1027 2541 sponsio
1044 2487 1092 2526 fit
1110 2501 1182 2540 per
1192 2487 1347 2539 pignus,
1366 2492 1437 2525 aut
1450 2498 1591 2533 unum,

868 2547 980 2599 quod
1000 2546 1101 2584 alter
1122 2551 1194 2583 aut
1218 2544 1372 2597 perdit,
1403 2549 1474 2582 aut
1493 2542 1592 2582 refi-

866 2610 952 2654 net,
984 2610 1056 2642 aut
1074 2601 1244 2655 duplex,
1275 2602 1386 2655 quod
1402 2603 1592 2641 alteruter

867 2677 961 2703 cum
979 2675 1052 2701 suo
1069 2666 1292 2714 recuperat.
1323 2660 1397 2711 Sp.
1420 2677 1479 2689 -ι-
1514 2671 1592 2710 quo

860 2723 1035 2773 pignore
1050 2719 1158 2759 idem
1174 2718 1303 2771 quod:
1333 2731 1410 2770 quo
1421 2718 1592 2768 pignore

861 2781 1011 2832 posito.
1091 2776 1202 2815 Haec
1237 2775 1291 2814 ad
1325 2773 1427 2814 illud
1472 2777 1593 2824 caput

867 2835 1159 2889 grammaticae,
1170 2834 1243 2874 ubi
1260 2833 1310 2872 de
1328 2831 1507 2870 ablativis
1520 2829 1592 2866 ab-

867 2894 1008 2933 solutis
1028 2894 1170 2944 agitur,
1201 2890 1415 2944 pertinent.
1448 2883 1591 2937 chlz.)

926 2955 994 2993 32.
1024 2951 1193 2990 Theocr.
1212 2947 1323 2996 VIII,
1356 2945 1407 2987 15
1429 2956 1484 2995 Sq-
1517 2940 1593 2995 (le-

868 3024 961 3048 cum
972 3039 984 3058 ,
1025 3022 1109 3047 non
1140 3009 1184 3045 in
1208 3004 1419 3044 certamine
1446 3009 1589 3047 tecum,
