1768 3320
299 182 788 237 GEo-PefficoN
821 160 968 236 ΠΒ.
999 185 1051 248 1,
1086 190 1381 239 297—308

1497 194 1602 243 345

0 365 2 368 ,
73 311 384 379 Frigoribus
405 321 560 380 parto
579 311 839 377 agricolae
859 310 1186 379 plerumque
1207 310 1477 379 fruuntur,
1498 321 1601 368 300

72 386 370 450 Mutuaque
395 383 537 433 inter
559 399 617 432 se
641 381 767 432 laeti
793 382 1033 432 convivia
1058 391 1258 434 curant.

73 451 267 513 lavitat
287 452 509 517 genialis
531 451 732 516 hiemS,
771 468 1033 519 curasque
1057 452 1298 504 resolvit:

76 525 192 575 Gen
210 539 425 590 pressae
447 539 620 591 quum
644 523 750 572 iam
773 531 997 589 portum
1019 523 1246 588 tetigere
1274 523 1499 588 carinae,

71 593 352 661 Puppibus
379 602 433 644 et
454 593 579 644 laeti
601 601 795 643 nautae
818 593 1110 659 inposuere
1139 609 1379 645 coronas,

77 662 190 714 Sed
211 672 396 715 tamen
422 673 476 714 et
510 680 742 732 quernas
771 662 994 729 glandes
1022 671 1142 714 tum
1173 664 1436 730 stringere
1464 672 1607 714 tem-

865 750 991 801 pu5,
1502 737 1606 787 305

72 805 143 855 Et
166 802 301 854 lauri
320 803 530 868 baccaS,
569 803 855 871 oleamque
870 845 884 868 ,
922 812 1253 872 cruentaque
1274 812 1474 868 myrta3

77 875 223 924 Tum
243 874 465 940 gruibus
486 873 703 941 pedicas
727 883 785 942 *et
806 875 940 924 retia
961 891 1173 942 ponere
1197 875 1381 939 cerviS,

76 944 402 1012 Auritosque
427 945 581 1013 sequi
605 944 847 1012 lepores;
883 953 1004 996 tum
1028 943 1196 1010 figere
1223 944 1429 1009 damaS,

147 1043 265 1091 303.
303 1040 440 1104 CEU,

121 1178 196 1216 300
209 1178 397 1228 seruntur
420 1181 550 1216 Medic.
578 1194 600 1216 a
626 1194 673 1216 m.
697 1194 752 1227 pr.

846 1183 919 1219 302
941 1195 1068 1216 curam
1088 1182 1208 1217 Schol.
1231 1182 1360 1228 Cruqu.
1378 1180 1520 1215 Horatii
1538 1180 1606 1214 od.

75 1227 136 1270 m,
155 1228 200 1263 17
220 1235 256 1261 et
273 1235 414 1263 veteres
433 1229 570 1275 aliquot
587 1225 683 1274 apnid
702 1229 867 1263 Pieriam.
916 1239 1069 1271 curant3
1095 1243 1225 1271 curas;
1249 1241 1322 1263 non
1342 1228 1474 1274 refugit
1491 1229 1607 1262 Maro.

40 1320 43 1321 ⁷
75 1273 148 1311 303
170 1274 335 1309 Heinsius
362 1276 454 1311 coni.
495 1275 645 1324 fessae,
681 1278 858 1322 probante
875 1278 1092 1311 Burmanno:
1128 1285 1183 1311 est
1208 1289 1293 1311 sane
1322 1276 1392 1310 hoc
1420 1274 1609 1320 proprium

75 1321 114 1355 in
128 1322 260 1356 reditu.
304 1327 352 1358 At
367 1336 524 1371 pressae
542 1336 615 1357 non
633 1324 745 1357 minus
765 1324 1085 1358 accommodatum:
1118 1320 1151 1358 (r.
1172 1325 1316 1358 Notam.
1364 1322 1529 1357 Reiskins
1548 1329 1608 1356 aut

69 1367 221 1416 fessae,
254 1377 316 1404 aut
335 1373 484 1417 piceae,
514 1378 576 1404 aut
599 1372 783 1405 Thressae
803 1371 1037 1406 coniectabat.
1087 1371 1320 1417 (Plerumque
1343 1370 1607 1416 inter-pungitur

77 1417 123 1450 ab
136 1416 278 1463 Heynio
320 1425 378 1452 ost
396 1418 585 1463 particulas
603 1418 861 1463 comparationi
878 1419 1131 1460 inservientem
1156 1419 1252 1464 quod
1270 1430 1342 1452 non
1362 1417 1492 1463 ubique
1509 1423 1606 1451 recte

77 1463 156 1497 fieri
166 1491 177 1506 ,
205 1464 259 1498 int

309 1465 418 1510 igitur
444 1478 487 1499 ex
503 1469 591 1499 Aen.
611 1467 653 1507 ΙΙ,
679 1465 779 1501 304.;
816 1493 838 1508 ,,

849 1467 889 1499 In
910 1473 1069 1511 segetem
1094 1465 1252 1499 veluti
1283 1477 1377 1499 cum
1403 1464 1542 1498 flamma
1561 1483 1607 1489 -—

78 1511 219 1546 Incidit.
229 1514 250 1530 “
290 1514 357 1546 VII
367 1539 377 1554 ‚
404 1513 486 1548 462.
498 1526 506 1546 :
549 1539 571 1555 ‚,
580 1525 708 1558 magno
737 1526 758 1546 v
768 1513 808 1547 el
818 1525 838 1546 u
848 1513 884 1547 ti
914 1526 932 1547 c
942 1526 964 1546 u
973 1526 1008 1546 m
1039 1512 1179 1547 flamma
1209 1524 1342 1547 sonore
1366 1511 1607 1557 suggeritur.“

78 1558 166 1592 ibid.
183 1559 264 1595 528.
294 1561 361 1602 lx,
375 1559 457 1595 435.
488 1561 572 1601 XII,
593 1561 672 1596 103.
694 1561 774 1596 587.
794 1560 875 1596 749.
895 1567 963 1594 eet.
1011 1561 1135 1605 Itaque
1160 1560 1249 1594 eieci
1267 1567 1441 1594 commata
1453 1585 1463 1600 ,

1495 1570 1607 1604 prae-

77 1613 136 1639 ter
154 1606 247 1640 hunc
262 1605 398 1649 locum,
429 1610 517 1641 Aen.
534 1609 586 1648 11,
613 1607 696 1644 471.
721 1607 843 1653 ibique
863 1609 909 1642 V.
925 1608 966 1641 L.
990 1608 1072 1643 626.
1106 1608 1176 1649 rV,
1199 1607 1282 1643 402.
1308 1606 1391 1642 441.
1423 1607 1492 1649 VI,
1523 1607 1606 1642 707.

77 1654 156 1695 vn,
174 1654 258 1689 699.
281 1655 348 1695 lx,
366 1654 423 1690 59.
449 1661 486 1688 et
501 1654 655 1699 saepius.
687 1654 741 1688 Ex
754 1654 826 1688 alio
845 1666 975 1700 genere
993 1661 1050 1688 est
1064 1658 1152 1688 Aen.
1171 1656 1233 1697 lv,
1252 1654 1334 1689 301.
1352 1653 1461 1697 'Wr.)

699 1703 760 1748 (—
782 1702 864 1737 305.
889 1710 981 1735 tunc
996 1701 1076 1736 AJd.
1095 1708 1180 1735 tert.
1199 1701 1304 1735 etiam
1318 1713 1373 1735 vs.
1393 1701 1475 1736 307.
1509 1701 1567 1735 W
1560 1699 1606 1743 r.)

77 1748 150 1830 2106
172 1749 390 1795 mittamque
414 1749 604 1795 oleamque
628 1758 785 1784 cruenta
802 1749 914 1784 Goth.
933 1761 1004 1783 sec.

116 1820 145 1839 '5

77 1700 176 1734 Idem
194 1712 316 1735 versus
335 1705 422 1736 Aen.
438 1703 502 1743 IV,
520 1701 603 1737 418.

169 1802 207 1830 et
227 1807 270 1829 ex
286 1796 358 1830 hoc
377 1795 439 1830 alii
455 1796 623 1831 damnas.

77 1927 174 1955 nem
192 1921 235 1955 et
253 1915 451 1955 sationem
469 1929 552 1955 esse
572 1916 812 1966 faciendam,

80 1974 130 2012 cf.
166 1987 254 2027 sup.
284 1976 370 2017 208
396 1988 454 2027 sq.
490 1975 549 2025 ΙΙ,
584 1975 682 2018 315.
714 1977 813 2025 316,

0 2040 5 2044 ’
80 2045 175 2071 cum
210 2038 333 2085 tepor
363 2033 465 2072 aeris
497 2033 593 2071 satis
632 2047 814 2086 magnuS,

78 2096 130 2129 ut
147 2096 286 2129 arator
304 2097 417 2130 veste
437 2105 522 2129 non
544 2097 667 2142 egeat.
715 2093 815 2130 Nu-

80 2149 181 2188 dum
216 2159 299 2187 esse
330 2155 494 2198 tantum
521 2150 662 2188 tunica
688 2149 815 2187 indu—

79 2214 194 2257 tum,
229 2213 324 2259 toga
349 2214 422 2246 aut
444 2207 619 2260 paenula
651 2208 814 2256 reiecta,

79 2271 177 2319 post
197 2265 342 2318 Cuperi
370 2265 486 2305 Obss.
505 2265 538 2315 I,
560 2268 587 2307 7
616 2266 713 2304 satis
736 2279 813 2304 no-

80 2330 184 2363 tum.
233 2325 382 2362 Hiems
400 2326 558 2376 ignava
577 2324 716 2362 colono
733 2337 816 2362 esse

82 2381 257 2431 dicitur,
295 2395 399 2433 quae
428 2382 616 2421 colonum
641 2382 816 2420 otiosum

82 2453 167 2479 esse
191 2440 324 2490 iubet,
355 2447 398 2479 et
426 2440 476 2478 ab
502 2453 623 2492 opere
647 2440 722 2478 sub
748 2440 815 2478 dio

82 2498 268 2541 faciendo
318 2505 476 2538 avocat.
546 2499 787 2551 plerumque
801 2528 812 2547 ,

82 2557 261 2595 maxima
282 2555 425 2595 hiemis
457 2562 595 2609 parte,
624 2555 728 2594 Bion
748 2556 816 2606 VI,

84 2614 111 2657 5
131 2611 164 2667 ἢ
176 2614 244 2655 καὶ
265 2620 384 2668 χεῖμα
401 2610 595 2668 δύςεργον
611 2620 687 2653 etc.
718 2616 815 2656 302.

81 2673 261 2724 genialis
277 2672 427 2721 l.iems,·
449 2672 738 2711 conviviorum
749 2671 817 2710 hi-

84 2729 262 2779 lan‘tafi,
307 2731 453 2769 risibus
491 2731 668 2781 iocisque
708 2737 816 2782 apta,

86 2801 166 2839 qua
179 2787 292 2838 genio
304 2788 549 2840 indulgetur.
580 2786 706 2827 Grata
715 2802 818 2841 poe—

86 2847 139 2884 fis
168 2844 313 2883 dictio:
347 2859 399 2884 ex
433 2861 514 2898 quo
555 2846 662 2885 enim
697 2847 821 2885 semel

88 2916 182 2942 cum
203 2903 331 2941 Genio
350 2904 463 2942 notio
483 2903 721 2954 hilaritatis,
750 2904 818 2942 in*-

20 2993 23 2994 ⁷
87 2961 226 3014 primis
241 2961 465 3013 epularum,
490 2962 708 3001 coniuncta
725 2962 819 3011 fuit,

1535 1651 1608 1689 304

1097 1749 1169 1785 308
1194 1749 1359 1783 damma-v
1376 1747 1506 1782 Medic.
1527 1759 1607 1782 cum

867 1916 1034 1969 geniale
1052 1914 1208 1954 dictum
1226 1921 1300 1966 est,
1328 1913 1521 1966 quicquid
1538 1912 1608 1952 hi-

869 1974 978 2024 lare,
1008 1974 1223 2023 festivum,
1253 1979 1435 2026 gratum,
1457 1973 1608 2010 iucun-

873 2032 985 2082 dum,
1004 2046 1151 2085 corpus
1164 2031 1422 2082 animumque
1436 2036 1608 2069 recreat.

873 2093 971 2133 303.
998 2090 1094 2132 304.
1123 2090 1323 2128 Faustum
1348 2089 1528 2127 reditum
1555 2088 1609 2126 ad

873 2149 993 2187 Lares
1027 2161 1152 2186 naves
1188 2147 1451 2186 declarabant
1488 2160 1610 2185 coro-

872 2213 971 2245 nata
996 2206 1141 2258 puppi:
1171 2206 1215 2244 in
1241 2220 1320 2258 qua
1343 2205 1474 2244 tutela
1492 2204 1610 2244 navis

874 2265 1072 2303 collocata
1101 2269 1200 2303 erat.
1243 2278 1412 2316 pressae
1444 2266 1610 2302 car-istae

873 2329 971 2362 sunt
982 2322 1185 2361 mercibus
1196 2328 1399 2371 oneratae,
1416 2335 1488 2360 seu
1504 2335 1610 2359 onu-

874 2387 958 2420 stae
985 2394 1130 2430 naves,
1159 2380 1243 2419 vid.
1264 2380 1411 2419 Tibull.
1428 2380 1461 2430 I,
1480 2382 1521 2430 3,
1539 2378 1608 2421 40.

875 2439 996 2478 Ovid.
1017 2439 1122 2477 Fast.
1142 2438 1209 2488 IV,
1229 2441 1328 2481 300.

934 2497 1033 2540 305.
1071 2511 1245 2549 quernas
1279 2496 1456 2549 glandes
1487 2498 1609 2533 stn'n-

872 2570 968 2608 gere
977 2586 988 2605 ,
1017 2554 1102 2594 vid.
1123 2554 1176 2594 ad
1194 2555 1278 2594 Ecl.
1297 2555 1351 2604 X,
1381 2557 1451 2595 20.
1512 2556 1609 2595 306.

875 2622 1040 2652 cruenta
1077 2621 1209 2665 myrta
1223 2644 1235 2662 ,
1294 2613 1442 2651 baccae
1482 2610 1609 2663 myrti

874 2673 1011 2724 nigrae
1042 2685 1163 2710 succo
1188 2670 1436 2710 rubicundo:
1467 2669 1519 2706 ad
1542 2667 1609 2706 vi-

874 2744 976 2769 num
1023 2727 1295 2768 condiendum
1314 2759 1324 2778 ,
1380 2727 1608 2780 myrtitem:

877 2788 991 2827 cuius
1007 2787 1247 2826 conficiendi
1271 2787 1471 2826 rationem
1487 2797 1527 2822 v.
1546 2797 1607 2835 ap.

876 2847 1031 2885 Colum.
1053 2846 1152 2895 XII,
1180 2848 1248 2887 38.
1309 2846 1405 2886 308.
1442 2843 1608 2880 Aur-ilos

874 2905 1029 2955 lepores
1061 2903 1226 2942 Afranio
1270 2901 1442 2940 debebat
1479 2898 1607 2937 Maro.

874 2962 959 3001 vid.
982 2961 1160 3000 Macrob.
1184 2962 1264 2999 Sat.
1284 2959 1350 3007 VI,
1376 2958 1424 3007 5,
1449 2970 1489 3010 p.
1510 2958 1608 2998 600.
