1768 3320
317 226 735 306 nocet-,mlx
780 233 952 284 περι.
989 234 1055 297 11,
1093 239 1323 287 22-25

1516 241 1583 289 85

0 402 11 418 ι
57 363 171 412 Nec
189 352 467 413 sfiffiadeo
488 356 758 426 informis:
794 375 971 425 nuper
989 375 1080 409 me
1102 359 1157 408 in
1176 358 1334 410 litore
1354 361 1476 425 vidi,
1513 366 1581 415 25

103 469 153 519 25
173 469 260 504 Non
277 468 368 503 Ven.
387 473 424 501 et
442 467 618 510 Parthas„
643 474 680 500 et
697 466 737 500 in
752 467 930 501 nonnullis
944 467 1054 501 'deest
1073 469 1125 502 in.

101 525 126 544 l-

58 563 336 618 Cephalleniae
362 562 505 602 insulis
535 576 587 601 ex
615 562 788 601 adverso

58 623 159 662 situs
168 627 230 661 est
245 621 291 660 in
311 620 555 660 continente.
585 619 790 674 Amphion

60 687 196 721 tmen
217 679 264 719 in
287 677 516 718 Acarnania
540 678 661 717 fuisse
680 692 791 717 mus-

58 751 181 791 quam
203 736 362 790 legitur.
420 736 612 775 Occurrit
630 743 671 775 et
695 735 793 775 huic

57 796 116 837 rei
132 796 192 836 ita
202 824 215 846 ‚
232 801 283 834 ut
293 794 447 848 partim
463 809 537 833 nos
553 808 637 833 non
657 793 791 833 omnia

58 854 110 894 de
135 852 216 893 hac
238 852 374 892 sabula
407 858 632 891 memorata
671 858 790 890 tene-

56 925 104 959 te
142 911 254 955 fficat
270 941 283 962 ,
304 914 316 936 ⁹
330 910 481 964 panim
518 911 644 950 verba
667 908 788 949 haec:

59 967 113 1011 In
142 973 298 1011 Actaeo
322 968 576 1020 Amcymtho,
626 968 789 1007 initium

60 1028 248 1068 carminis
284 1027 372 1066 noti
397 1027 519 1065 faciat
536 1057 547 1076 ‚
603 1032 654 1066 ut
679 1026 790 1080 apud

57 1085 228 1139 Theou.
250 1084 368 1138 Idyll.
400 1085 474 1135 lv,
513 1087 582 1134 31,
609 1086 665 1126 32
700 1084 790 1122 fieri

57 1150 198 1199 patuit,
227 1149 270 1182 et
286 1148 335 1182 ut
358 1148 497 1181 noster
524 1142 620 1181 fecit
638 1142 719 1180 Ecl.
738 1142 787 1192 V,

58 1204 127 1253 86.
144 1203 214 1252 87,
240 1206 368 1253 utque
394 1199 462 1239 alii
487 1200 662 1249 faciunt,
692 1214 732 1238 v.
753 1214 787 1239 c.

117 1260 127 1268 “
150 1258 263 1313 toph.
283 1258 387 1299 Nub.
406 1257 504 1302 964.
544 1258 634 1297 Alia
648 1271 787 1296 exem-

57 1260 469 1379 ffivqsnp.'fflnss.
509 1316 562 1354 ad
588 1317 731 1354 Horat.
768 1316 786 1353 Ι

56 1378 183 1415 Serm.
202 1377 243 1426 3,
262 1378 301 1417 7.
339 1374 393 1413 Et
411 1375 516 1413 forte
536 1374 588 1412 ad
613 1374 786 1412 eundem

57 1434 226 1474 modum
257 1431 449 1479 trahendi
483 1446 623 1471 V'elsus
649 1431 785 1470 Bionis

58 1492 174 1545 ldyll.
195 1490 249 1530 ΙΙΙ
278 1489 346 1544 (al.
373 1488 471 1544 V1.‚)
502 1493 529 1532 7
545 1504 616 1541 sq.,
642 1496 691 1528 ut
718 1503 787 1527 ar-

56 1545 247 1604 gmnenta
283 1548 506 1587 carminum
542 1548 645 1597 sint,
685 1561 787 1599 quae

56 1613 178 1662 poeta
203 1606 394 1646 Amorem
427 1605 647 1644 edocuerit.
705 1606 787 1644 Ve—

57 1679 151 1706 rum
171 1665 267 1704 satis
284 1670 475 1703 contorta
491 1670 552 1702 est
570 1663 698 1702 omnis
718 1663 787 1701 illa

35 1724 38 1727 ’
56 1723 242 1779 Palmergi
255 1722 386 1772 ratio,
416 1728 457 1760 et
474 1728 564 1760 tota
589 1720 787 1773 Amphio-

56 1783 132 1832 nis,
150 1781 220 1834 qui
235 1781 348 1834 lyrae
366 1786 491 1818 cantu
510 1779 668 1818 Thebas
686 1793 786 1818 con-

58 1840 165 1879 didit
193 1839 354 1896 (Horat.
380 1838 471 1877 Art.
497 1836 621 1892 394),
650 1837 787 1876 fabula

52 1899 118 1939 ad
127 1897 335 1938 Boeotiam
349 1896 547 1950 perfinet3
577 1896 698 1935 etiam
720 1895 787 1934 hic

57 1955 268 2009 AEnphion
284 1957 485 1993 Dircaeus
502 1968 526 1992 a
550 1954 663 1993 sonte
681 1954 787 1993 Boe-

59 2015 176 2054 otiae.
206 2014 311 2052 Tum
330 2026 428 2052 vero
441 2025 516 2051 nee
533 2012 670 2051 deficit
681 2011 786 2051 A1a-

59 2071 214 2139 cynthi
242 2071 392 2109 montis
426 2084 576 2109 nomen
618 2076 660 2108 et
699 2084 787 2108 me-

58 2131 188 2170 moria
201 2131 247 2169 in
262 2129 446 2168 Boeotia:
476 2142 570 2166 nam
598 2143 679 2166 non
697 2143 787 2166 mo-

59 2189 114 2228 do
130 2182 790 2258 8ῐεΡ11.Β)τ.Ἀρᾶκυνθος-,ὄρος

58 2248 269 2295 Βοιωτίας,
280 2240 339 2296 ‹iq›
360 2238 412 2286 οὗ
421 2239 586 2297 Ἀθηνᾶ
595 2239 788 2298 Ἀοακυν-

58 2306 110 2346 o:
111 2321 156 2354 α,
186 2310 229 2343 et
252 2302 391 2342 Vibius
417 2303 630 2353 sequester
656 2302 700 2340 id
722 2317 788 2339 as-

59 2369 201 2402 serunt
221 2392 232 2411 ‚
277 2360 370 2400 add.
405 2361 541 2399 Lutat.
570 2360 623 2398 ad
669 2360 787 2398 Statii

59 2420 185 2460 Theb.
194 2420 242 2469 11,
254 2422 352 2468 239,
363 2424 405 2456 et
415 2420 526 2457 Sext.
537 2418 629 2457 adv.
641 2419 788 2456 Gram-

59 2484 156 2517 mat.
185 2479 216 2529 Ι,
238 2480 304 2526 12,
320 2491 360 2529 p.
382 2479 488 2526 2705
516 2490 660 2515 verum
678 2483 719 2514 et
738 2476 790 2514 il-

59 2537 199 2576 lustris
235 2541 296 2574 est
340 2534 540 2587 Propertii
574 2534 687 2572 locus
723 2534 790 2582 111,

31 2602 34 2603 ’
64 2597 118 2636 13
137 2592 204 2648 (81.
226 2591 322 2646 16η)
348 2591 401 2634 41
432 2595 633 2644 victorque
662 2590 789 2645 (ultus

62 2652 203 2691 man-is
217 2648 422 2704 iniuriam)
441 2649 609 2688 canebat
618 2651 789 2687 Paeana

61 2709 270 2761 Amphion
284 2708 788 2760 mpe,Araqrntl1e,tzu1.

65 2766 138 2820 (ad
156 2780 276 2818 quem
300 2767 434 2805 locum
465 2766 592 2804 miror
620 2766 664 2804 in
681 2766 789 2803 Bm·-

63 2824 202 2863 manni
218 2825 314 2863 edit.
341 2824 444 2863 nihil
467 2837 549 2862 esse
568 2822 787 2877 notatum.)

63 2882 199 2921 Simile
215 2882 313 2934 quid
329 2882 372 2920 in
395 2881 597 2934 Euripidis
616 2881 789 2934 Antiope

62 2941 213 2979 lectum
231 2939 350 2979 fuisse
368 2939 418 2977 de
437 2939 682 2991 Amphione,
702 2941 788 2978 col—

65 2998 213 3050 ligebat
244 3010 296 3036 ex
330 2997 462 3036 Probo
500 2997 789 3038 Valckenarius

846 563 1026 602 Dian-ibe
1042 577 1130 616 pag.
1151 565 1219 606 66.
1241 566 1309 606 67.
1347 564 1468 602 Probi
1487 577 1583 603 ver-

846 621 899 660 ba
922 628 1037 660 sunt:
1066 620 1340 673 Amphionem
1358 630 1395 660 et
1415 622 1581 661 Zethum

848 680 1081 731 Euripides,
1095 681 1207 718 Iovis
1223 694 1273 717 ex
1287 679 1471 731 Antiopa
1486 681 1582 731 Ny-

849 738 1024 786 clei-fllia
1037 746 1165 787 natos,
1178 740 1239 775 ait
1247 738 1581 789 canlatulopolu-

850 798 926 833 isse
951 804 1134 833 armenta
1166 809 1318 834 vocare.
1402 795 1443 833 Si
1470 802 1582 833 recte

846 853 947 892 haec
967 868 991 892 a
1008 853 1141 892 Probo
1171 853 1322 906 scripta
1347 859 1445 901 sunt
1460 883 1470 901 ‚
1506 853 1580 891 fir-

845 918 983 951 matur
997 911 1093 950 inde
1108 910 1228 950 lectio
1241 910 1398 950 Codicis
1417 910 1460 949 in
1476 910 1579 950 Pro-

846 976 951 1023 pert.
997 970 1023 1009 l.
1050 983 1084 1008 e.
1118 970 1249 1007 Prata
1297 977 1575 1017 cnaentantur;

850 1027 999 1066 Zethus
1024 1029 1225 1079 victorque
1249 1026 1419 1064 canebat
1447 1028 1499 1065 P.
1529 1033 1579 1065 ut

847 1086 900 1124 sit
938 1085 1088 1123 Zethus
1124 1087 1325 1137 victorque
1367 1084 1578 1135 Amphion

847 1143 965 1182 docte
998 1156 1075 1196 pro
1118 1142 1268 1180 Zethus
1292 1142 1579 1195 Amphionque

844 1204 1023 1240 victores.
1056 1201 1158 1239 Nam
1175 1201 1322 1252 frigent
1339 1202 1468 1238 Prata
1497 1201 1577 1238 Ze—

844 1260 907 1297 tln·
918 1290 928 1308 ,
963 1259 1114 1297 durum
1139 1264 1200 1297 est
1216 1260 1346 1296 Prata
1363 1266 1577 1296 cruentan-

844 1326 910 1355 tur
946 1317 1070 1354 Zetlzo
1081 1332 1096 1363 ;
1144 1322 1186 1354 et
1203 1346 1214 1365 ,
1253 1329 1355 1367 quae
1384 1315 1450 1354 alii
1477 1329 1576 1354 con-

843 1375 1015 1423 iectant,
1047 1376 1176 1426 Prata
1205 1381 1462 1411 cncemantm·
1476 1374 1572 1422 lale,

843 1433 909 1471 wel
927 1446 1028 1484 quae
1050 1431 1266 1470 coniectari
1284 1431 1452 1483 possint,
1482 1445 1521 1469 v.
1541 1445 1574 1469 c.

842 1492 973 1529 laetus
989 1492 1189 1542 victorque
1215 1504 1262 1539 c.,
1282 1489 1437 1528 lubrica
1467 1495 1574 1527 sunt.

844 1548 969 1598 Quod
977 1548 1144 1587 tandem
1153 1546 1413 1600 Aracynthus
1422 1546 1574 1584 Actae-

843 1622 892 1646 us
925 1613 1100 1645 vocatur
1118 1636 1128 1656 ,
1167 1611 1269 1658 puta
1304 1618 1351 1643 eo
1381 1610 1575 1657 spectare,

844 1664 955 1716 quod
989 1678 1105 1702 mons
1141 1663 1208 1701 ille
1240 1662 1319 1702 suit
1354 1662 1399 1700 in
1428 1662 1575 1701 finibus

843 1723 1030 1761 Boeotiae
1050 1728 1091 1760 et
1107 1720 1279 1770 Atticae,
1296 1719 1407 1759 unde
1422 1721 1575 1758 Actae-

843 1796 912 1829 us,
906 1796 916 1804 ·
957 1780 1085 1819 omnis
1120 1779 1226 1818 enim
1253 1778 1390 1816 Attica
1417 1778 1575 1816 Actaea

844 1839 1013 1888 dieitur,
1042 1837 1084 1876 h.
1103 1850 1137 1877 e.
1158 1836 1367 1885 littoralis,
1398 1835 1448 1874 ab
1473 1843 1574 1884 acte,

844 1910 946 1949 quae
964 1911 1040 1949 pio
1063 1897 1189 1934 littore
1207 1895 1368 1933 dicitur.
1428 1895 1576 1932 Sextus

841 1950 1184 2008 1.1.Ἀρα’κυνθος
1197 1956 1271 2006 τῆς
1277 1948 1459 2004 Ἀττικῆς
1468 1951 1576 1992 ἐστιν

843 2010 953 2064 ὅσος.
1003 2011 1109 2050 A.dd
1147 2010 1287 2049 Barth.
1318 2009 1371 2048 ad
1398 2011 1501 2048 Stat.
1540 2009 1576 2047 Π

844 2071 968 2109 Theb.
1002 2073 1086 2112 239
1137 2070 1221 2108 Illa
1266 2066 1442 2122 (Diana)
1479 2081 1577 2104 suas

848 2129 999 2180 Cyntho
1018 2129 1180 2165 comites
1196 2135 1300 2178 agat
1312 2156 1324 2175 ‚
1344 2126 1446 2163 haec
1465 2123 1574 2179 (Pal-

842 2186 919 2240 las)
952 2185 1197 2237 Aracyntho.
1238 2184 1396 2237 Copiosi
1418 2183 1462 2222 in
1478 2182 1576 2221 loeis

846 2243 1105 2296 congerendis
1131 2241 1262 2281 Cerda
1298 2248 1339 2280 et
1363 2241 1576 2280 Martinus.

846 2301 1065 2356 (Amphion
1084 2314 1177 2339 cum
1201 2301 1328 2340 fratre
1344 2298 1473 2337 Zetho
1499 2312 1575 2337 na-

845 2367 913 2399 tus
932 2358 1159 2398 Eleutheris
1175 2358 1220 2397 in
1245 2357 1429 2397 confiniis
1445 2357 1574 2395 Boeo-

846 2419 925 2457 tiae
944 2425 985 2456 et
1001 2417 1181 2466 Atticae,
1210 2416 1417 2469 expositus
1442 2429 1465 2452 a
1488 2414 1575 2466 Ny-

848 2483 936 2515 cteo
974 2490 1051 2514 avo
1079 2481 1274 2526 uterque,
1314 2480 1355 2512 et
1381 2473 1575 2511 educatus

848 2549 872 2572 a
890 2541 1051 2587 pastore
1071 2547 1118 2571 ac
1137 2533 1298 2570 nomine
1314 2537 1493 2570 notatus.
1505 2530 1574 2568 cfr.

846 2594 878 2631 P
880 2607 1016 2631 ausan.
1035 2592 1064 2641 Ι,
1084 2593 1153 2633 38.
1171 2589 1359 2642 Apollod.
1378 2589 1447 2638 ΠΙ,
1478 2587 1516 2637 5,
1538 2587 1574 2629 5.

846 2652 951 2703 Ergo
976 2650 1230 2689 iuventutem
1254 2646 1490 2700 Amphionis
1508 2657 1575 2684 re-

846 2709 1022 2762 spiciunt
1038 2712 1180 2760 poetae
1197 2706 1322 2745 verba
1348 2711 1390 2743 et
1405 2711 1575 2755 tempuS,

847 2774 1064 2818 antequam
1084 2765 1137 2803 ad
1153 2777 1323 2817 regnum
1339 2763 1405 2801 ille
1428 2773 1576 2815 perve-

846 2826 920 2864 nit.
954 2822 1042 2877 Sp.)

904 2883 972 2925 25.
1003 2882 1034 2920 Ε
1054 2876 1476 2927 Theocr.V1‚34sqq
1494 2871 1575 2910 Ve-

845 2955 936 2979 rum
956 2940 997 2978 in
1017 2953 1064 2976 eo
1084 2937 1292 2976 commode
1310 2935 1411 2973 haee
1426 2932 1474 2969 de
1495 2931 1575 2980 Gy-

846 2999 960 3052 clope
991 2997 1069 3036 dici
1098 3002 1216 3050 poter
1218 3000 1309 3043 ant3
1337 3005 1421 3031 non
1452 2999 1575 3040 acque
