1734 3320
197 237 299 289 650

529 239 583 289 P.
620 238 981 290 VIRGILII
1016 240 1393 293 MARONIS

193 364 436 428 AmissiS,
473 373 535 415 ut
557 361 726 429 fama,
765 365 952 433 apibus
978 367 1291 436 morboque
1312 366 1585 436 fameque,

195 435 382 485 Tristis
408 434 475 485 ad
497 438 718 486 extremi
735 453 946 486 sacrum
965 447 1122 505 caput
1143 438 1342 497 adstitit
1367 439 1552 504 amniS,

192 505 360 557 Multa
409 523 643 575 querens
662 548 675 573 ‚
740 516 900 574 atque
947 507 1048 558 hac
1096 507 1303 560 adfatus
1349 524 1484 560 voce
1529 525 1724 578 paren—

984 587 1098 628 tem
1112 601 1123 630 :
1621 587 1724 634 320

190 648 387 712 Mater,
427 649 636 711 Cyrene
653 655 852 711 mater,
891 665 1028 715 quae
1051 649 1268 714 gurgitis
1289 648 1448 700 huius

192 719 311 768 Ima
332 727 484 768 tenes
499 758 511 781 ,
552 717 684 784 quid
700 734 791 767 me
813 718 1081 784 praeclara
1102 720 1266 786 stirpe
1287 718 1545 781 deorum,

193 789 248 838 Si
279 787 479 852 modO,
527 804 692 855 quem
720 788 1001 855 perhibeS,
1049 798 1203 857 pater
1233 798 1313 840 est
1333 789 1722 860 ‚Thymbraeus

262 933 378 981 321.
415 931 614 979 MATER
637 929 855 994 CYRENE
867 969 880 994 ,

238 1056 309 1092 319
334 1065 533 1091 extremum
547 1057 633 1091 libri
653 1057 789 1103 aliquot
810 1057 903 1104 apud
922 1057 1084 1093 Pierium.
1132 1067 1332 1093 extremum
1361 1059 1462 1093 sacri
1486 1058 1600 1104 fragm

982 860 1183 928 Apollo
1199 901 1212 925 ,

1603 1084 1613 1093 .
1637 1059 1722 1093 Μο-

189 1110 257 1136 ret.
303 1104 494 1151 placidum
514 1113 627 1152 caput
644 1106 772 1140 Medic.
807 1105 972 1152 (petitum
994 1105 1065 1140 hoc
1085 1118 1128 1140 ex
1146 1109 1232 1141 Aen.
1254 1108 1283 1150 1,
1309 1107 1405 1143 127.:
1431 1118 1598 1150 „summa
1622 1106 1722 1151 pla-

189 1150 345 1184 cidum
379 1159 517 1198 caput
543 1151 667 1186 extulit
695 1154 831 1187 unda.“
867 1154 931 1187 cfr.
961 1155 1007 1188 V.
1034 1154 1077 1188 L.
1104 1166 1156 1187 vs.
1175 1154 1256 1191 352.
1288 1155 1387 1199 Wr.)

872 1210 1065 1248 parentem
1100 1210 1157 1235 est
1181 1208 1256 1236 tres
1287 1214 1345 1247 ap.
1378 1202 1494 1235 Burm.
1525 1201 1634 1235 Goth.
1664 1212 1719 1246 pr.

186 1198 332 1232 Mentel.
359 1211 413 1244 pr.
463 1199 599 1245 effatus
627 1201 737 1234 Goth.
772 1213 826 1246 pr.

1469 1184 1471 1186 .
1483 1153 1555 1189 320
1579 1154 1722 1200 affatur

188 1244 231 1290 (si
252 1254 309 1280 est
329 1246 494 1280 omissum
514 1247 656 1292 putabis
669 1274 678 1290 ,
714 1248 873 1282 tueberis
903 1248 973 1282 hoc
992 1261 1043 1283 vs-
1064 1249 1166 1284 530.:
1203 1261 1382 1294 „namque
1411 1248 1504 1282 ultro
1522 1248 1643 1282 adfata
1669 1248 1720 1282 ti·-

185 1300 351 1327 mentem.
362 1298 382 1313 ‘⁶
410 1295 453 1328 cf.
475 1295 581 1328 etiam
598 1308 649 1329 vs.
670 1295 751 1331 444.
772 1304 807 1330 et
827 1298 869 1338 Q.
892 1297 934 1330 V.
955 1297 1038 1338 XV,
1063 1298 1096 1331 6.
1132 1296 1203 1330 Sed
1220 1309 1325 1343 quum
1342 1295 1533 1342 praecedat
1549 1307 1719 1342 querens,

183 1340 317 1374 rectius
348 1340 505 1388 adfatus
533 1354 599 1388 pro
629 1343 798 1377 inusitato
831 1342 972 1390 adfans
1010 1343 1142 1377 dictum
1175 1343 1374 1390 acceperis3
1409 1343 1481 1378 vid.
1508 1343 1719 1377 Ramshorn.

185 1388 247 1422 Gr.
267 1389 345 1422 Lat.
365 1401 446 1434 pag.
463 1389 544 1425 455.
567 1396 656 1424 extr.
687 1391 784 1435 Wr.)

881 1391 950 1426 321
977 1390 1156 1436 Distingui
1174 1398 1297 1437 potest
1317 1393 1456 1426 mater!
1483 1393 1623 1436 Cyrene
1637 1402 1720 1424 ma—

185 1438 266 1469 ter!
291 1437 433 1481 (rectius
459 1437 540 1470 hoc.
572 1437 666 1482 Wr.)
696 1439 828 1484 Cyrine
857 1438 949 1472 Gud.
980 1451 1142 1483 semper,
1176 1445 1214 1472 et
1243 1439 1335 1472 alter
1355 1437 1513 1480 Mentel.‚
1551 1438 1644 1471 forte
1677 1449 1719 1471 ex

183 1483 475 1528 pronuntiatione
492 1482 563 1519 τοῦ
581 1497 605 1530 η
624 1485 660 1519 in
674 1483 843 1531 Κυρήνη.
893 1487 975 1520 Vox
995 1485 1084 1519 haec
1101 1486 1258 1531 priorem
1274 1486 1484 1532 productam
1503 1485 1614 1519 habet
1637 1484 1674 1519 h.
1691 1484 1718 1519 1.

183 1536 221 1563 et
239 1543 297 1576 ap.
317 1531 563 1577 Apollonium3
590 1540 628 1566 at
655 1540 855 1579 correptam
877 1533 974 1578 apud
989 1532 1177 1567 Pindarum
1210 1540 1246 1568 et
1274 1533 1533 1568 Callimachum.
1582 1532 1719 1566 Obser-

181 1577 279 1611 vavit
302 1591 441 1624 quoque
459 1580 648 1625 Spanhem.
666 1581 710 1614 ad
732 1580 934 1614 Callimach.
957 1580 994 1614 in
1015 1581 1133 1627 Apoll.
1153 1582 1210 1617 73.

1320 1582 1391 1617 322
1415 1589 1547 1614 tenens
1568 1579 1716 1614 Mentel.

181 1636 237 1670 pr.
287 1626 333 1659 de
361 1627 466 1661 clara
490 1627 563 1661 Erf.
613 1641 636 1661 a
658 1630 775 1675 stirpe
795 1630 895 1662 Rom.
917 1641 994 1662 cum
1013 1640 1082 1662 uno
1103 1628 1267 1662 Pieriano
1281 1654 1291 1671 ,
1326 1628 1417 1663 Gud.
1441 1634 1478 1661 et
1496 1639 1566 1661 sec.
1587 1627 1716 1661 Moret.

181 1672 252 1707 vid.
273 1673 319 1707 ad
339 1676 425 1707 Aen.
447 1675 474 1716 Ι,
502 1675 557 1710 19.
601 1675 793 1720 (iungenda
819 1675 925 1710 haec:
954 1676 1156 1724 praeclara
1185 1676 1488 1758 stirpeuffenuisti
1495 1688 1503 1715 3
1536 1674 1629 1708 male
1647 1674 1718 1708 huc

179 1719 314 1754 inferas
343 1722 669 1767 praepositionem,
703 1735 818 1770 neque
840 1730 896 1757 est
922 1723 1049 1757 horum
1071 1723 1262 1757 verborum

179 1767 386 1803 similitudo.
416 1772 472 1804 W
466 1769 512 1815 r.)

179 1863 210 1914 Ι,
232 1866 331 1914 36⁴,
348 1864 444 1904 Met.
463 1866 554 1915 XV,
575 1868 652 1908 361
677 1880 735 1918 sq.
757 1867 808 1905 cf.
831 1864 918 1904 An-

179 1922 248 1975 tig.
275 1923 433 1977 Caryst.
457 1923 602 1963 Mirab.
638 1938 671 1963 c.
692 1927 761 1967 23.
781 1924 918 1977 ibique

179 1980 313 2021 Becm.

237 2041 334 2082 317.
358 2038 568 2079 Aristaeus
586 2053 638 2079 ex
661 2046 798 2080 mente
816 2053 917 2093 poe-

177 2103 245 2136 tae
274 2103 366 2138 tum
401 2099 445 2138 in
480 2093 696 2138 Thessalia
727 2099 912 2151 degebat,

177 2156 354 2197 necdum
380 2158 500 2197 Ceam
532 2158 698 2197 adierat.
725 2158 917 2210 sag-iens,

177 2215 306 2268 simpl.
328 2217 583 2269 relinquens,
622 2219 794 2268 Tempe,
831 2216 916 2255 dis-

178 2274 324 2314 cedens
360 2275 456 2314 inde
497 2276 550 2314 ad
592 2283 717 2327 eaput
752 2277 910 2324 amnis,

175 2332 316 2383 Penei,
349 2335 516 2384 sontem,
545 2334 629 2374 vid.
648 2334 746 2372 Exc.
769 2333 820 2372 ad
833 2332 914 2373 h.1.

176 2391 241 2430 Sic
273 2393 362 2431 sons
395 2393 553 2432 Timavi
577 2415 636 2422 —
672 2407 815 2431 novem
842 2406 913 2430 ora

158 2448 273 2490 ⁴Aen.
304 2451 347 2501 Ι,
369 2449 467 2494 245.
496 2450 594 2494 246.
653 2450 912 2504 Ignoratione

173 2509 302 2548 totius
320 2508 618 2562 phantasmatis
629 2509 780 2562 poetici
801 2508 909 2560 olim,

117 2597 119 2599 -
172 2567 454 2606 Burmannum
496 2574 646 2607 temere
695 2574 912 2620 sequutus,

174 2626 324 2664 ostium
356 2627 475 2665 Penei
513 2626 680 2679 intelligi
713 2627 912 2666 volebam.

174 2681 314 2738 (idque
343 2685 558 2736 significari
586 2685 790 2724 existimat
815 2684 912 2724 Iah-

171 2742 286 2794 nius,
326 2743 590 2783 Delamallum
620 2744 671 2781 ad
701 2743 910 2783 Valer.Fl.

171 2801 286 2841 Tom.
314 2802 364 2854 II,
385 2816 425 2855 p.
443 2800 542 2845 495.
571 2807 612 2840 et
632 2801 910 2841 Weichertum

176 2860 394 2899 Commeat.
441 2860 490 2898 de
538 2860 700 2912 turgido
754 2860 909 2911 Alpino

169 2931 210 2971 p.
241 2922 302 2969 6.,
349 2925 513 2958 secutus
524 2933 535 2970 3
583 2925 703 2971 negat
741 2919 907 2957 Becker.

169 2977 276 3030 Eleg.
297 2978 414 3016 Rom.
438 2991 527 3030 pag.
549 2979 618 3020 39.
655 2975 775 3031 Msr.)
826 2977 904 3016 Ve-

168 3041 231 3075 tat
259 3042 397 3075 tamen
424 3035 505 3076 hoc
531 3049 670 3076 rerum
696 3035 846 3089 species
868 3041 909 3075 et

1343 1736 1363 1758 a
1396 1728 1476 1758 cum
1492 1724 1580 1757 Aen.
1606 1723 1635 1766 I,
1660 1722 1716 1758 19.

976 1866 1164 1905 locorum
1209 1865 1318 1904 ratio
1342 1895 1352 1915 ,
1401 1865 1524 1917 quam
1570 1871 1715 1918 poetae

978 1923 1112 1963 animo
1143 1923 1335 1963 insedisse
1353 1923 1611 1962 manifestum
1633 1930 1714 1975 est3

975 1983 1130 2022 etiamsi
1171 1995 1425 2032 concessere,
1464 1991 1609 2033 caput,
1649 1982 1716 2022 uti

976 2056 1019 2080 os
1033 2072 1044 2092 ,
1079 2056 1149 2080 ora
1161 2072 1172 2091 ,
1209 2041 1259 2079 de
1277 2040 1492 2080 fluminum
1513 2040 1615 2079 ostio
1634 2040 1714 2080 dici

972 2113 1112 2154 posse,
1154 2099 1266 2152 quod
1295 2099 1480 2138 docuisse
1506 2098 1581 2138 sibi
1600 2099 1712 2139 visus

976 2165 1037 2197 est
1072 2159 1212 2197 Burm.
1243 2158 1297 2198 ad
1330 2157 1463 2198 Valer.
1495 2157 1627 2197 Flacc.
1655 2158 1708 2209 V,

975 2217 1073 2260 351.
1107 2218 1257 2256 Lucan.
1298 2216 1354 2267 ΙΙ,
1396 2216 1474 2266 52,
1514 2215 1711 2256 adversus

972 2289 1093 2328 quem
1130 2275 1251 2315 docte
1298 2275 1575 2329 disputantem
1616 2274 1711 2314 vide

967 2334 1152 2374 -Ouwens
1170 2335 1286 2374 Noct.
1308 2333 1409 2386 Hag.
1428 2347 1517 2386 pag.
1527 2333 1611 2376 598
1624 2346 1709 2386 sqq.

970 2393 1053 2432 Nec
1079 2407 1284 2432 assensum
1311 2391 1550 2445 exprimunt
1567 2404 1640 2431 seu
1656 2391 1710 2430 il·-

970 2452 1028 2490 la:
1058 2454 1224 2499 extremi
1242 2453 1392 2501 amnis,
1425 2463 1498 2489 seu
1517 2463 1563 2488 ea
1577 2480 1588 2501 ,
1606 2463 1710 2502 quae

971 2511 1078 2549 infra
1094 2516 1320 2550 memorata
1346 2523 1424 2549 VSS.
1449 2508 1708 2559 359-362,

971 2569 1072 2608 haec
1109 2569 1215 2608 enim
1246 2568 1299 2607 ad
1334 2568 1490 2607 fontem
1520 2573 1561 2605 et
1590 2566 1709 2606 initia

970 2627 1150 2667 fluminis
1182 2641 1267 2666 non
1283 2626 1416 2666 minus
1440 2626 1544 2665 bene
1562 2625 1708 2664 referri

970 2692 1139 2738 queunt.
1199 2687 1303 2724 Sane
1326 2690 1490 2723 antrum
1502 2714 1513 2734 ,
1545 2696 1598 2722 ex
1624 2697 1706 2736 quo

969 2746 1061 2784 fons
1079 2743 1352 2798 progreditur,
1382 2748 1580 2796 perpetua
1595 2741 1707 2795 apud

966 2809 1107 2857 poetas
1118 2802 1359 2841 Fluviorum
1380 2801 1502 2854 regia,
1526 2807 1566 2840 et
1581 2801 1705 2853 Nym-

966 2861 1144 2914 pharum
1164 2860 1296 2911 sedes3
1327 2861 1432 2899 cons.
1451 2862 1605 2913 Spence
1623 2859 1705 2898 Po-

965 2920 1105 2972 lymet.
1135 2933 1223 2973 pag.
1253 2922 1351 2962 226.
1386 2921 1491 2969 227,
1524 2924 1566 2957 et
1590 2931 1705 2973 nunc

967 2984 1086 3017 antra
1107 2984 1148 3017 et
1173 2978 1277 3018 vasti
1301 2990 1481 3017 recessus
1501 2976 1544 3015 in
1570 2976 1703 3016 visce-

964 3037 1077 3077 ribus
1127 3043 1262 3077 terrae
1308 3034 1582 3089 intelligendi,
1649 3033 1703 3074 ad
1732 3086 1734 3090 ι
