1768 3320
151 243 250 291 134

146 364 244 416 Ille
263 364 430 415 deum
447 365 610 415 vitam
629 364 743 414 {dci
747 364 882 430 piet
923 362 1165 428 divisque
1185 358 1395 411 videbit*

147 435 443 486 Permixtos
464 435 681 498 heroem,
721 443 773 484 et
794 434 906 514 ipse
927 432 1197 482 videbitur
1221 429 1347 492 illis3

475 239 531 289 P.
577 237 931 289 VIRGILII
973 233 1354 286 MARONIS

1609 363 1675 414 15

147 509 512 572 Pacatumque
534 513 685 570 reget
704 504 883 572 patriis
906 501 1189 552 virtutihus
1209 501 1415 553 orbem.

201 647 244 683 15
269 646 444 692 divosque
472 645 641 679 Rottend.
669 656 738 678 sec.

153 693 291 739 aliquot
308 693 428 726 Pierii.
460 693 485 726 f.
504 704 569 737 pro
592 693 717 737 patrIs.

150 812 226 852 liae
242 812 461 860 infestaret,
493 816 533 848 et
549 814 775 849 commeatu
789 809 876 846 Ro-

149 884 258 909 mam
274 868 573 909 intercluderet.
613 868 699 906 Pax
715 866 878 918 quidem

152 929 271 967 etiam
291 942 382 966 cum
399 927 478 965 1100
494 926 628 979 paullo
649 931 742 978 post
769 923 880 977 apud

151 986 339 1025 Puteolos
374 985 503 1035 inita3
549 997 692 1023 verum
711 1013 723 1033 ⁷
769 981 881 1034 quod

151 1045 312 1083 Ruaeus
337 1049 430 1095 post
456 1042 563 1081 hanc
594 1054 734 1095 pacem
761 1041 881 1079 Eclo-

152 1116 243 1154 gam
269 1107 450 1140 nostram
479 1100 670 1153 scriptam
705 1099 881 1139 arbitra-

152 1166 243 1210 tur,
284 1159 394 1198 unde
420 1159 569 1197 scilicet
604 1163 722 1197 tanto
753 1157 882 1196 maior

154 1217 266 1256 aurei
292 1217 439 1255 saequi
474 1230 561 1270 spes
598 1215 787 1256 affulsisse
816 1215 883 1255 vi-

153 1275 241 1314 deri
267 1281 420 1327 posset,
459 1275 504 1314 id
524 1281 739 1328 propterea
769 1287 882 1313 com-

152 1333 270 1371 mode
292 1333 371 1371 dici
388 1347 470 1371 non
489 1338 645 1385 potest,
686 1331 779 1384 quia
799 1346 884 1385 pax

151 1389 220 1430 illa
247 1390 426 1443 sequenti
458 1391 619 1430 demum
640 1405 744 1429 anno
769 1404 883 1429 00111-

151 1448 283 1502 posita
318 1449 424 1498 suit,
472 1448 557 1489 vid.
594 1449 666 1488 Dio
701 1448 882 1499 XLVHI,

153 1520 186 1546 0.
207 1509 260 1548 36
271 1521 282 1557 3
306 1512 449 1559 partus
468 1521 566 1547 vero
585 1508 651 1547 ille
669 1507 785 1560 pueri
807 1507 884 1546 ad-

151 1564 235 1603 huc
251 1565 391 1603 eodem
403 1579 507 1604 anno
522 1566 824 1620 expectabatur,
834 1572 886 1604 ut

153 1636 193 1662 v.
215 1625 264 1663 11
287 1629 328 1660 et
348 1625 414 1664 61.
460 1623 558 1662 Mox
578 1630 747 1664 ornatus
766 1622 884 1665 v.14

153 1694 228 1733 pro
249 1680 459 1731 eluentur,
490 1682 701 1721 tollentur.
740 1684 884 1732 Inrita,

157 1737 317 1777 abolita.
343 1738 527 1791 formido
555 1748 615 1779 est
642 1746 810 1793 propter
837 1737 884 1781 τό

157 1792 255 1850 α’γος
282 1802 323 1835 et
343 1802 504 1836 reatum
530 1811 582 1838 ex
608 1799 752 1837 scelere
785 1812 885 1837 con-

158 1859 332 1907 ceptum.

171 1925 174 1928 ’
217 1910 282 1954 15.
305 1914 370 1954 16.
402 1913 503 1978 Ιίἰε,
540 1927 641 1966 puer
672 1926 724 1952 ex
755 1926 814 1952 VS.
844 1915 884 1964 8,

158 1967 328 2007 deorum
343 1970 567 2022 progenies,
596 1971 788 2011 heroibus
807 1972 887 2010 erit

159 2026 512 2068 adnumerandus:
552 2030 697 2096 quippe
732 2035 772 2068 et
801 2031 886 2083 ipse

159 2081 357 2138 διογενής.
394 2086 511 2124 deum
537 2089 664 2126 witam
689 2088 882 2140 αᾱοὶρὶεί,

159 2148 249 2194 aget
264 2142 391 2181 vitam
410 2143 589 2195 deorum,
611 2152 651 2184 et
662 2146 770 2184 inter
791 2146 886 2185 deos

158 2198 391 2252 heroesque.
438 2200 737 2242 Adumbratum
755 2217 806 2243 ex
825 2204 885 2254 iis,

159 2270 261 2308 quae
278 2259 565 2327 praedicantur
595 2261 644 2300 de
675 2275 796 2301 aurea
816 2275 886 2300 ae-

159 2320 245 2354 tate
268 2313 325 2365 ὥς
355 2332 397 2357 τε
424 2318 517 2359 θεοὶ
549 2318 699 2370 ἔζωον,
732 2316 888 2374 ἀκηδέα

159 2370 301 2441 θυμον
337 2372 491 2427 ἔχοντες
521 2373 683 2429 Νόσφιν
716 2375 809 2432 ἄτερ
842 2393 886 2419 τε

159 2425 301 2471 πόνων
331 2438 406 2472 etc.
439 2435 541 2473 conf.
567 2435 729 2475 Hesiod.
764 2434 882 2490 ’'Epy.

159 2490 303 2530 v.112
327 2503 411 2542 sqq.
447 2491 545 2530 Erat
565 2494 669 2531 enim
683 2493 763 2532 1100
777 2494 885 2533 inter

160 2546 272 2585 aurei
289 2548 435 2587 saeculi
452 2549 580 2600 bona,
619 2557 668 2589 ut
689 2551 744 2590 dii
765 2565 886 2604 prae-

139 2621 142 2624 ⁴
160 2610 290 2643 sentes
309 2604 528 2645 inviserent
543 2607 734 2648 homines.
766 2610 885 2649 Ovid.

160 2660 270 2702 Fast.
296 2661 334 2713 Ι,
363 2664 444 2706 251
487 2671 528 2702 et
562 2666 718 2718 passim.
756 2670 821 2709 16.
851 2676 889 2706 et

160 2720 248 2785 ipse
286 2721 484 2760 videbam·
517 2724 598 2761 illis
620 2753 631 2772 ,
683 2725 765 2763 scil.
791 2738 887 2777 per-

159 2776 313 2816 mixtus
336 2779 405 2829 iis,
443 2778 485 2818 11.
506 2793 539 2819 0.
566 2780 770 2820 admixtus
799 2783 889 2822 erit.

161 2830 310 2889 α’ναμὶξ
340 2834 542 2889 ἐκάθητο,
579 2838 729 2877 Aratus
758 2840 888 2878 Phae-

160 2905 268 2932 nom.
290 2893 384 2945 104,
405 2907 523 2946 quem
542 2902 635 2934 ante
654 2897 789 2935 oculos
811 2897 889 2936 ha-

159 2949 261 2990 buit.
283 2953 348 2994 17.
379 2953 582 2992 Pacatum
599 2953 729 2992 orbem
752 2964 860 3007 reget
873 2972 885 2994 .-

160 3008 280 3048 etiam
295 3007 375 3049 hoc
393 3022 444 3050 ex
462 3024 583 3051 aui-ea
604 3018 746 3061 aetate,
778 3013 888 3065 quod

833 645 878 680 17
896 644 1022 692 patris
1047 641 1192 676 Mentel.
1219 654 1274 687 pr.
1299 647 1336 676 et
1362 640 1399 676 in
1423 640 1674 676 vetustissimis

934 809 977 848 in
995 822 1041 847 ea
1058 814 1204 862 pacata
1225 807 1360 847 omnia
1377 813 1494 848 sunt:
1525 807 1675 848 obscu-

934 868 1020 907 rius
1055 873 1137 917 est,
1185 866 1298 919 quod
1334 866 1450 906 addit
1468 896 1480 917 ,
1524 869 1678 919 patriis

935 925 1146 966 vinalibus
1166 955 1179 974 ‚
1219 924 1383 964 omnino
1405 955 1417 976 ,
1454 924 1678 965 maiorum:

938 990 979 1022 et
996 983 1049 1022 ad
1068 983 1169 1033 11οο,
1207 989 1419 1035 tamquam
1445 982 1499 1022 ad
1526 997 1682 1036 scopu-·

937 1043 1046 1093 111111,
1087 1041 1257 1081 offendit
1294 1041 1498 1092 quaelibet
1539 1042 1677 1095 opinio

940 1101 990 1139 de
1019 1113 1146 1153 puero
1180 1099 1402 1140 nascituro.
1459 1099 1678 1139 Marcello-

938 1173 1032 1198 rum
1051 1158 1215 1210 quidem
1233 1171 1382 1197 nomen
1402 1158 1447 1197 in
1465 1158 1678 1198 annalibus
1718 1167 1723 1172 ·

938 1217 1130 1256 Romanis
1163 1216 1448 1256 clarissimum:
1478 1215 1676 1256 hactenus

938 1289 1053 1329 puer,
1084 1275 1154 1327 qui
1174 1287 1226 1313 ex
1245 1274 1430 1325 Octavia,
1460 1275 1679 1315 Octaviani

939 1346 1098 1384 sorore,
1137 1333 1327 1373 Marcello
1363 1339 1520 1386 nupta,
1565 1347 1678 1373 nunc

941 1398 1076 1431 autem
1095 1390 1275 1431 Antonio
1294 1391 1503 1445 desponsa,
1533 1391 1677 1446 patriis

939 1450 1164 1490 virtutibus
1191 1456 1359 1489 ornatus
1385 1463 1468 1488 esse
1493 1456 1678 1503 poterat:

942 1515 985 1547 at
1005 1521 1108 1561 quae
1138 1521 1226 1562 spes
1255 1521 1336 1547 esse
1355 1509 1513 1561 potuit,
1542 1515 1593 1548 ut
1608 1508 1678 1548 ille

943 1566 1074 1605 orbem
1108 1574 1259 1619 regeret
1274 1567 1298 1606 ?
1347 1566 1440 1606 Non
1474 1567 1598 1619 magis
1632 1566 1678 1606 in

941 1638 1069 1678 puero
1092 1638 1144 1664 ex
1164 1624 1389 1664 Octaviano
1408 1631 1449 1664 et
1466 1625 1678 1664 Scribonia

940 1683 987 1723 id
1017 1683 1153 1722 locum
1179 1682 1377 1722 habebat:
1416 1696 1510 1722 nam
1531 1683 1581 1722 de
1599 1682 1678 1722 he-

942 1741 1040 1781 rede
1064 1741 1223 1794 imperii
1243 1747 1284 1780 et
1310 1754 1538 1781 successore
1567 1741 1677 1780 desi-

942 1806 1064 1852 gnato
1090 1813 1137 1838 eo
1165 1805 1349 1853 tempore
1378 1799 1546 1852 cogitari
1568 1813 1676 1839 non-

945 1858 1043 1896 dum
1060 1859 1208 1911 potuit.
1271 1857 1398 1897 Multo
1425 1857 1558 1896 minus
1576 1857 1679 1896 haec

944 1916 1099 1955 cadunt
1116 1915 1160 1954 in
1177 1915 1367 1955 Pollionis
1378 1946 1388 1966 ‚
1425 1915 1506 1955 viri
1527 1929 1677 1956 consu-

942 1974 1059 2022 laris,
1089 1974 1257 2027 prolem.
1287 1975 1415 2026 Regit
1431 1974 1570 2013 orbem
1587 1980 1678 2013 ter-

941 2045 1084 2071 rarum
1117 2032 1302 2083 populus
1334 2033 1542 2071 Romanus
1581 2029 1679 2086 (Tu

943 2092 1078 2143 regere
1096 2091 1263 2141 imperio
1285 2091 1481 2141 populos,
1513 2091 1678 2128 Roma-

942 2163 1004 2198 ne,
1033 2145 1260 2202 memento),
1278 2148 1382 2200 regit
1401 2154 1542 2201 postea
1554 2150 1677 2200 prin—

943 2221 1061 2258 ceps,
1093 2211 1136 2244 at
1164 2219 1241 2245 nec
1271 2207 1464 2256 Senatus,
1494 2219 1569 2245 nec
1587 2220 1679 2244 ma·-

943 2264 1146 2316 gistratus.
1214 2263 1354 2303 Manet
1389 2264 1514 2317 igitur
1559 2263 1676 2314 illud,

943 2322 1054 2374 quod
1072 2321 1253 2360 omnium
1269 2322 1444 2362 maxime
1469 2322 1677 2376 probabile

943 2392 1026 2418 esse
1055 2379 1171 2430 dixi,
1215 2386 1265 2419 ut
1301 2380 1535 2433 simpliciter
1568 2393 1678 2420 nova

941 2438 1148 2491 progenies
1169 2438 1280 2477 aurei
1297 2438 1446 2477 saeculi
1473 2438 1676 2491 intelliga-

941 2503 1032 2535 tur:
1068 2501 1118 2535 ut
1145 2495 1230 2534 dixi
1255 2510 1377 2549 supra
1403 2509 1443 2549 p.
1466 2498 1560 2539 128.
1616 2497 1677 2536 Ita

944 2567 1082 2592 omnes
1113 2553 1291 2606 argutiae
1321 2554 1553 2595 concidunt.
1600 2554 1678 2593 Ce-

943 2618 1033 2650 tera
1055 2611 1107 2650 ad
1125 2612 1330 2662 vaticinia,
1350 2625 1453 2664 quae
1471 2618 1562 2651 tum
1578 2613 1678 2652 vul-

944 2684 992 2722 go
1020 2670 1278 2720 serebantur,
1329 2670 1550 2723 composita
1593 2683 1678 2709 esse

944 2733 1067 2779 puta:
1107 2728 1291 2780 inprimis
1319 2727 1372 2767 ad
1399 2729 1597 2768 famosum
1622 2729 1678 2768 il-

943 2784 1017 2823 lud
1047 2786 1097 2824 de
1124 2798 1235 2838 rege,
1284 2799 1356 2826 seu
1385 2785 1509 2825 heroe
1543 2786 1677 2826 nasci-

944 2848 1052 2882 turo.
1093 2842 1210 2898 (Rem
1233 2844 1543 2897 expediunt-ea,
1574 2857 1677 2898 quae

946 2900 999 2938 ad
1015 2914 1074 2940 vs.
1098 2904 1164 2944 13.
1182 2903 1335 2942 notavi.
1386 2903 1464 2942 Ille
1483 2901 1676 2955 designat,

945 2963 994 2996 ut
1023 2959 1186 2999 Vossius
1217 2973 1378 3013 quoque
1406 2960 1677 3014 et'Spolmius

946 3021 1154 3066 statuunt,
1183 3018 1312 3059 filium
1327 3018 1537 3069 Pollionis;
1564 3018 1677 3071 isque
