1768 3320
157 223 268 287 228·
497 219 552 268 P.
590 217 949 268 VIRGILII
996 215 1376 266 MARONIS

160 345 246 395 Sic
268 345 431 410 cytiso
455 353 636 411 pastae
665 342 975 393 distendant
993 343 1162 392 ubera
1186 359 1397 394 vaccae:

157 416 368 483 Incipe,
407 416 449 465 si
473 414 604 482 quid
627 414 809 466 habes
880 416 950 463 Et
966 430 1058 463 me
1079 411 1261 463 fecere
1285 421 1508 480 poetam

156 485 422 548 Pierides;
460 495 584 535 sunt
609 495 662 535 et
682 485 818 534 mihi
841 485 1101 545 carmina3
1137 501 1228 534 me
1259 499 1483 551 quoque
1510 481 1697 532 dicunt

157 561 352 610 Vatem
372 565 636 624 pastores:
674 555 772 605 sed
793 571 908 604 non
936 570 1036 620 ego
1067 553 1317 604 credulus
1341 553 1458 605 illis.

155 632 295 680 Nam
308 644 492 694 neque
512 626 688 676 adhuc
699 627 861 678 Vario
877 625 1083 689 videor,
1103 641 1205 674 nec
1228 623 1409 674 dicere
1429 623 1600 675 Cinna
1628 622 1696 673 35

204 758 249 793 31
276 756 494 790 distendant
518 754 641 788 Heius.
667 767 686 788 e
712 753 941 795 melioribus,
975 754 1080 787 etiam
1103 753 1153 787 sic
1179 753 1332 794 Medic.‚
1369 752 1490 798 sicque
1516 751 1579 794 alii
1605 750 1699 797 apud

157 804 263 846 Pien,
280 816 358 837 cum
375 803 480 847 vulgo
502 803 709 836 discentem
728 801 919 845 legeretur.
956 802 1164 834 distentam
1182 802 1286 835 Voss.
1309 812 1364 846 pr.
1391 799 1457 844 (sic
1479 799 1588 833 etiam
1601 802 1698 833 Serv.

157 851 305 892 Dr.;esd
340 856 376 883 et
405 850 488 883 hinc
511 857 588 883 orta
609 849 737 882 vitiosa
759 848 872 881 lectio
891 849 1106 882 dt'stencent.
1138 848 1234 892 lVr.)
1282 848 1497 881 distendent
1521 847 1586 880 Ed.
1607 847 1698 880 Ven-

157 901 205 937 33
229 900 352 932 dzcent
368 898 460 930 Ven.
558 894 606 931 34
627 909 701 930 nov.
727 909 807 929 sum
827 895 1004 929 credulus
1025 907 1111 928 uuus
1131 895 1271 929 Moreti.
1368 895 1415 930 35
1445 896 1562 928 Vario
1581 893 1699 927 maui-

157 947 248 980 leste
265 944 355 990 legit
376 947 473 977 Serv.
500 950 536 977 et
557 943 676 977 Schol.
694 947 820 976 Horat.
839 943 966 987 Cruqu.
995 943 1040 975 ad
1057 943 1121 975 Od.
1139 945 1166 984 I,
1194 944 1236 985 6,
1267 941 1328 987 qui
1346 942 1529 987 Thyestae
1550 948 1699 986 tragoe-

159 994 239 1028 diae
260 1000 381 1026 auctox
385 1004 458 1033 em
486 991 705 1036 eundemque
722 990 879 1023 nobilem
903 989 1040 1034 epicum
1063 997 1227 1044 poetam,
1252 955 1443 1034 iiitelligit3
1469 989 1563 1023 sed
1552 1001 1589 1022 111
1607 988 1699 1023 scri—

159 1041 231 1087 ptis
252 1045 457 1074 constanter
480 1040 591 1072 Varo.
642 1040 681 1071 In
708 1038 788 1072 edd.
815 1039 851 1071 V
848 1050 930 1071 ano
955 1037 1153 1082 repositum
1175 1044 1228 1071 est
1250 1037 1294 1070 ab
1319 1013 1469 1082 Egnatio
1495 1043 1530 1070 et
1551 1038 1699 1082 Nauge-

157 1088 234 1122 rio:
268 1086 364 1133 quod
385 1085 513 1119 iterum
537 1063 694 1119 deseruit
714 1085 856 1119 Paullus
883 1084 1060 1118 Manutius
1092 1097 1169 1118 cum
1199 1085 1280 1117 edd.
1311 1096 1408 1129 sequ.
1459 1085 1558 1125 Quae
1582 1083 1700 1117 ambi—

94 1135 96 1137 ’
159 1136 274 1182 guitas
295 1134 335 1167 in
356 1133 411 1166 his
431 1133 630 1166 nominibus
650 1133 714 1174 sit,
740 1139 826 1166 nota
847 1144 904 1165 res
934 1139 1003 1166 est·
1029 1145 1062 1165 v.
1081 1134 1163 1165 Exc.
1183 1132 1227 1165 ad
1248 1131 1321 1166 Ecl.
1344 1133 1406 1166 VI.
1454 1133 1588 1165 Varum
1605 1131 1700 1165 inter

158 1183 254 1217 viros
276 1180 455 1226 principes
478 1187 515 1213 et
536 1180 664 1213 militia
684 1159 798 1214 claros
818 1179 917 1213 istius
939 1179 1067 1213 aetatis
1084 1179 1216 1221 fuisse,
1243 1178 1327 1213 satis
1350 1186 1507 1220 constat;
1542 1191 1587 1212 an
1605 1177 1700 1213 idem

158 1236 269 1275 poeta
287 1227 411 1270 sumit,
433 1240 504 1261 non
523 1227 593 1261 nisi
619 1240 661 1261 ex
681 1228 750 1261 hoc
769 1228 850 1261 loco
874 1234 1019 1260 statuas.
1050 1228 1103 1260 De
1123 1234 1231 1272 poeta
1252 1226 1342 1260 enim
1363 1226 1590 1271 cogitandum
1610 1238 1699 1268 esse,

159 1278 266 1311 docet
284 1255 494 1309 memoiatio
519 1275 662 1308 Cinnae.
712 1277 849 1320 Itaque
882 1287 958 1307 cum
983 1281 1159 1320 peipetua
1181 1274 1226 1307 sit
1251 1274 1378 1307 horum
1406 1273 1587 1307 nominum
1610 1285 1700 1308 con-

158 1324 270 1366 fusio,
296 1335 443 1368 cumque
470 1330 608 1356 veteres
634 1322 864 1356 Grammatici
887 1323 925 1356 V
923 1335 1042 1355 artum
1061 1321 1150 1355 hic
1140 1333 1176 1354 ιιι
1195 1321 1296 1354 libris
1320 1321 1490 1365 legerint,
1514 1328 1599 1366 post
1620 1323 1658 1356 V
1654 1334 1701 1355 a—

161 1385 242 1406 rum
258 1383 291 1404 v.
310 1371 356 1406 26
368 1396 376 1412 ,
414 1370 513 1403 illum
531 1370 680 1403 alterum
702 1371 858 1404 Varium
871 1397 879 1411 ,
904 1382 941 1402 ιι
960 1369 1079 1403 locum
1103 1381 1202 1402 suum
1217 1368 1469 1402 retrahendum
1489 1380 1567 1402 esse
1586 1368 1700 1403 mani-

158 1419 289 1452 festum
307 1417 358 1450 fit.
410 1418 530 1463 (Varo
553 1418 661 1451 etiam
678 1416 829 1450 Potterii
852 1417 955 1450 cccxl.
976 1428 1109 1450 omnes.
1142 1415 1378 1462 Explicandus
1399 1415 1560 1450 codicum
1575 1415 1611 1449 in
1630 1416 1701 1450 hoc

160 1465 248 1500 vitio
271 1476 460 1499 consensus
481 1477 523 1498 ex
542 1476 583 1498 eo
598 1492 606 1507 ,
634 1465 730 1510 quod
747 1463 802 1498 bis
826 1471 927 1497 anter.
947 1470 1238 1497 commemoratus
1257 1464 1375 1496 fuerat
1389 1464 1550 1497 Varus.
1599 1463 1701 1498 Varii

158 1524 289 1547 nomen
314 1512 422 1546 etiam
444 1511 594 1557 Apuleio
624 1513 668 1545 de
692 1512 860 1557 Orthogr.
885 1511 1040 1545 restituit
1067 1513 1196 1545 Osann.
1225 1523 1308 1557 pag.
1329 1511 1386 1547 67.
1425 1510 1521 1556 Wr.)
1573 1512 1701 1558 Cigna,

162 1564 308 1608 Cygna,
336 1562 439 1605 Cyna
457 1559 495 1593 in
514 1559 616 1593 libris
637 1559 830 1593 nonnullis.
874 1571 994 1605 neque
1013 1560 1135 1593 dicere
1151 1559 1278 1593 Moret.

161 1667 323 1707 dederit
376 1667 472 1705 Mel
491 1682 681 1705 amarum
702 1668 743 1706 in
766 1681 812 1705 ea
832 1666 901 1705 in-

160 1726 249 1766 sula
267 1725 512 1774 confectum,
530 1725 626 1763 satis
642 1732 789 1764 notum
807 1731 901 1778 post

159 1790 227 1824 tot
255 1783 306 1822 de
334 1784 496 1822 Corsica
532 1784 720 1822 virorum
753 1784 900 1823 docto-

159 1856 255 1882 rum
275 1841 645 1880 commentationes.
697 1845 751 1884 33
769 1866 815 1871 —
832 1845 901 1883 36.

162 1901 227 1940 Ex
246 1899 457 1939 ‹Theocrit
479 1900 575 1949 VII,
610 1899 795 1942 37—41
844 1902 900 1942 92

162 1972 247 2011 sqq.
308 1959 365 1996 De
394 1971 433 1997 v.
459 1956 514 2000 34
549 1958 671 1997 docta
697 1965 758 1997 est
786 1958 901 1997 Mac-

161 2016 355 2071 phersoni
385 2016 610 2068 disputatio
646 2017 691 2055 in
737 2017 904 2055 C'ricical

162 2077 279 2115 Diss.
311 2089 351 2127 p.
373 2075 479 2124 205,
512 2089 592 2127 qua
616 2075 773 2114 efficere
797 2075 904 2125 vult,

162 2133 410 2174 vocabulum
464 2134 585 2172 Vatis
628 2133 840 2186 Virgilium
881 2147 904 2171 a

164 2192 288 2231 Gallis
329 2191 410 2229 suis
460 2191 671 2244 Cisalpinis
722 2192 884 2245 petiisse
893 2206 903 2242 3

163 2250 242 2290 fuit
261 2249 367 2288 enim
384 2249 490 2288 inter
512 2250 642 2288 Celtas
662 2250 815 2289 Vatum
833 2263 905 2289 seu

164 2309 382 2357 Eubatum,
409 2307 633 2360 Euhagum,
664 2309 778 2359 ordo,
799 2310 904 2347 Bar-

165 2367 241 2406 dos
272 2367 395 2404 etiam
426 2366 620 2418 dignitate
649 2367 903 2407 antecellens.

161 2424 271 2464 conf.
294 2424 443 2463 Strabo
464 2425 532 2473 IV,
557 2439 646 2478 pag.
663 2428 759 2468 302.
802 2425 905 2464 Am-

164 2483 286 2523 mian.
306 2482 384 2521 XV
405 2482 432 2520 f.
482 2483 697 2522 Enimvero
727 2484 905 2523 concidit

96 2548 101 2551 “
163 2540 297 2581 omnis
323 2540 425 2578 haec
448 2541 669 2591 subtilitas,
703 2542 736 2580 si
761 2542 906 2581 memi-

165 2599 285 2648 neris,
308 2598 518 2650 Virgilium
536 2600 663 2638 latine
681 2601 906 2640 reddidisse

167 2656 419 2706 Theocritea,
440 2657 484 2695 in
503 2658 649 2708 quibus
669 2654 813 2708 οἷοιδός
834 2664 905 2709 est,

167 2729 242 2756 nec
260 2715 468 2754 diversum
484 2728 566 2753 esse
581 2722 719 2755 vatem
735 2731 757 2754 a
770 2723 904 2770 poeta.

226 2773 296 2816 35.
350 2774 503 2812 Varias
530 2774 675 2812 nobilis
709 2775 905 2827 Thyestae

169 2837 325 2871 auctor.
353 2830 436 2870 vid.
457 2830 510 2869 ad
526 2832 676 2870 Donati
695 2833 775 2872 Vit.
795 2833 903 2885 Virg.

169 2889 213 2944 ff.
234 2891 301 2933 53.
348 2889 478 2928 Cinna
499 2890 715 2941 Smyrnam
732 2891 905 2944 scripse-

168 2953 254 2998 rat,
286 2960 469 2997 carmen,
501 2947 613 2999 quod
630 2948 768 2987 decem
789 2950 904 2995 annis

169 3008 422 3056 elimaverat,
451 3017 494 3046 v.
511 3005 664 3045 Catuli.
690 3009 758 3048 89.
799 3008 904 3047 cons.

959 1664 1134 1705 Martial.
1162 1667 1222 1716 X,
1257 1668 1328 1708 21.
1391 1663 1700 1721 (Vid.1omnino

958 1724 1074 1763 binas
1096 1724 1320 1764 Weicherti
1341 1724 1628 1764 Commentatt.
1651 1723 1702 1762 de

961 1783 1161 1822 C.Helv1'0
1177 1783 1316 1822 Cinna.
1349 1783 1552 1822 Grimmae
1576 1784 1700 1824 1822.

960 1854 1017 1892 sq.
1050 1841 1146 1880 edit.
1206 1840 1324 1879 Adde
1351 1841 1503 1880 Osann.
1529 1841 1572 1880 in
1591 1840 1639 1880 V.
1658 1841 1700 1880 1..

958 1898 1069 1938 laud.
1100 1913 1139 1952 p.
1170 1902 1237 1941 68.
1265 1913 1322 1951 sq.
1368 1898 1482 1954 Wr.)
1539 1900 1702 1938 Ruaeus

959 1971 1107 2011 parum
1125 1958 1270 1997 validis
1286 1957 1515 1997 rationibus
1534 1957 1587 1996 ad
1599 1958 1702 1996 Cor-

960 2016 1114 2055 nelium
1146 2017 1315 2055 Cinnam
1353 2030 1546 2069 magnum
1578 2017 1702 2055 Pom-

961 2075 1043 2128 peii
1061 2088 1112 2113 ex
1130 2074 1213 2113 filia
1231 2081 1421 2127 nepotem
1437 2076 1576 2114 refert.
1597 2075 1702 2113 Poe-

961 2139 1023 2171 tas
1042 2146 1126 2171 esse
1143 2132 1212 2171 hic
1233 2133 1532 2186 intelligendos,
1559 2147 1702 2173 versus

963 2204 1132 2243 sequens
1152 2192 1304 2243 arguit:
1330 2194 1432 2230 inter
1448 2193 1586 2231 olores.
1633 2194 1700 2233 36.

961 2251 1156 2290 Anserem
1187 2250 1361 2302 aliquem
1392 2251 1476 2289 eius
1508 2249 1701 2303 temporis

961 2314 1144 2362 poetam,
1178 2308 1227 2347 de
1256 2322 1337 2360 quo
1363 2308 1485 2348 Ovid.
1510 2309 1631 2347 Trist.
1651 2308 1700 2357 H,

962 2366 1061 2410 435.
1101 2367 1286 2420 Propert.
1302 2367 1349 2416 II,
1373 2365 1442 2417 34,
1465 2365 1532 2409 84.
1564 2367 1611 2416 II,
1631 2366 1701 2416 25,

964 2427 1039 2475 83,
1080 2431 1121 2464 et
1147 2425 1200 2463 ad
1228 2438 1348 2477 quem
1372 2425 1450 2464 Cic.
1471 2424 1574 2464 Phil.
1593 2424 1700 2474 XIII,

964 2483 990 2526 5
1016 2484 1216 2536 respicere
1246 2489 1438 2536 putatur,
1479 2482 1702 2521 hic‘tacite

962 2542 1166 2592 vellicari,
1219 2541 1338 2580 docet
1376 2541 1551 2580 Servius.
1622 2541 1702 2580 Sed

965 2613 1147 2639 anserem
1166 2613 1218 2637 ex
1237 2600 1421 2652 opposito
1445 2599 1605 2638 olorum
1625 2613 1700 2638 na-

963 2664 1055 2696 tum
1085 2671 1167 2696 esse
1188 2664 1228 2696 et
1249 2658 1489 2710 expressisse
1513 2664 1702 2697 nostrum

965 2716 1228 2766 Theocritea,
1269 2716 1477 2768 probabile
1505 2716 1553 2755 fit
1581 2716 1700 2769 Idyll.

963 2774 1046 2824 VII,
1070 2773 1138 2816 47.
1201 2771 1304 2827 (Etsi
1323 2774 1551 2827 respexerit
1567 2773 1702 2826 Virgi-

962 2833 1039 2871 lius
1060 2831 1344 2882 Theocritum,
1365 2838 1503 2871 tamen
1522 2832 1603 2871 hoc
1617 2846 1702 2871 non

961 2890 1153 2943 impedit,
1205 2890 1422 2942 quominus
1462 2890 1505 2929 in
1539 2890 1702 2932 nomine

961 2949 1126 2998 luserit,
1156 2948 1358 2987 Ciceronis
1376 2949 1575 3002 exemplo,
1598 2947 1703 2987 Phi-

961 3007 1059 3060 lipp.
1079 3006 1190 3057 XIII,
1222 3007 1281 3050 5.:
1315 3006 1402 3058 „de
1418 3006 1593 3047 Falerno
1614 3006 1702 3046 An-
