1768 3320
359 217 766 280 BucoLICA
801 217 965 268 ECL.
1002 218 1115 281 vn,
1153 222 1377 271 49—60
1530 228 1627 276 199

101 348 275 396 Strata
305 344 480 395 iacent
509 343 707 410 passim
737 359 832 393 sua
858 357 1073 409 quaque
1098 341 1198 392 sub
1222 342 1415 395 arbore
1436 363 1627 413 poma;

102 415 300 466 Omnia
320 429 467 464 nunc
487 412 694 466 rident:
732 421 806 477 at,
844 412 887 462 si
909 410 1185 462 formosus
1210 412 1385 462 Alexis
1561 421 1628 470 55

99 484 377 536 Montibus
397 483 481 533 his
505 483 683 547 abeat,
719 482 901 532 videas
923 491 977 532 et
1001 479 1227 531 flumina
1248 483 1396 535 sicca.

101 571 146 606 T.
182 558 312 606 Aret
335 569 483 619 ager3
529 554 658 604 vitio
680 553 921 603 moriens
942 552 1049 601 sitit
1068 553 1202 602 aeris
1223 551 1418 615 herba3

98 625 262 675 Liber
281 624 595 692 pampineas
617 622 807 674 invidit
826 622 1055 672 collibus
1072 622 1316 673 umbras:

98 694 357 760 Phyllidis
382 693 617 744 adventu
638 702 853 743 nostrae
874 709 1069 743 nemus
1092 709 1258 743 omne
1278 691 1486 757 virebit,

98 765 341 833 Iuppiter
364 772 419 814 et
438 763 580 814 laeto
606 762 903 815 descendet
924 762 1190 831 plurimus
1212 763 1386 814 imbri.

170 860 251 912 59.
287 873 528 920 VIREB1T3

1561 767 1627 815 60

144 983 194 1024 54
217 986 322 1028 Quod
337 987 408 1021 iam
426 994 531 1022 antea
550 984 689 1020 Heinsii
707 990 745 1019 et
762 983 934 1020 Gronovii
954 984 999 1018 ad
1017 984 1093 1018 Liv.
1113 985 1172 1027 m,
1190 986 1238 1022 22
1267 984 1486 1030 aliorumque
1505 984 1629 1030 (Bent-

97 1034 158 1068 lei.
174 1034 221 1067 ad
239 1035 360 1068 Manil.
382 1036 425 1078 11,
444 1035 527 1071 253.
552 1032 677 1077 ΙαΙιη.)
704 1031 950 1066 emendatione
971 1032 1213 1076 reponendum
1234 1044 1310 1066 esse
1327 1031 1440 1065 visum
1461 1038 1534 1064 est:
1559 1043 1630 1064 sua

98 1093 245 1129 quaque
269 1080 336 1114 sab
353 1094 408 1124 a.,
433 1093 524 1115 nunc
543 1079 753 1124 recepimus.
800 1081 854 1113 Ita
874 1079 967 1112 enim
993 1079 1166 1112 sermonis
1186 1079 1280 1112 ratio
1303 1078 1482 1123 postulat,
1505 1085 1546 1111 ut
1569 1084 1630 1111 aut

98 1128 165 1162 sit:
188 1129 312 1162 iacent
321 1141 435 1176 poma
454 1127 529 1162 sub
545 1127 643 1172 (sua)
663 1139 829 1173 quaeque
846 1125 991 1167 arbore,
1017 1126 1113 1172 quod
1137 1126 1173 1160 h.
1193 1126 1217 1160 1.
1238 1132 1389 1159 metrum
1405 1136 1476 1158 non
1496 1124 1629 1158 admit-

98 1175 167 1219 tit,
190 1181 272 1208 aut:
307 1174 374 1209 sub
401 1187 472 1210 sua
495 1187 640 1221 quaque
666 1172 801 1207 arbore
827 1186 935 1220 poma
967 1185 1055 1215 sua,
1090 1173 1126 1206 h.
1147 1173 1267 1207 nativa
1296 1173 1369 1206 eius
1399 1172 1557 1215 arboris,
1590 1177 1630 1205 ut

98 1224 233 1267 Georg.
247 1223 289 1263 11,
309 1223 366 1259 82.
415 1223 546 1256 Contra
566 1221 776 1255 adversante
806 1220 978 1254 sermonis
996 1220 1101 1265 genio
1129 1220 1332 1265 legebatur:
1369 1232 1440 1253 sua
1464 1231 1630 1271 quaeque

93 1281 208 1325 poma
227 1269 351 1303 iacent
370 1268 439 1303 sub
462 1267 605 1303 arbore.
655 1267 883 1313 (Servandam
903 1274 1024 1301 censet
1043 1267 1203 1301 codicum
1221 1267 1411 1301 lectionem
1436 1266 1626 1311 Spohmus,

97 1323 149 1350 lta
168 1322 308 1359 tamen,
332 1323 372 1349 ut
389 1329 461 1350 saa
480 1322 606 1349 neutro
626 1327 755 1360 genere
775 1314 907 1348 dictum
925 1314 991 1355 sit3
1016 1315 1143 1348 vellem
1156 1340 1165 1355 ,
1191 1315 1285 1360 quod
1303 1314 1339 1347 in
1358 1313 1424 1347 tali
1442 1325 1481 1346 re
1500 1325 1628 1346 neces-

97 1363 248 1406 sarium,
273 1363 444 1408 exemplis
465 1375 539 1396 eam
558 1363 809 1396 confirmasset.
857 1363 961 1395 Voss.
982 1367 1018 1395 et
1036 1361 1223 1396 Wunderl.
1241 1375 1312 1395 sua
1334 1360 1526 1395 ablativum
1548 1372 1627 1394 esse

97 1410 240 1452 volunt,
274 1410 338 1444 sed
366 1406 658 1456 μονοσνλλάβως
681 1408 994 1454 pronunciandum.
1044 1408 1101 1442 Sic
1118 1409 1248 1442 Ennius
1275 1420 1383 1453 saepe
1405 1420 1494 1449 sao,
1528 1419 1628 1449 suos,

98 1470 208 1499 suas,
233 1459 331 1499 suis,
358 1457 463 1491 etiam
482 1469 590 1491 suum
610 1468 676 1502 pro
697 1469 788 1498 eum,
813 1455 1060 1501 monosyllaba
1083 1456 1189 1496 facit;
1215 1455 1284 1489 vid.
1306 1454 1445 1489 Hessel.
1465 1466 1546 1498 pag.
1569 1454 1627 1490 32.

99 1510 136 1538 et
160 1505 242 1540 297.
291 1504 405 1547 Quid,
441 1504 537 1550 quod
561 1504 656 1548 apud
683 1503 798 1547 ipsum
820 1503 1010 1548 Virgilium
1042 1505 1110 1537 mis
1141 1503 1276 1536 invenit
1296 1501 1444 1544 Quintil.
1463 1502 1549 1534 Inst.
1567 1503 1627 1535 Or.

97 1553 191 1594 Vm,
207 1551 242 1593 3,
266 1552 336 1593 25„
361 1551 456 1597 quod
480 1563 523 1584 ex
542 1552 632 1584 meis
649 1556 869 1584 contractum
890 1550 1004 1583 videri
1025 1556 1165 1594 potest3
1191 1550 1256 1583 sed
1275 1549 1345 1583 vid.
1364 1548 1415 1582 ibi
1432 1549 1547 1581 Burm.
1580 1549 1628 1581 At

97 1610 226 1633 vereor
238 1624 247 1641 ,
271 1610 316 1631 ne
333 1598 420 1632 talia
434 1598 553 1643 poetis
574 1597 650 1631 aevi
671 1597 842 1642 Augustei
859 1597 1064 1630 horridiora
1084 1597 1159 1631 visa
1178 1597 1261 1639 siut,
1286 1603 1325 1629 ut
1345 1595 1550 1640 religiosum
1569 1594 1627 1637 sit,

97 1645 251 1679 nitorem
277 1656 398 1679 eorum
421 1645 479 1678 his
506 1644 728 1690 antiquitatis
749 1644 910 1678 sordibus
938 1645 1138 1678 obfuscare.
1185 1643 1325 1677 Mireris
1350 1650 1489 1685 autem,
1523 1653 1628 1687 quum

98 1693 193 1726 ultro
221 1703 260 1725 se
290 1692 454 1734 offerret,
491 1692 587 1737 quod
615 1704 672 1725 res
700 1697 736 1724 et
763 1703 844 1725 usus
871 1691 1098 1735 postulabat,
1132 1703 1193 1724 cur
1215 1690 1387 1735 Virgilius
1411 1689 1462 1722 sic
1484 1694 1628 1733 praeter

96 1738 347 1774 necessitatem
372 1739 419 1773 ad
437 1739 601 1772 obsoleta
630 1745 667 1771 et
691 1738 821 1771 dudum
842 1738 988 1783 explosa
1014 1737 1132 1771 redire
1156 1738 1335 1771 maluerit.
1381 1740 1432 1770 Ac
1452 1735 1554 1769 valde
1573 1741 1628 1769 est

98 1786 175 1822 veri
191 1786 324 1828 simile,
350 1798 517 1833 quaeque
538 1785 664 1819 deberi
683 1797 894 1830 praegresso
923 1798 1012 1825 sua3
1049 1791 1087 1818 et
1112 1797 1214 1831 quam
1239 1785 1309 1818 vim
1337 1793 1628 1828 praegressorum

96 1834 277 1868 nominum
295 1845 422 1878 genus,
446 1845 631 1876 numerus,
657 1845 775 1875 casus,
808 1833 853 1866 ad
874 1832 1090 1866 immutanda
1110 1832 1270 1877 proxima
1290 1831 1476 1872 habuerit,
1512 1841 1627 1874 expo-

99 1881 204 1916 situm
233 1886 287 1914 est
311 1880 349 1914 in
370 1882 414 1922 Q.
434 1881 480 1915 V.
499 1881 609 1914 VIIII.
657 1881 780 1925 Itaque
803 1879 902 1913 nolui
929 1886 1065 1913 mutare
1081 1906 1089 1920 ,
1123 1880 1217 1924 quod
1239 1878 1397 1924 Heynius
1428 1882 1626 1921 receperat.

104 1929 201 1973 Wr.)

296 1928 344 1964 56
359 1929 525 1974 flumina
542 1939 652 1961 caeca
671 1928 761 1961 Ven.
782 1926 930 1968 Heinsii,
958 1927 1054 1972 quod
1073 1926 1195 1960 Heius.
1215 1926 1382 1959 illustrat.
1425 1926 1489 1958 Est
1508 1930 1626 1957 tamen

98 1975 251 2010 alienum
277 1975 321 2008 ab
344 1975 381 2009 h.
403 1975 429 2008 l.
478 1986 609 2008 caecae
627 1973 761 2020 fossae
789 1981 871 2007 sunt
899 1980 1070 2018 opertae,
1096 1974 1321 2014 obstructae;
1346 1984 1434 2014 non,
1462 1971 1626 2005 siccatae.

100 2024 216 2057 siccas
234 2022 325 2055 Gud.

99 2078 218 2104 strum
234 2081 363 2104 nemus
379 2068 481 2103 Leid.
499 2068 537 2102 C.

99 2189 208 2228 inter
223 2202 264 2227 se
294 2188 477 2227 diversas
502 2187 720 2225 sententias
748 2199 836 2224 me-

100 2246 270 2297 morari3
298 2259 430 2298 neque
447 2245 548 2284 adeo
566 2245 656 2283 illae
675 2258 726 2284 ex
737 2259 836 2283 can-

99 2304 227 2344 tantis
244 2318 418 2357 persona
437 2304 567 2342 dictae
586 2309 701 2342 sunt:
733 2303 837 2341 alio-

101 2363 274 2415 quinon
301 2368 437 2416 posset
464 2367 557 2415 post
582 2368 773 2400 aestatem
795 2367 837 2399 et

100 2420 275 2460 hiemem
307 2420 376 2464 45.
416 2419 472 2462 49
519 2433 631 2459 nunc
673 2419 722 2458 de
761 2433 837 2458 au—

101 2485 268 2524 ctumno
295 2480 377 2531 agi,
418 2484 491 2517 aut
516 2479 567 2517 ab
594 2478 734 2517 eodem
762 2490 838 2530 pa-

101 2543 212 2577 store
241 2538 449 2587 Galateae,
479 2535 680 2586 Alexidis,
710 2535 838 2589 Phyl—

100 2595 213 2647 lidis,
257 2608 413 2634 amores
448 2594 606 2634 iactari.
661 2595 743 2633 Nec
770 2600 838 2632 ta-

102 2667 197 2692 men
218 2660 291 2693 aut
306 2652 452 2706 ingenii
480 2653 657 2692 multum
674 2658 747 2691 aut
764 2651 838 2690 de-

103 2711 333 2751 lectationis
369 2712 414 2750 in
451 2710 515 2750 his
544 2717 615 2750 est.
685 2710 838 2749 Maiore

106 2783 198 2807 cum
230 2776 318 2809 arte
355 2776 397 2808 et
440 2770 642 2808 suavitate
689 2769 837 2821 Popius

105 2828 264 2865 Pastor.
283 2827 313 2877 I,
333 2829 388 2870 68
406 2841 491 2879 sqq.
522 2835 736 2866 castaneae
750 2827 839 2864 hir-

106 2892 220 2922 sutae
237 2885 429 2924 exteriori
446 2885 608 2934 cortice,
637 2898 709 2924 seu
725 2884 839 2923 echi-

106 2955 174 2980 no.
202 2954 245 2981 v.
270 2942 459 2994 Calpurn.
478 2943 561 2982 Ecl.
582 2942 632 2993 H,
654 2945 724 2987 83.
769 2940 839 2986 54.

108 2998 199 3038 Vid.
221 2998 390 3039 Theocr.
409 2999 494 3051 VII,
521 2999 615 3042 144.

417 2022 465 2057 58
491 2034 587 2055 uvas
603 2023 708 2055 Voss.
738 2021 829 2054 alter
851 2034 871 2054 a
893 2033 939 2054 m.
959 2033 1028 2054 sec.

1124 2022 1170 2057 59
1199 2021 1400 2054 adventum
1420 2020 1511 2053 Ven.
1555 2030 1626 2052 no-

633 2069 680 2104 60
704 2068 895 2102 descendit
912 2068 1065 2114 quinque
1080 2069 1196 2102 Burm.
1244 2066 1357 2101 imbre
1374 2066 1521 2112 aliquot.

950 2187 1153 2230 57—60.
1184 2187 1283 2225 vitio
1304 2187 1431 2234 aeris,
1464 2185 1539 2223 int.
1558 2196 1626 2221 ae—

893 2250 1003 2283 stum
1033 2250 1074 2283 et
1097 2244 1278 2292 'nimium
1310 2243 1495 2282 calorem.
1557 2241 1626 2284 58.

892 2302 1018 2342 Liber
1045 2318 1094 2354 p.
1119 2301 1238 2341 docte
1261 2301 1387 2351 dixit,
1417 2307 1467 2340 ut
1486 2305 1625 2353 poeta:

894 2367 1010 2411 „aret
1025 2361 1164 2411 vinea3
1205 2360 1429 2399 exsiccatae
1447 2363 1543 2397 sunt
1559 2357 1626 2396 ni-

892 2419 973 2457 mio
1008 2425 1123 2457 aestu
1149 2419 1253 2458 vites
1283 2424 1324 2456 et
1352 2417 1449 2456 solia
1482 2415 1626 2454 amise-

894 2479 1044 2516 runt.“
1075 2477 1183 2516 Serv.
1243 2479 1309 2518 60.
1341 2476 1543 2527 Iuppiter,
1576 2472 1627 2511 de

896 2548 1011 2584 aere,
1040 2540 1090 2573 ut
1108 2534 1251 2586 Georg.
1265 2533 1423 2584 H‚325‚
1445 2532 1517 2571 ubi
1531 2530 1627 2570 vide

898 2591 1011 2647 (hinc
1040 2589 1223 2645 διϊπετῆς
1252 2605 1304 2630 ex
1332 2604 1422 2629 aere
1447 2589 1624 2637 veniens,

894 2656 944 2690 ut
962 2650 1011 2689 de
1032 2650 1180 2703 pluviis
1197 2663 1333 2702 saepe3
1364 2655 1406 2687 et
1436 2649 1626 2693 διῖπετεῖς

897 2708 1039 2750 οἰωνοὶ
1068 2708 1219 2761 Hymn.
1246 2708 1291 2747 in
1317 2707 1416 2746 Ven.
1434 2704 1461 2746 4
1492 2705 1626 2742 aeriae

895 2764 1090 2820 volucres)
1106 2783 1118 2804 .·
1171 2779 1223 2805 ex
1258 2765 1406 2805 veteris
1444 2762 1620 2815 philoso-

895 2824 1014 2878 phiae
1034 2823 1255 2863 involucris
1275 2820 1485 2869 sabulosis3
1515 2815 1625 2867 quod

896 2888 939 2921 et
957 2883 1090 2935 ipsum
1106 2895 1270 2930 vereor,
1301 2886 1349 2918 ut
1366 2876 1537 2931 pastoris
1558 2874 1624 2911 in-

896 2941 1013 2993 genio
1040 2938 1389 2978 accommodatum
1416 2935 1477 2972 sit.
1530 2930 1624 2983 (ln-‘

897 2998 1052 3051 geniose
1080 3019 1137 3027 —-
1172 3008 1224 3035 an
1248 3007 1364 3043 vere,
1400 3006 1483 3031 non
1509 2988 1624 3027 dixe—
