1768 3320
203 234 308 283 236
548 230 617 279 Ρ.
654 228 1023 279 VIRGILII
1068 228 1451 279 MARONIS

202 356 362 408 Doris
384 371 560 405 amara
580 371 733 405 suam
751 372 866 405 non
885 355 1250 405 intermisceat
1269 353 1489 406 undam.
1704 357 1738 406 5

201 427 415 493 Incipe;
452 424 706 475 sollicitos
728 425 863 476 Galli
887 425 1126 475 dicamus
1152 441 1380 488 amoreS,

201 500 348 548 Dum
365 505 553 546 tenera
576 494 879 546 adtondent
900 496 1065 545 simae
1089 494 1312 559 virgulta
1337 492 1584 561 capellae.

200 570 326 619 Non
341 567 590 617 *canimus
615 566 808 618 surdis:
845 565 1184 633 respondent
1203 565 1386 614 omnia
1407 563 1580 615 silvae.

274 641 425 701 Quae
443 652 686 700 nemora,
715 645 805 686 aut
827 636 918 704 qui
940 652 1035 685 vos
1055 635 1218 685 saltus
1236 634 1495 697 habuere,
1523 632 1735 700 puellae

199 708 423 772 Naides,
462 706 686 771 indigno
711 724 882 774 quum
905 705 1083 757 Gallus
1111 720 1298 755 amore
1320 703 1562 772 peribat?
1614 758 1618 768 ‚
1673 709 1736 756 10

277 807 353 854 10.
390 816 619 851 PERIRET

202 933 279 955 cum
299 920 383 954 satis
404 919 449 954 sit
471 919 542 954 hoc
560 931 667 953 unum
683 930 810 961 nosse,
835 917 1002 952 Codicem
1020 917 1128 951 nullis
1151 916 1276 963 spatiis
1297 916 1408 951 verba
1430 915 1524 949 inter
1546 926 1584 949 se
1606 914 1737 948 distin-

201 980 311 1013 guere
333 975 368 1001 et
384 970 587 1011 separare.“
636 966 708 1000 Sed
723 966 793 1000 hoc
815 972 892 999 erat
914 978 1046 1011 operae
1064 965 1218 1011 pretium
1235 971 1372 1007 notare,
1388 963 1426 996 in
1444 962 1572 996 Medic.
1590 962 1738 996 verbum

200 1015 271 1050 hoc
292 1015 342 1049 sic
365 1014 534 1060 scriptum
557 1020 716 1048 exstare:
741 1012 1009 1060 supterlabere.
1042 1013 1138 1058 Wr.)
1190 1013 1359 1054 Sicanos,
1383 1023 1472 1044 nunc
1494 1010 1608 1055 prima
1623 1010 1736 1043 brevi.

200 1075 233 1097 v.
251 1063 296 1097 ad
316 1066 402 1096 Aen.
425 1063 451 1104 Ι,
468 1062 549 1097 557.
646 1061 669 1097 5
693 1063 807 1094 Doris
829 1061 947 1094 amica
969 1061 1103 1095 Zulich.
1137 1068 1263 1093 amata
1283 1059 1338 1092 ed.
1357 1059 1445 1092 Dan.
1461 1057 1596 1100 Heius„
1613 1057 1737 1091 vitium

201 1122 244 1144 ex
261 1110 341 1143 edd.
360 1109 541 1143 Pulmann.
559 1109 597 1142 in
615 1108 742 1141 multas
763 1115 1008 1152 propagatum.
1105 1108 1128 1143 7
1156 1116 1288 1140 tenera
1311 1106 1470 1140 tondent
1488 1117 1575 1139 unus
1592 1104 1735 1138 Mox-eti.

201 1158 416 1192 adtendunt
432 1157 562 1190 Moret.
576 1168 633 1201 qu.
658 1159 755 1189 Dum
775 1156 888 1188 simae
907 1155 1117 1189 adtondent
1126 1156 1216 1189 Ven.
1283 1154 1306 1189 9
1326 1154 1390 1200 qui
1403 1165 1473 1187 nos
1482 1153 1573 1187 Ven.
1593 1158 1630 1186 et
1644 1164 1676 1185 v.
1691 1154 1734 1189 11

200 1204 318 1239 nobis.
411 1205 455 1239 10
483 1203 627 1238 Naides
655 1202 776 1236 Heius.
805 1202 968 1246 reposuit
997 1214 1073 1236 cum
1095 1201 1223 1235 Medic.
1248 1207 1285 1234 et
1308 1199 1474 1246 optimis3
1506 1199 1735 1233 nam‘Naia—

200 1252 266 1286 des
284 1259 337 1285 est
356 1251 666 1297 quadrisyllabum.
693 1247 808 1294 Ναῒς,
831 1248 988 1290 Names.
1014 1252 1059 1283 At
1082 1246 1227 1293 Ναϊάς,
1247 1245 1436 1288 Ναϊάδες.
1463 1249 1517 1280 Ita
1531 1253 1648 1280 tamen
1666 1246 1735 1280 iam

200 1306 428 1333 correxerant
437 1298 561 1343 Egnat.
581 1304 618 1330 et
629 1297 874 1342 Nauger.Ald.
895 1303 978 1330 tert.
1000 1303 1036 1330 et
1052 1296 1135 1330 hinc
1157 1295 1332 1329 deductis.
1352 1293 1503 1343 peribat
1518 1293 1696 1329 inMedic.
1715 1306 1736 1327 a

198 1359 244 1380 m.
265 1359 334 1380 sec.
352 1359 428 1380 cum
450 1346 539 1380 Gud.
553 1372 561 1385 ‚
586 1345 626 1378 it.
642 1345 679 1377 in
697 1346 798 1378 Rom.
823 1344 941 1385 Pierii,
969 1356 1011 1377 ex
1031 1344 1172 1388 poetica
1191 1342 1331 1376 ratione
1351 1355 1371 1376 a
1388 1341 1525 1386 vulgari
1546 1341 1736 1375 recedente

198 1394 344 1427 melius:
383 1389 455 1428 ὅκα
475 1389 630 1437 Δάφνις
656 1388 810 1426 {minero
822 1418 831 1436 ‚
865 1391 961 1437 quod
979 1391 1114 1424 Pierius
1133 1396 1327 1435 comparat.
1363 1388 1532 1437 (peribat
1550 1395 1605 1422 est
1623 1388 1736 1422 altera

196 1440 304 1475 lectio
332 1441 504 1483 Medicei,
544 1439 658 1473 literis
696 1442 757 1473 BA
787 1451 893 1484 supra
926 1446 1113 1472 extremam
1143 1437 1318 1483 syllabam
1345 1461 1354 1470 .
1383 1461 1392 1470 .
1426 1438 1535 1470 RET
1568 1435 1734 1481 appictis.

199 1492 318 1532 Quum
338 1488 498 1522 subiecto
518 1487 749 1521 Coniunctivo
768 1486 974 1531 Imperfecti
993 1485 1202 1531 simpliciter
1219 1484 1372 1525 indicat,
1398 1495 1473 1516 rem
1494 1484 1670 1529 quandam
1691 1494 1733 1517 eo

197 1543 358 1582 tempore
380 1535 558 1577 evenisse,
592 1545 662 1579 quo
684 1534 830 1567 alteram
851 1533 1025 1579 aliquam;
1059 1540 1229 1579 sequente
1251 1530 1444 1565 Indieativo
1466 1530 1622 1564 eiusdem
1641 1538 1735 1564 tem-

197 1584 297 1629 poris
315 1584 404 1618 hanc
425 1594 533 1627 saepe
553 1582 664 1615 habet
682 1581 771 1623 vim,
798 1587 837 1614 ut
861 1581 947 1614 duas
967 1593 1024 1614 res
1045 1593 1111 1615 nec
1131 1587 1294 1625 tempore
1314 1578 1489 1620 diversas,
1518 1585 1553 1612 et
1569 1577 1649 1623 ipsa
1665 1590 1735 1611 na-

196 1638 277 1664 tura
297 1643 358 1665 sua
378 1631 428 1664 ita
453 1636 674 1675 comparatas
694 1628 888 1673 significet,
914 1634 953 1661 ut
978 1636 1094 1662 mutua
1121 1627 1293 1673 quaedam
1310 1626 1404 1659 inter
1425 1624 1520 1671 ipsas
1538 1625 1736 1659 intercedat

196 1678 301 1712 ratio.
353 1678 459 1720 Quod
491 1688 657 1722 quorsum
678 1676 883 1721 pertineat,
914 1675 1031 1709 statim
1054 1674 1251 1720 apparebit.
1301 1675 1385 1707 Non
1414 1673 1485 1707 hoc
1511 1672 1735 1710 solumdicit

197 1725 391 1770 Virgilius,
427 1724 568 1758 Gallum
596 1723 646 1757 sic
670 1723 833 1757 affectum
853 1722 963 1756 fuisse
988 1734 1031 1756 eo
1053 1729 1238 1766 tempore,
1276 1732 1346 1766 quo
1367 1720 1501 1753 Naides
1528 1719 1540 1752 i
1616 1731 1734 1753 emore

198 1773 314 1819 aliquo
343 1771 533 1812 latuerint3
569 1771 632 1804 sed
653 1770 815 1815 increpat
833 1770 938 1812 istas,
973 1770 1070 1815 quod
1098 1768 1295 1808 abfuerint,
1327 1766 1390 1801 ubi
1411 1767 1481 1801 hoc
1503 1768 1542 1800 G·
1586 1778 1606 1800 o
1626 1767 1734 1800 labo-

196 1821 290 1855 ranti
308 1819 508 1861 debuerint,
532 1825 573 1851 ut
590 1818 768 1852 adessent.
816 1819 938 1863 Itaque
951 1815 1103 1865 peribat
1121 1815 1366 1858 scribendum,
1389 1826 1462 1848 non
1473 1816 1636 1863 perirem
1661 1825 1734 1848 non

993 1912 1183 1952 Wernsd.
1250 1915 1288 1954 6.
1324 1912 1517 1949 sollicitos
1547 1925 1704 1950 amores
1717 1941 1728 1961 ,

994 1971 1064 2023 qui
1084 1971 1263 2009 animum
1285 1969 1506 2008 sollicitum
1535 1968 1731 2019 reddunt,

995 2030 1182 2068 cruciant
1201 2059 1212 2079 ‚
1263 2024 1504 2081 πολυκηδής
1522 2057 1533 2077 ,
1580 2030 1734 2068 πουλυ-

995 2087 1200 2142 μέριμνος.
1260 2086 1464 2125 Theocrit.
1505 2086 1568 2136 X,
1596 2088 1653 2128 20
1699 2083 1734 2127 ὦ

992 2142 1413 2200 ’φρόντιστος’Ἑρως.
1485 2146 1523 2185 8.
1564 2158 1732 2195 respon—

198 1916 345 1966 Siculi,
377 1915 479 1955 Ionii
493 1930 503 1965 ;
532 1914 642 1953 unde
664 1915 791 1952 Doris
811 1928 936 1951 ama-

197 1990 246 2014 ra
289 1989 365 2028 pro
403 1987 509 2025 aqua
543 1973 646 2011 salsa
682 1986 729 2011 ac
765 1972 934 2010 marina.

200 2031 283 2087 (Sic
312 2032 413 2081 tibi,
460 2030 686 2080 Arethusa,
728 2030 936 2069 sinceritas

197 2098 268 2131 tua
284 2097 463 2145 perstet,
494 2104 580 2128 non
602 2095 798 2141 corrupta
821 2089 934 2140 aquis

196 2150 374 2190 marinis.
412 2150 482 2189 W
476 2147 524 2203 r.)
556 2148 730 2187 Videtur
750 2147 830 2186 hoc
845 2147 936 2200 pri—

196 2223 287 2248 mus
313 2207 454 2259 aliquis
469 2221 518 2245 ex
536 2205 824 2245 Alexandrinis
836 2219 936 2258 poe—

195 2267 247 2306 tis
277 2279 468 2315 novasse,
508 2272 558 2303 ut
577 2265 696 2303 Nerei
726 2265 936 2316 coniugem

196 2325 304 2365 hanc
324 2331 365 2363 et
386 2323 606 2362 Nereidum
624 2331 798 2362 matrem
822 2321 935 2376 (Met.

186 2379 244 2432 H,
272 2385 370 2425 268.
400 2381 503 2437 269)
531 2376 622 2434 pro'
636 2382 740 2420 mari
770 2381 935 2420 diceret.

196 2443 303 2482 Nota
335 2447 395 2479 est
422 2441 490 2479 vel
526 2453 576 2478 ex
609 2439 767 2479 Moschi
792 2440 933 2491 fragm.

196 2501 269 2541 VII
290 2500 339 2538 de
371 2500 485 2538 fonte
508 2497 588 2536 hoc
610 2499 765 2538 Siciliae
791 2504 832 2536 et
851 2498 934 2536 eius

197 2573 288 2598 curn
313 2557 491 2610 Alpheo,
522 2557 689 2595 flumine
710 2556 846 2605 Elidis,
867 2556 933 2594 iu-

195 2624 385 2657 tercursu
404 2615 552 2664 sabula,
582 2628 747 2667 operose
766 2628 935 2653 excussa

196 2690 220 2714 a
240 2676 401 2714 Cluver.
423 2674 466 2712 in
485 2673 561 2711 Sic.
584 2680 668 2712 ant.
703 2672 788 2711 vid.
812 2672 932 2711 ovid.

195 2734 293 2774 Met.
317 2733 365 2782 V,
388 2732 472 2775 513
493 2744 599 2782 seqq.
620 2731 723 2770 conf.
743 2730 843 2768 Aen.
865 2730 932 2778 ΙΙΙ,

196 2791 295 2842 694,
316 2790 478 2830 ornavit
498 2802 586 2827 eam
607 2789 762 2827 Statius
783 2789 879 2826 Silv.
900 2787 932 2837 Ι,

194 2854 236 2901 2,
254 2853 339 2892 203
357 2850 414 2900 sq.
445 2846 570 2886 Theb.
593 2848 622 2897 I,
640 2850 737 2889 271.
756 2846 933 2895 1V‚238‚

194 2908 414 2959 utrobique
444 2911 633 2946 nostrum
656 2904 865 2957 expressit.
885 2903 933 2941 cf.

194 2966 407 3006 D’Orville
456 2964 590 3003 Sicula
629 2963 667 3012 I,
708 2977 797 3015 pag.
839 2963 934 3003 198.

195 3024 302 3065 Add.
321 3023 464 3063 Avien.
489 3022 623 3063 Deser.
645 3021 743 3061 Orb,
768 3019 878 3063 1175
894 3026 935 3059 et

994 2205 1088 2242 dent
1108 2234 1119 2254 ,
1161 2209 1384 2252 resonant,
1426 2215 1500 2255 per
1528 2201 1641 2241 echo.
1682 2203 1731 2241 cf.

993 2263 1142 2316 Popius
1164 2264 1325 2300 Pastor.
1352 2261 1401 2311 II,
1433 2263 1483 2302 13
1507 2274 1592 2312 sqq.

1054 2324 1079 2363 9
1101 2334 1185 2372 sqq.
1226 2320 1342 2359 Solae
1372 2318 1517 2358 Naides
1542 2333 1627 2358 non
1655 2317 1731 2357 ad-

994 2379 1126 2418 fuistis
1146 2379 1261 2417 Gallo
1274 2377 1484 2417 moerenti.
1514 2378 1578 2415 Ex
1595 2376 1730 2416 Theo-

995 2438 1086 2476 crit.
1109 2437 1225 2490 Idyll.
1247 2437 1276 2487 I,
1297 2440 1351 2479 66
1373 2449 1457 2488 sqq.
1499 2437 1614 2486 Pope
1632 2435 1728 2474 ibid.

991 2509 1032 2535 v.
1052 2498 1120 2545 23,
1153 2496 1308 2534 Milton
1333 2494 1378 2532 in
1396 2493 1613 2543 Monodia,
1646 2493 1730 2546 Ly-

993 2553 1103 2592 cida:
1146 2554 1275 2591 where
1315 2567 1415 2590 were
1439 2565 1493 2603 ye
1533 2551 1730 2604 Nymphs

993 2618 1067 2650 etc.
1114 2614 1179 2653 10.
1210 2611 1587 2662 indigno—amore
1601 2640 1612 2659 ,
1647 2623 1728 2661 quo

994 2670 1137 2721 dignus
1165 2683 1250 2708 non
1286 2674 1394 2718 erat3
1440 2681 1532 2706 cum
1563 2668 1729 2707 meliore

990 2728 1174 2776 flamma,
1214 2733 1263 2765 ut
1306 2727 1450 2765 Horat.
1483 2726 1561 2765 Od.
1589 2727 1627 2776 Ι,
1656 2729 1726 2776 27,

993 2786 1137 2837 dignus
1155 2791 1257 2823 esset
1278 2791 1363 2823 tani
1389 2784 1611 2834 obnoxius,
1641 2790 1728 2823 tam

993 2850 1182 2882 constans
1208 2850 1385 2893 amator,
1417 2856 1501 2881 non
1517 2850 1566 2881 ut
1588 2856 1611 2880 a
1629 2855 1727 2895 per—

991 2901 1075 2940 fida
1109 2908 1150 2940 et
1179 2902 1260 2941 levi
1285 2902 1420 2955 puella
1455 2907 1726 2954 sperneretur.

992 2960 1138 2999 Naides
1157 2960 1337 2999 fontium
1362 2966 1404 2999 et
1425 2959 1606 2998 amnium
1622 2958 1727 2997 deae

992 3024 1112 3070 sunt,
1153 3019 1288 3071 itaque
1314 3019 1535 3058 Parnassus
1563 3023 1605 3057 et
1630 3016 1727 3056 Pin-
