1768 3320
342 254 847 304 ARGARMINA
892 253 1310 304 BUCOLICA
1518 259 1587 310 25

66 378 401 448 simplicitate
445 378 511 429 ad
547 378 840 444 luxuriem,
894 379 958 429 ab
999 379 1301 444 integritate
1343 397 1586 432 morum-

68 467 182 519 que·
204 449 438 511 castitate
474 448 541 498 ad
575 448 824 498 libidines
859 447 1136 499 deflexisse
1165 465 1265 515 per
1290 449 1435 499 bella
1470 451 1587 500 diu-

64 529 244 582 mma,
302 517 616 586 divitiasque
656 528 956 569 exterarum
1001 519 1245 584 gentium
1294 535 1589 587 earumque

67 588 378 658 exemplum
418 605 579 656 saepe
619 590 1105 656 corruptissimum,
1169 605 1272 638 nec
1309 589 1489 639 solum
1522 589 1589 640 ad

65 659 304 710 illicitam
329 662 619 722 Venerem,
655 659 754 710 sed
784 659 852 709 ad
884 660 1153 726 impuram
1182 658 1335 711 adeo,
1408 662 1591 722 Quum

67 730 214 780 enim
250 730 433 796 priscis
471 730 809 797 temporibus
853 739 1000 779 tanta
1039 728 1226 779 suisset
1260 730 1591 780 matrimonii

64 800 336 858 sanctitaS,
379 808 442 849 ut
473 817 592 849 eam
622 801 710 850 vel
743 800 933 850 leviter
969 799 1187 849 laedere
1230 798 1382 849 nefas
1423 799 1590 850 habe-

68 879 236 932 retur,
286 869 369 919 his
408 870 747 937 temporibus
788 870 926 920 adeo
967 870 1204 936 perversi
1241 886 1356 919 esse
1392 886 1591 936 coepe-

69 949 195 990 runt
234 938 524 991 hominum
556 957 765 1005 moreS,
822 949 884 990 ut
915 939 1188 990 adulteriis
1235 948 1289 989 et
1317 949 1590 990 matrona—

68 1027 188 1062 rum
226 1011 392 1060 vetito
428 1027 613 1062 amore
642 1028 712 1060 ne
746 1010 1065 1061 nobilissimi
1098 1009 1322 1078 quidem
1354 1019 1408 1059 et
1443 1027 1590 1060 sum—

63 1081 142 1130 mi
187 1080 528 1131 abstinerent.
596 1084 789 1148 Neque
826 1097 956 1130 vero
995 1081 1051 1130 in
1082 1096 1149 1130 eo
1190 1079 1591 1131 subsistendum

65 1150 165 1201 sibi
204 1167 319 1200 esse
359 1151 483 1216 rati,
544 1151 611 1201 ad
652 1152 920 1218 impuram
948 1167 1170 1218 quoque
1209 1149 1491 1200 libidinem
1538 1158 1591 1200 et

68 1237 363 1288 puerorum
395 1221 622 1271 abusum
655 1221 1069 1286 delabebantur,
1115 1222 1185 1270 ita
1222 1220 1471 1288 quidem,
1515 1230 1590 1281 ut,

66 1309 95 1341 a
125 1307 244 1359 -quo
274 1290 479 1341 scelere
514 1301 700 1341 natura
729 1308 822 1340 sua
856 1293 1135 1341 Romanos
1164 1292 1483 1354 retinuerat,
1536 1290 1590 1340 id

64 1362 434 1428 pergentium
466 1361 946 1428 perditissimamm
966 1362 1087 1410 vitia
1111 1362 1379 1427 aspernari
1408 1360 1590 1411 desiis—

65 1440 198 1483 sent.
282 1434 624 1498 Quamquam
667 1447 797 1481 vero
838 1431 1087 1495 Virgilius
1127 1430 1228 1481 hac
1277 1440 1591 1497 temporum

64 1501 405 1569 perditorum
455 1502 667 1551 miseria
716 1501 947 1551 excusari
991 1510 1197 1568 posset,
1280 1501 1323 1550 si
1374 1501 1590 1568 impuro

67 1588 252 1621 amore
295 1571 562 1621 dilexisset
585 1570 973 1635 Alexandrum,
1026 1588 1140 1620 non
1186 1569 1478 1622 defuerunt
1514 1579 1592 1620 ta—

65 1658 196 1691 men
226 1641 332 1691 iam
361 1642 546 1708 priscis
579 1640 931 1708 temporibus,
969 1650 1129 1708 atque
1151 1640 1400 1708 aequales
1438 1640 1591 1703 adeo,

65 1721 126 1762 ut
153 1712 411 1762 Asconius
439 1711 729 1776 Pedianus,
777 1712 869 1778 qui
902 1710 1169 1761 eiusmodi
1204 1710 1417 1777 culpam
1450 1729 1479 1761 a
1509 1727 1593 1760 ca-

66 1783 157 1831 stis
187 1781 392 1846 Virgilii
417 1782 661 1831 moribus
689 1790 1050 1833 removerent.
1119 1782 1271 1832 Licet
1302 1782 1449 1830 enim
1479 1797 1591 1830 non

66 1853 401 1917 negaverint,
449 1852 600 1919 quod
632 1851 787 1901 fateri
820 1851 1109 1909 debemUS,
1165 1860 1402 1901 amatum
1430 1850 1591 1900 fuisse

68 1940 94 1971 a
137 1921 358 1987 Virgilio
391 1921 778 1981 Alexandrum;
825 1922 1125 1988 probarunt
1157 1931 1340 1971 tamen
1370 1930 1425 1971 et
1467 1938 1593 1970 eum

69 2001 124 2042 et
151 1992 430 2052 Cebetem,
468 1991 631 2042 alium
661 1991 935 2060 quendam
963 2009 1211 2059 puerum,
1250 2001 1392 2041 casto
1408 2008 1592 2041 amore

66 2061 230 2111 fuisse
263 2061 512 2124 dilectos,
557 2063 636 2112 uti
668 2081 695 2111 a
727 2065 946 2112 Socrate
982 2072 1036 2112 et
1064 2062 1291 2112 Platone
1320 2060 1593 2111 formosos

68 2133 312 2193 iuvenes,
361 2149 475 2181 non
504 2132 761 2182 abutendi
786 2133 846 2182 iis
879 2132 1103 2182 consilio
1146 2131 1213 2181 ad
1241 2131 1438 2193 scelus,
1498 2132 1594 2181 sed

71 2201 354 2252 erudiendi
372 2200 755 2269 formandique
788 2219 939 2252 causa
967 2220 1067 2269 per
1099 2202 1315 2252 doctam
1342 2203 1438 2251 viri
1462 2202 1593 2251 boni

71 2272 535 2324 consuetudinem.
607 2276 682 2322 Ac
715 2271 964 2339 profecto
995 2272 1243 2337 Virgilius
1287 2281 1342 2322 et
1387 2272 1594 2322 Alexim

71 2351 125 2391 et
154 2343 419 2393 Cebetem
457 2342 686 2392 erudivit
727 2343 823 2407 ita,
893 2352 955 2391 ut
1003 2359 1065 2392 ex
1096 2342 1190 2393 illo
1232 2341 1392 2392 fieret
1418 2358 1594 2407 gram-

68 2413 317 2474 maticus,
379 2429 441 2462 ex
471 2412 580 2462 hoc
611 2421 792 2462 autem
825 2422 1000 2478 poeta.

210 2481 381 2532 Pollio
411 2482 502 2531 illo
535 2483 770 2532 carmine
793 2482 929 2533 adeo
953 2481 1243 2537 delectatus
1265 2490 1367 2545 est,
1397 2490 1456 2531 ut
1477 2482 1594 2532 Vir—

70 2551 194 2616 gilio
225 2552 373 2602 dono
412 2552 566 2602 daret
596 2552 980 2615 Alexandrum,
1028 2552 1174 2601 cuius
1199 2569 1351 2601 causa
1382 2552 1595 2601 mutatis

72 2623 383 2672 nominibus
403 2622 459 2672 id
491 2631 603 2672 erat
627 2624 1005 2689 conscriptum.
1053 2621 1259 2685 Quodsi
1281 2622 1336 2673 in
1356 2621 1463 2671 hoc
1486 2639 1597 2670 car-

72 2691 223 2742 mine
259 2692 507 2757 Virgilius
547 2692 726 2759 paullo
779 2693 1087 2743 ardentiore
1137 2708 1322 2742 amore
1373 2691 1596 2743 Alexan-

76 2760 236 2810 drum
262 2764 643 2829 concupiscens
668 2763 824 2812 nobis
842 2763 1077 2821 videtum
1103 2771 1429 2828 reputemus,
1456 2778 1596 2822 eum,

76 2829 175 2878 nisi
196 2840 414 2896 poetam
435 2832 688 2882 voluisset
709 2850 925 2893 exuere,
962 2832 1176 2900 poetico
1192 2873 1204 2894 ‚
1227 2831 1284 2880 id
1307 2839 1384 2880 est
1405 2830 1596 2879 arden-

76 2900 213 2949 tiore
237 2909 289 2949 et
308 2902 509 2952 acriore
533 2901 714 2952 colore
738 2904 816 2953 uti
842 2902 1105 2953 debuisse.
1178 2903 1293 2950 Hoc
1319 2909 1498 2949 autem
1530 2914 1594 2947 eo

75 2970 253 3019 minus
298 2968 460 3019 debet
500 2972 717 3036 negligi,
765 2990 874 3039 quo
912 2973 1079 3037 magis
1116 2970 1399 3036 conspicua
1437 2968 1595 3018 estin
