1734 3320
272 209 754 261 GEORGIGON
789 210 933 260 LIB.
970 211 1043 273 11,
1080 216 1375 265 260—269

1481 218 1582 266 439

0 394 2 396 ,
56 340 201 387 Arva
216 335 357 387 solo:
392 335 450 386 id
472 336 617 385 venti
646 344 856 399 curant,
875 333 1211 404 ⁴gelidaeque
1233 340 1481 405 pruinae,

33 409 125 458 'Et
146 403 403 457 labefacta
426 422 655 456 movens
678 406 931 456 robustus
955 406 1136 471 iugera
1158 405 1348 460 fossor.

56 476 146 540 At,
183 477 225 526 si
252 491 388 544 quos
412 475 559 526 haud
582 475 689 526 ulla
711 476 854 525 viros
878 475 1139 540 vigilantia
1164 475 1322 542 fugit:

1478 484 1581 531 265

55 549 195 597 Ante
219 544 402 596 locum
435 545 666 596 similem
695 547 1003 614 exquirunt,
1048 546 1144 596 ubi
1167 548 1339 614 prima
1363 557 1582 614 paretur

54 615 352 667 Arboribus
373 631 549 681 seges,
588 625 641 666 et
665 633 775 683 quo
801 633 928 666 mox
953 616 1154 681 digesta
1177 615 1405 681 feratur,

53 689 314 737 Mutatam
335 686 588 752 ignorent
610 686 788 737 subito
813 703 883 737 ne
910 687 1115 737 semina
1137 697 1382 740 matrem.

56 756 199 820 Quin
223 757 385 807 etiam
410 756 546 806 coeli
570 758 853 823 regionem
874 757 929 807 in
956 758 1153 808 cortice
1177 758 1406 823 signant:

123 844 241 903 267.
277 865 551 913 reanum

98 1002 171 1039 263
203 987 336 1037 curent
361 1004 468 1038 Voss.
494 1016 549 1049 pr.
597 1002 792 1050 gelidaeve
819 1014 905 1035 unus
931 1001 1098 1036 Aruudel.

53 1049 220 1085 amnuo
249 1062 327 1084 cum
355 1051 468 1086 Goth.
496 1063 567 1085 sec.
595 1057 630 1083 et
656 1050 728 1083 Erf.
776 1051 899 1096 surgit
921 1050 1069 1084 Vratisl.

244 1097 315 1133 267
340 1098 496 1144 degesta
519 1095 664 1131 Mentel.
683 1108 737 1141 pr.
756 1097 885 1130 Moret.
905 1109 976 1130 sec.
1001 1096 1175 1130 Rottend.
1193 1103 1274 1130 tert.
1298 1110 1317 1130 a
1337 1109 1381 1130 m.
1403 1109 1456 1142 pr.
1491 1110 1580 1145 ege—

52 1107 151 1130 111108.

1202 1002 1275 1038 265
1306 1005 1363 1037 Ac
1389 1004 1426 1037 si
1451 1002 1580 1037 Medic.

1162 1050 1234 1085 266
1257 1051 1453 1095 exquirant
1478 1050 1579 1085 Leid.

51 1151 114 1177 sta
127 1145 268 1189 Menng.
285 1157 359 1190 sec-l
388 1151 424 1178 et
453 1144 590 1178 Bodlei.
627 1143 698 1177 vid.
725 1155 802 1188 sup.
833 1156 867 1177 v.
892 1144 949 1179 54.
989 1143 1172 1190 ferantur
1200 1143 1310 1177 Goth.
1333 1155 1386 1188 pr.
1411 1143 1580 1191 (feratur

54 1190 146 1225 bene
174 1190 337 1225 defendit
363 1191 507 1226 Iahnius
547 1198 669 1225 contra
699 1190 883 1232 vossium,
935 1199 1085 1224 seratur
1112 1181 1343 1231 scribentem5
1379 1192 1450 1225 vid.
1477 1191 1580 1225 etiam

51 1237 168 1283 Heyu.
188 1237 226 1272 in
246 1239 332 1272 Not.
371 1239 468 1279 Wr.)

565 1239 635 1274 268
661 1240 812 1271 Mutata
829 1245 901 1271 tres
920 1238 1015 1283 apud
1041 1239 1168 1280 Burm„
1194 1238 1345 1283 quinque
1365 1238 1459 1284 apud
1477 1239 1579 1272 Mar—

52 1285 116 1319 tin.
136 1291 172 1319 et
186 1291 272 1320 vett.
291 1286 373 1321 edd.
395 1286 546 1328 multae,
578 1285 697 1319 Pierio
723 1292 757 1318 et
775 1285 928 1318 Martino
951 1285 1121 1318 testibus:
1162 1297 1228 1318 nec
1249 1296 1321 1320 non
1342 1285 1450 1319 Goth.
1478 1297 1533 1330 pr.
1558 1297 1579 1318 a

49 1344 96 1366 m.
114 1343 170 1377 pr.
196 1333 247 1378 (et
263 1334 297 1369 2.
314 1333 348 1369 3-
367 1334 401 1368 5.
420 1335 475 1369 11.
498 1335 553 1368 12.
584 1333 704 1376 Wr.)‚
730 1332 827 1377 quod
847 1339 884 1365 et
906 1332 1022 1377 ipsum
1049 1333 1179 1366 bonum
1204 1338 1309 1365 esset.
1337 1344 1414 1377 sup.
1444 1333 1491 1368 50
1514 1341 1579 1365 ta·-

50 1391 134 1414 men
164 1379 256 1413 haec
281 1392 424 1426 quoque
452 1382 486 1414 si
514 1381 597 1426 qais·
614 1399 660 1405 -
676 1378 864 1413 scrobibus
885 1380 1035 1413 mandet
1061 1387 1207 1413 mutata
1229 1377 1403 1413 subactis.
1429 1379 1507 1424 (sed
1527 1379 1579 1412 ita

50 1425 124 1460 tale
142 1427 287 1460 verbum
299 1453 310 1469 ,

346 1427 449 1473 quale
468 1427 698 1468 desiderent,
732 1438 803 1460 non
823 1428 1018 1473 ignorent,
1049 1426 1299 1471 requireretur.
1338 1427 1435 1471 Wr.)
1466 1428 1578 1472 igno-

52 1482 141 1507 rant
161 1474 292 1507 Moret.
319 1474 402 1508 duo.
435 1476 577 1519 (norint
603 1473 693 1508 coni.
721 1473 882 1518 Dorph.;
914 1473 979 1507 sed
1003 1475 1180 1522 ignorent
1207 1473 1298 1507 bene
1327 1473 1577 1518 interpretatus

51 1528 106 1554 est
122 1522 236 1566 Heyn.
264 1522 372 1566 „Wr.)
406 1520 527 1555 subito
547 1523 722 1567 ignorent
736 1522 873 1565 Menag.
892 1533 945 1566 pr.
987 1533 1061 1555 neu
1081 1532 1167 1554 unus
1184 1520 1350 1558 Arundel.
1396 1533 1464 1554 nec
1489 1532 1577 1553 unus

52 1568 170 1601 Mead.
217 1568 350 1602 Locum
375 1567 554 1613 Calpurnii
571 1569 621 1610 11,
657 1569 705 1603 50
729 1568 812 1601 hinc
841 1579 1042 1613 expressum
1073 1579 1202 1602 succos
1228 1580 1277 1601 ne
1298 1566 1406 1614 forte
1430 1568 1578 1614 priores

50 1615 251 1662 Languida
273 1623 417 1649 mutata
446 1623 632 1661 quaerant
654 1615 851 1661 plantaria
868 1623 990 1649 terra:
1027 1621 1063 1648 et
1089 1614 1222 1648 Colum.
1250 1615 1310 1656 X,
1337 1614 1405 1650 153
1422 1616 1517 1648 sicco
1535 1622 1577 1647 ut

0 1699 6 1703 ,
51 1670 271 1696 consuescat
286 1663 443 1709 pulvere
458 1662 595 1708 planta
611 1663 690 1696 Nec
716 1670 860 1695 mutata
880 1662 960 1696 loco
982 1663 1099 1696 siccos
1124 1662 1323 1696 exhorreat
1339 1670 1484 1695 aestus:
1506 1661 1576 1695 iam

47 1708 207 1743 laudavit
223 1710 340 1743 Burm.

48 1827 197 1880 pruina
225 1833 266 1866 et
298 1840 432 1880 opere.
497 1826 596 1870 264.
637 1828 781 1878 iugera

49 1885 256 1938 labefacta
294 1886 435 1939 pulcre
463 1898 540 1937 pro
572 1892 685 1924 terra
714 1884 782 1923 vi—

47 1957 170 1995 neae,
198 1957 304 1996 quae
328 1944 577 1997 pastinatur,
619 1956 691 1982 seu
709 1956 782 1995 per

46 2007 179 2041 totam
213 2002 376 2041 vineam
412 2001 575 2055 pastino
605 2001 783 2040 foditur:

47 2060 239 2100 fodiendo
257 2060 364 2099 enim
388 2066 598 2109 movetur,
629 2073 782 2098 concu-

47 2117 174 2167 titur,
204 2118 400 2157 mollitur.

64 2195 66 2197 ·
105 2175 365 2218 265—268.
405 2174 682 2227 Diligentiores
706 2188 783 2227 pa-

47 2233 302 2272 tresfamilias
332 2233 375 2272 in
407 2233 619 2272 seminario
645 2230 782 2286 (plan-

47 2291 198 2330 tarium
230 2306 278 2330 ac
313 2291 523 2330 vitiarium
553 2291 674 2329 etiam
705 2304 783 2329 vo-

47 2348 161 2404 cant)
180 2349 356 2389 educant
374 2350 492 2399 vites,
519 2363 618 2401 quas
636 2348 782 2386 deinde

46 2408 89 2447 in
107 2408 268 2447 vineam
286 2408 546 2447 transferant.
565 2407 677 2446 Cons.
698 2407 779 2445 Co·—

45 2466 145 2505 lum.
170 2467 246 2516 ΠΙ,
274 2465 301 2507 4
336 2472 378 2504 et
397 2466 436 2509 5.
467 2466 648 2518 Geopon.
667 2465 715 2515 V,
738 2467 777 2506 3.

46 2526 147 2566 266.
165 2527 264 2567 267.
285 2524 457 2563 Arbores
473 2523 515 2563 h.
536 2524 562 2562 l.
584 2538 660 2576 pro
677 2523 779 2562 viti-

46 2581 146 2632 bus;
172 2588 223 2620 ut
253 2595 305 2620 ex
335 2588 425 2621 tota
447 2582 629 2621 oratione
646 2587 778 2634 patet:

0 2691 2 2694 y
48 2639 123 2677 etsi
140 2641 373 2692 ceteroquin
392 2641 510 2681 etiam
524 2640 695 2678 aliarum
711 2653 780 2677 ar-

46 2697 193 2736 borum
219 2698 431 2737 seminaria
458 2705 586 2737 sunu:
626 2698 783 2736 Curant

47 2754 118 2803 illi,
149 2761 198 2793 ut
213 2755 347 2806 locus,
377 2757 446 2794 ubi
456 2759 597 2808 prima
611 2765 783 2807 paretur

46 2808 199 2851 vitibus
215 2827 342 2865 seges,
375 2813 417 2853 11.
435 2815 693 2853 seminarium
713 2814 780 2852 vi-

46 2869 174 2920 tium,
212 2870 331 2911 simili
354 2871 515 2924 ingenio
548 2887 595 2911 ac
628 2878 778 2911 natura

47 2927 121 2977 sit,
162 2941 285 2978 quam
312 2929 448 2979 locus,
489 2945 568 2982 quo
596 2945 691 2968 mox
709 2930 777 2967 di-

45 2994 164 3037 gesta
193 2986 363 3037 seratur
378 3017 390 3035 ,
441 2993 541 3025 nota
582 2987 777 3039 loquendi

432 1710 504 1745 269
524 1710 651 1756 signat
673 1709 729 1743 ed.
749 1711 841 1743 lunt.

836 1827 992 1877 forma,
1032 1833 1082 1866 ut
1118 1826 1293 1866 alterum
1328 1826 1371 1865 in
1404 1826 1573 1879 partici-

837 1886 951 1939 pium
970 1891 1161 1924 mutetur
1174 1915 1184 1935 ,
1214 1891 1264 1935 ut
1281 1898 1321 1924 v.
1344 1898 1378 1923 c.
1396 1884 1469 1924 inf.
1488 1886 1573 1926 318

838 1952 1065 1983 concretam
1085 1943 1264 1982 radicem
1291 1942 1474 1995 adfigere
1494 1951 1573 1981 ter—

837 2017 919 2041 rae.
939 2001 982 2041 h.
1004 2002 1277 2040 transferatur
1297 2007 1338 2039 et
1353 2001 1572 2053 digeratur,

838 2060 924 2099 sive
943 2060 1162 2099 vitiarium.
1222 2059 1269 2097 In
1294 2072 1477 2097 sermone
1499 2072 1573 2112 pe-

841 2118 969 2157 destri
987 2117 1158 2156 diceres:
1187 2117 1322 2155 locum
1338 2117 1506 2155 similem
1523 2117 1571 2167 ei,

842 2190 922 2228 quo
943 2190 1043 2215 mox
1060 2176 1230 2214 feratur.
1289 2175 1415 2227 Seges
1428 2205 1440 2224 ,
1475 2175 1571 2226 quia

839 2234 996 2273 semina
1027 2234 1124 2272 dicit
1152 2239 1336 2271 etserere
1364 2232 1568 2273 communi

839 2292 1059 2342 vocabulo,
1090 2305 1171 2343 quo
1200 2297 1242 2329 et
1265 2291 1481 2344 scriptores
1510 2291 1571 2330 rei

838 2350 1015 2389 rusticae
1070 2349 1121 2388 de
1167 2348 1297 2388 vineis
1336 2349 1569 2402 plantandis

837 2414 1038 2459 utuntur3
1077 2408 1134 2446 sic
1171 2414 1214 2446 et
1247 2406 1455 2461 σπέρματα
1474 2439 1486 2458 ,
1526 2413 1569 2446 et

836 2467 1036 2519 σπείρειν,-
1063 2466 1244 2517 adeoque
1263 2480 1378 2517 seges
1395 2472 1456 2504 est
1474 2478 1568 2504 sur-

836 2524 1034 2563 culorum.
1091 2523 1241 2562 Eadem
1262 2524 1312 2562 ab
1331 2523 1414 2575 agri
1432 2523 1568 2562 cultu-

835 2597 883 2622 ra
912 2583 1040 2635 petita
1079 2582 1238 2621 ratione
1273 2582 1409 2635 paullo
1452 2587 1565 2630 ante,

837 2656 939 2679 arva
952 2671 963 2690 ,
1007 2640 1151 2693 glebas
1164 2671 1176 2690 ,
1219 2643 1363 2692 iugera
1376 2671 1388 2690 ‚
1433 2639 1482 2678 de
1501 2639 1566 2677 vi-

837 2699 922 2738 neis
941 2698 1068 2749 dixit,
1098 2705 1147 2738 ut
1166 2712 1189 2736 a
1204 2698 1363 2750 vulgari
1385 2709 1565 2736 sermone

836 2757 1046 2797 recederet
1063 2757 1221 2810 poetica
1246 2756 1388 2795 oratio.
1426 2755 1566 2792 Satio—

836 2818 901 2854 nis
921 2824 1057 2853 autem
1076 2816 1156 2853 duo
1172 2829 1324 2867 genera
1341 2844 1350 2862 ,
1384 2812 1565 2849 malleoli

835 2874 902 2913 vel
914 2874 1148 2913 viviradicis
1168 2871 1387 2911 Columella
1407 2869 1474 2918 111,
1498 2866 1563 2917 14,

834 2934 887 2982 23
903 2931 1006 2970 haec
1022 2937 1118 2970 sunt
1134 2932 1303 2970 semina.
1337 2929 1435 2969 268.
1458 2927 1564 2964 Mu,-

834 2997 965 3028 tutam
1000 2989 1127 3028 subito
1168 2995 1358 3034 matrem,
1400 2997 1563 3033 novam,
