1734 3320
182 186 287 238 506

523 188 579 238 P.
616 187 967 239 VIRGILII
1000 187 1370 241 MARONIS

180 312 266 364 Ad
288 312 514 363 delubra
533 313 701 377 iuvat,
741 330 1032 381 caesosque
1057 313 1244 365 videre
1267 315 1550 379 iuvencos;

180 382 283 436 Vel
309 396 467 433 scena
490 392 551 433 ut
575 384 740 434 versis
763 383 1001 434 discedat
1023 382 1318 450 frontibus,
1354 396 1525 455 utque

179 457 459 520 Purpurea
481 454 665 504 intexti
686 454 878 505 tollant
901 454 1082 505 aulaea
1106 456 1360 509 Britanni.

1642 434 1712 512 25

179 526 244 575 In
267 523 476 574 foribus
500 540 739 591 pugnam
765 542 826 575 ex
848 541 979 575 auro
1005 525 1294 594 solidoque
1322 526 1613 594 elephanto

182 594 548 661 Gangaridum
569 593 786 660 faciam,
822 595 1148 664 victorisque
1176 614 1322 647 arma
1348 598 1583 661 Quirini3

226 713 274 749 24
298 721 411 759 atque
421 716 564 758 Argent.
580 713 649 755 ed„
665 719 812 747 notante
822 712 981 747 Reiskio.

488 763 535 797 27
563 761 815 807 Gargaridum
841 759 1024 802 Rottend„
1056 761 1120 794 sed
1151 761 1297 795 Graecis
1325 761 1589 808 Γανδαρίδαι,
1615 763 1712 808 quod

178 760 318 805 Menag.
338 773 392 805 pr.

1054 713 1101 749 25
1127 714 1262 748 tollent
1271 716 1409 760 Menag.
1428 715 1528 749 alter.
1566 716 1712 749 intexta

180 807 242 842 alii
262 807 402 841 flexisse
430 808 614 851 videntur,
652 808 734 841 dum
765 820 786 841 a
808 808 930 853 Gange
958 808 1098 841 ductum
1125 809 1317 854 putabant:
1349 809 1495 844 Salmas.
1523 810 1570 844 ad
1598 809 1710 844 solia.

179 868 216 901 p.
235 856 316 891 698.
364 856 520 890 victoris
544 864 581 889 et
601 867 706 889 arma
721 855 887 889 Parrhas.

179 946 221 978 et
243 939 299 989 V,
329 939 446 982 556.:
486 939 649 989 „Tons
662 953 704 989 a,
747 952 916 992 compo-

179 997 294 1036 sitaf‘
354 997 631 1050 Philargyrius
655 1011 818 1050 quoque
836 1012 916 1036 no-

178 1062 264 1095 stro
285 1055 375 1095 loco
391 1062 552 1095 tonsam
572 1056 664 1096 vult
689 1069 773 1094 esse
800 1069 915 1095 com-

176 1114 364 1167 positam.
423 1115 566 1164 Vides,
609 1115 761 1166 ubique
800 1129 914 1153 com-

177 1173 351 1225 positam
373 1180 602 1212 comtamve
623 1173 672 1212 ab
695 1172 758 1212 his
774 1173 913 1212 Inter-

175 1231 357 1284 pretibus
391 1232 492 1282 dici,
540 1245 742 1283 nusquam
771 1238 913 1270 atton-

175 1304 273 1329 sam.
312 1291 364 1329 Et
383 1291 457 1330 vix
480 1290 742 1340 crediderim,
773 1289 915 1329 tulisse

174 1347 255 1387 hoc
273 1355 461 1388 veterum
481 1349 810 1402 superstitionem
824 1379 834 1398 ,
865 1354 914 1387 ut

174 1420 238 1446 res
259 1421 374 1447 sacro
404 1407 608 1447 destinata
635 1407 727 1446 usui
744 1406 913 1446 mutila-

95 1486 101 1495 =
174 1472 303 1505 retur.
362 1466 470 1505 Hinc
499 1467 575 1504 alia
611 1466 811 1506 tentanda
836 1478 912 1504 ex-

172 1524 349 1576 plicatio.
409 1525 509 1564 Olea
542 1524 665 1564 arbor
701 1530 787 1563 erat
816 1538 911 1563 um—

173 1582 317 1634 brosa,
360 1582 570 1623 claudian.
599 1583 649 1622 de
676 1583 788 1622 Bello
819 1583 909 1623 Get.

174 1643 296 1692 319.‚
326 1642 475 1681 multas
522 1642 686 1694 gignens
727 1641 908 1692 frondes,

172 1699 284 1738 unde
302 1700 424 1739 etiam
445 1701 697 1740 tondebatur
727 1714 751 1738 a
771 1701 909 1740 colen—

172 1757 294 1797 tibus.
322 1758 423 1798 Plin.
461 1759 567 1798 Hist.
600 1759 692 1797 Nat.
721 1759 818 1808 XV,
847 1762 909 1800 2.:

173 1817 296 1866 „Sine
326 1816 454 1856 dubio
487 1824 528 1856 et
565 1817 609 1855 in
649 1817 745 1856 oleis
777 1817 909 1856 solum

173 1875 374 1925 maxime,
405 1876 640 1927 caelumque
660 1876 802 1914 refert:
833 1889 907 1915 ve-

171 1939 406 1972 rumtamen
458 1940 500 1973 et
546 1940 566 1972 t
578 1948 601 1972 o
613 1948 640 1972 n
653 1933 682 1972 d
693 1947 714 1972 e
726 1948 753 1972 n
766 1939 868 1972 tur.
882 1935 908 1956 “

171 1991 281 2031 Hinc
299 1992 416 2031 facile
444 1992 519 2031 tibi
537 1992 801 2045 persuadeas,
833 1992 908 2030 de-

173 2056 355 2104 cerptam
370 2050 493 2090 fuisse
513 2051 689 2103 aliquam
715 2051 907 2090 soliorum

171 2115 330 2162 partem
352 2109 396 2147 in
424 2110 584 2149 coronis
605 2109 792 2162 oleaginis
806 2140 817 2159 ,
855 2123 906 2148 ne

169 2170 347 2207 frontem
372 2168 489 2207 nimis
512 2168 818 2219 obumbrarent,
843 2174 908 2206 at—

171 2239 250 2278 que
288 2225 384 2265 hinc
425 2226 503 2265 dici
539 2232 700 2265 tonsam
742 2227 904 2266 olivam.

169 2285 255 2323 Iam
282 2297 381 2324 vero
410 2285 619 2338 probabile
648 2291 729 2335 est,
764 2285 907 2324 decer—

169 2343 253 2397 ptis
271 2343 456 2381 maximis
478 2343 637 2382 minora
656 2350 777 2395 atque
799 2344 907 2382 eius-

172 2401 264 2440 dem
286 2402 410 2440 serme
427 2401 692 2453 longitudinis
714 2402 811 2440 folia
835 2415 906 2443 re-

169 2460 268 2498 licta
287 2473 388 2509 esse,
421 2465 462 2497 et
482 2459 561 2498 hoc
580 2474 700 2499 sensu
721 2474 743 2498 a
761 2461 903 2500 Servio

170 2532 219 2556 ac
244 2517 495 2569 Philargyrio
524 2518 605 2557 dici
635 2525 812 2557 comtam
832 2533 904 2558 co·-

168 2590 313 2615 ronam
355 2576 697 2628 compositamque
737 2577 905 2615 minutis

168 2633 284 2674 soliis.
346 2635 535 2673 Ceterum
558 2635 748 2674 tonsilem
776 2641 816 2673 et
834 2650 905 2674 su-

167 2693 281 2732 tilem
298 2706 489 2731 coronam
511 2693 726 2731 confundit
741 2694 906 2732 Salmas.

167 2751 269 2790 Plin.
287 2751 529 2790 Exercitatt.
552 2765 591 2803 p.
614 2754 710 2793 703.
771 2752 906 2790 Tonsa

168 2823 320 2849 corona
366 2809 564 2848 tribuitur
613 2809 732 2846 etiam
770 2809 905 2862 pueris

167 2868 333 2907 Troiam
351 2867 588 2907 ludentibus
610 2866 708 2905 Aen.
727 2867 775 2917 V,
795 2867 904 2917 556.;

167 2940 289 2978 quam
314 2933 356 2965 et
374 2927 503 2979 ipsam
522 2926 763 2979 oleagineam
781 2925 904 2964 fuisse

166 2991 280 3039 puto.
317 2987 389 3026 W
382 2982 431 3039 r.)

1031 940 1101 980 22.
1134 939 1231 978 Iam
1269 954 1378 978 nunc·
1415 941 1559 988 ἱιιναι;
1599 944 1711 978 tam-

974 1008 1097 1048 quam
1141 1003 1263 1050 poeta
1300 997 1366 1048 id,
1428 998 1541 1050 quod
1577 998 1710 1037 facere

972 1054 1091 1106 gestit
1111 1055 1268 1095 animus
1280 1086 1291 1106 ,
1326 1056 1380 1094 ad
1398 1070 1588 1109 praesens
1601 1062 1708 1095 tem-

971 1126 1048 1165 pus
1081 1120 1267 1164 revocat,
1308 1115 1422 1166 quasi
1449 1121 1636 1154 actutum
1663 1115 1708 1154 in

971 1184 1019 1209 eo
1040 1178 1264 1224 occupatus
1293 1173 1357 1212 sit.
1416 1173 1592 1226 Rapitur
1618 1173 1709 1212 ani-

969 1242 1060 1268 mus
1079 1236 1263 1270 aestuans
1276 1230 1319 1270 in
1332 1231 1485 1271 medias
1504 1245 1581 1283 res,
1600 1237 1710 1272 tam-

971 1301 1094 1340 quam
1113 1288 1146 1327 si
1166 1303 1302 1329 coram
1320 1296 1527 1342 gerantur.

1028 1346 1097 1388 24.
1119 1348 1189 1390 25.
1220 1348 1373 1396 Priora,
1405 1349 1459 1387 ad
1476 1363 1590 1388 sacra
1611 1361 1709 1402 per-

968 1404 1174 1456 tinebant,
1220 1406 1264 1445 in
1292 1407 1438 1458 quibus
1478 1421 1629 1460 pompa
1655 1407 1709 1446 ad

968 1464 1169 1516 templum
1190 1465 1326 1515 ducta,
1340 1471 1381 1504 et
1398 1465 1562 1505 victima
1581 1479 1707 1517 caesa,

967 1520 1081 1572 haec,
1110 1524 1244 1563 nescio
1269 1538 1321 1562 an
1340 1524 1436 1563 satis
1462 1531 1707 1578 opportune,

967 1579 1118 1619 iterum
1157 1582 1210 1621 ad
1248 1582 1369 1622 ludos
1390 1613 1402 1632 ,
1453 1582 1563 1622 inter
1604 1596 1706 1635 quos

967 1639 1089 1678 etiam
1110 1643 1286 1680 scenicos
1306 1640 1492 1680 editurus
1515 1647 1598 1692 est;
1627 1640 1708 1680 hoc

967 1697 1130 1750 quidem
1153 1712 1267 1738 more
1296 1700 1495 1739 Romano.
1556 1700 1702 1748 Saena,

966 1763 1110 1809 utpote
1148 1758 1372 1808 versatilis,
1405 1758 1704 1811 circumagitur.

967 1814 1113 1853 Velum
1166 1823 1303 1855 autem
1353 1816 1436 1856 sive
1483 1817 1702 1867 aulaeum,

965 1873 1262 1925 prodeuntibus
1287 1874 1449 1914 iamiam
1476 1875 1705 1926 actoribus,

966 1945 1063 1982 non,
1086 1939 1136 1971 ut
1156 1947 1279 1983 nunc,
1312 1933 1542 1984 demissum,
1573 1933 1645 1972 sed
1661 1933 1706 1972 in

966 1989 1096 2029 altum
1115 1991 1323 2031 sublatum
1345 1992 1466 2030 fuisse
1478 2022 1490 2042 ,
1522 1991 1705 2044 adeoque

962 2047 1141 2088 intextas
1166 2063 1237 2090 seu
1257 2051 1387 2104 pictas
1404 2050 1606 2104 imagines,
1624 2049 1666 2089 h.
1677 2050 1704 2090 l.

964 2107 1204 2159 Britannos,
1244 2122 1415 2162 procero
1440 2122 1632 2162 corpore,
1663 2114 1705 2147 et

963 2165 1069 2204 forte
1091 2179 1137 2205 eo
1158 2166 1304 2207 habitu
1320 2167 1464 2220 pictos,
1494 2174 1705 2219 tamquam

965 2224 1035 2276 qui
1053 2224 1129 2278 ipsi
1156 2226 1248 2266 vela
1270 2227 1486 2276 tollerent,
1517 2225 1632 2279 quasi
1651 2238 1704 2264 ex

962 2288 1077 2321 terra
1116 2297 1279 2337 surgere
1314 2284 1421 2324 visas
1464 2297 1546 2323 esse
1566 2314 1579 2334 ,
1629 2283 1704 2323 vix

965 2355 1067 2394 opus
1093 2348 1154 2381 est
1180 2343 1319 2382 multis
1354 2342 1513 2382 docere.
1571 2342 1701 2381 Locus

965 2399 1152 2439 classicus
1184 2401 1306 2440 Ovid.
1343 2400 1438 2440 Met.
1461 2401 1528 2450 III,
1551 2402 1628 2441 111
1645 2423 1703 2430 —

963 2456 1060 2499 114.
1090 2459 1274 2498 Hurdius
1295 2460 1321 2499 1.
1339 2473 1372 2499 c.
1394 2459 1444 2498 de
1464 2459 1605 2498 aulaeo
1627 2458 1701 2497 de-

962 2516 1073 2555 lubri
1093 2518 1326 2570 accipiebat.
1593 2545 1595 2552 ι

1022 2577 1222 2617 26—30.
1246 2575 1312 2614 Ad
1334 2580 1574 2614 ornamenta
1592 2579 1701 2612 tem-

962 2632 1019 2685 pli
1035 2632 1078 2670 in
1091 2633 1261 2686 Augusti
1279 2633 1479 2672 honorem
1497 2631 1701 2672 condendi

963 2692 1135 2730 transit:
1181 2691 1407 2745 anaglypha
1445 2691 1489 2730 in
1529 2691 1699 2741 foribus,

965 2749 1069 2787 cons.
1097 2748 1194 2788 Aen.
1224 2751 1299 2800 V[‚
1328 2753 1384 2792 20
1416 2763 1501 2802 sqq.
1530 2755 1570 2788 et
1600 2749 1698 2788 Exc.

963 2807 1053 2846 XV.
1076 2808 1128 2846 ad
1144 2808 1212 2847 lib.
1227 2809 1256 2847 I.
1270 2808 1384 2859 Aen„
1404 2814 1445 2847 et
1465 2808 1630 2860 quidem
1648 2821 1699 2845 ex

963 2866 1084 2904 ebore
1109 2873 1151 2904 et
1180 2880 1298 2906 auro:
1329 2873 1378 2906 ut
1399 2880 1462 2919 ap.
1482 2866 1560 2922 Cic.
1581 2866 1697 2905 Verr.

960 2924 1029 2974 IV,
1053 2925 1129 2975 563
1161 2922 1398 2979 (respexisse
1423 2931 1560 2963 tamen
1578 2923 1698 2963 vide-

959 2989 1031 3022 tur
1049 2983 1232 3036 inprimis
1252 2985 1358 3024 fores
1379 2982 1520 3036 templi
1538 2981 1697 3036 Apolli-
