1768 3320
245 265 662 319 Bueoch
696 265 864 317 ECL.
899 265 1047 332 vm,
1084 270 1342 319 90—108

1467 275 1569 322 219

43 400 330 465 Transque
363 401 521 460 caput
550 394 687 456 iace;
732 409 835 443 nec
866 392 1184 459 respexeris:
1219 391 1302 441 his
1334 407 1434 458 ego
1466 397 1569 444 Da-

838 462 1033 530 phnim

47 530 370 598 Adgrediar;
406 532 540 583 nihil
564 532 651 583 ille
677 532 832 597 deOS,
870 533 946 582 nil
968 531 1202 581 carmina
1221 540 1380 584 curat.

46 602 240 656 Ducite
263 602 328 653 ab
359 603 497 655 urbe
528 602 781 668 domum,
818 619 944 653 mea
975 602 1230 666 carmina,
1270 600 1449 652 ducite
1468 605 1575 653 Da-

47 741 305 810 Adspice:
343 744 613 810 conripuit
634 742 879 793 tremulis
903 741 1081 793 altaria
1105 740 1338 791 flammis

51 814 259 881 Sponte
298 829 418 878 sua,
475 813 606 864 dum
650 812 794 863 ferre
836 830 1050 877 moror,
1100 812 1229 862 cinis
1270 813 1398 880 ipse.

837 672 1045 740 phnim.

1478 743 1576 793 105

1468 814 1577 862 Bo-

840 900 976 934 num
1000 884 1086 934 sit!

46 953 242 1005 Nescio
266 952 398 1021 quid
419 962 563 1004 certe
589 962 692 1015 est3
733 962 785 1004 et
807 954 971 1019 Hylax
990 955 1044 1003 in
1066 949 1252 1003 limine
1271 951 1436 1003 latrat.

51 1022 367 1075 Credimus?
404 1041 494 1088 an,
525 1025 616 1091 qui
637 1034 839 1088 amant,
866 1025 965 1092 ipsi
985 1024 1084 1074 sibi
1101 1023 1309 1073 somnia
1330 1021 1577 1087 fingunt?

123 1111 236 1158 102.
278 1109 390 1158 104.
425 1109 673 1158 DAPHNIN

99 1223 262 1259 102¹nec
285 1224 493 1270 respexeris
513 1223 642 1258 Medic.
659 1223 842 1258 Pierianus
865 1222 1018 1267 Oblong.
1042 1223 1132 1257 Gnd.
1166 1222 1217 1267 (et
1239 1223 1274 1258 2.
1302 1222 1336 1257 5.
1366 1218 1421 1256 14.
1461 1219 1577 1263 Wr.);

51 1276 88 1303 et
115 1269 186 1304 hoc
207 1282 325 1303 verum
347 1276 421 1303 est:
453 1270 560 1315 vulgo
592 1284 650 1305 ne.
699 1271 854 1316 (Iahnius
876 1283 922 1304 ne
941 1271 1084 1315 probat.
1133 1271 1288 1303 Vetatur
1308 1267 1495 1312 Amaryllis
1515 1279 1578 1300 re-

51 1316 191 1361 spicere
220 1316 265 1350 in
289 1316 537 1358 iaciend03
570 1318 690 1363 itaque
716 1317 917 1362 copulativa
942 1317 1154 1362 requiritur,
1187 1315 1373 1349 referenda
1401 1315 1445 1348 ad
1470 1314 1577 1347 modo

51 1375 298 1409 praegressum
315 1363 404 1397 illud
426 1366 621 1411 Transque
643 1373 755 1412 caput
770 1367 866 1404 iace-3
903 1370 939 1397 et
961 1364 1032 1398 vid.
1056 1366 1098 1406 Q.
1117 1365 1161 1398 V.
1182 1364 1359 1403 XXXVI,
1387 1360 1442 1397 14.
1465 1368 1500 1394 et
1522 1362 1577 1396 15.

51 1430 97 1436 —
124 1413 203 1447 103.
227 1411 355 1445 Medic.
386 1412 483 1445 nihil
505 1413 687 1452 carmina3
719 1415 816 1446 Serv.
840 1411 966 1444 Dresd.
989 1425 1057 1444 nec
1075 1424 1104 1444 c.
1136 1411 1231 1454 Wr.)

52 1457 109 1492 vel
132 1459 302 1492 tremulis
326 1458 404 1491 cod.
422 1458 546 1492 Ko'ler.
576 1460 713 1506 palmis
742 1471 808 1504 pro
829 1460 996 1505 flammis
1016 1459 1145 1491 Moret.
1171 1469 1240 1490 sec.

43 1506 99 1550 fit
122 1505 257 1539 Zulich.
288 1517 308 1538 a
333 1517 380 1538 m.
407 1517 462 1550 pr.
497 1507 511 1539 i
537 1519 577 1539 se
606 1505 724 1540 bonus
750 1507 801 1539 sit
826 1506 935 1539 Nonii
955 1506 1127 1551 quaedam
1150 1504 1229 1537 edd.
1252 1503 1288 1536 in
1309 1504 1413 1536 cinis.

52 1552 188 1586 Nescio
210 1552 294 1599 qais
319 1564 362 1585 ex
378 1552 457 1586 Ald.
480 1519 536 1586 etl).
560 1565 615 1598 pr.
665 1554 729 1599 qui
752 1560 887 1598 poster.
908 1553 1030 1586 laudat
1046 1554 1230 1586 Burmann.
1278 1550 1390 1583 Male:
1415 1561 1495 1582 nam
1513 1548 1579 1582 Ed.

1330 1409 1398 1446 105
1424 1409 1580 1454 trepidis

1343 1457 1411 1491 106
1436 1459 1579 1489 Bonum

1511 1502 1580 1537 107

52 1611 108 1644 pr.
138 1611 207 1633 sec.
236 1605 316 1632 tert.
351 1600 440 1645 quid
467 1599 620 1640 habent3
650 1612 715 1633 nec
736 1600 805 1633 nisi
824 1601 859 1633 in
878 1600 958 1633 edd.
980 1598 1173 1633 serioribus
1192 1598 1293 1634 1527.
1317 1598 1407 1633 1557
1426 1596 1579 1629 varietas

52 1646 115 1680 illa
137 1645 301 1680 occurrit.
346 1648 426 1692 quit
442 1647 570 1680 Medic.
607 1648 701 1680 certi
718 1655 773 1680 est
794 1660 837 1680 ex
856 1647 981 1680 eodem
1003 1647 1124 1680 laudat
1142 1645 1262 1678 Heius.
1276 1671 1285 1686 ‚
1319 1644 1414 1689 quod
1430 1643 1579 1697 Foggin.

53 1705 125 1727 non
143 1692 327 1739 expressit.

377 1694 480 1738 (Sane
499 1700 602 1727 notat
623 1694 833 1738 Fogginius,
867 1694 1016 1728 alteram
1039 1707 1058 1727 e
1076 1692 1172 1726 vocis
1193 1700 1290 1725 certe
1307 1691 1344 1724 in
1363 1692 1378 1724 i
1396 1697 1523 1723 mutari
1543 1690 1581 1722 in

53 1740 182 1774 Medic.
221 1739 317 1783 Wr.)
364 1740 498 1774 Nescio
518 1742 692 1787 quicquid
710 1742 750 1774 id
772 1749 828 1774 est
850 1741 985 1774 zulich.
1019 1749 1074 1774 est
1096 1740 1199 1773 abest
1217 1751 1236 1772 a
1254 1740 1344 1772 Ven.
1376 1739 1426 1770 Io.
1446 1738 1580 1771 Schra-

54 1788 130 1821 der.
150 1787 330 1820 tentabat:
352 1787 489 1821 Nescio
509 1790 591 1833 quis
610 1796 708 1820 certe
725 1796 799 1828 est3
821 1796 862 1821 ut
881 1789 1009 1833 Hylax
1027 1789 1066 1821 ln
1085 1787 1209 1820 limine
1229 1787 1370 1818 latrat!
1396 1784 1579 1829 (Doering.

53 1834 92 1868 in
103 1835 226 1879 Progr.
243 1833 382 1879 saepius
401 1834 546 1868 laudato
569 1834 619 1868 sic
637 1834 954 1880 interpungendum
969 1841 1087 1879 putat:
1110 1833 1265 1875 „Nescio
1283 1831 1390 1877 quid?
1408 1852 1453 1857 —
1478 1832 1581 1864 Certe

56 1883 138 1924 est?
166 1889 202 1915 et
219 1881 336 1927 Hylax
346 1884 368 1900 “
389 1887 455 1915 etc.
504 1882 692 1915 Audiamus
717 1881 849 1926 ipsum:
884 1882 1083 1924 „Venefica
1107 1880 1258 1925 erumpit
1285 1879 1403 1912 subito
1428 1878 1464 1911 in
1492 1879 1582 1911 haec

55 1929 207 1974 abrupta
228 1928 353 1962 verba:
388 1928 523 1963 Nescio
550 1929 638 1974 quid
657 1954 666 1962 .
690 1954 698 1962 .
719 1954 728 1962 .

759 1942 806 1962 sc.
830 1929 933 1962 audio
946 1955 955 1971 ,
984 1937 1082 1962 certe
1103 1936 1178 1968 est,
1212 1940 1259 1960 sc.
1278 1926 1439 1970 Daphnis
1452 1952 1461 1967 ,
1487 1932 1582 1959 certe

55 1975 216 2021 Daphnis
236 1975 345 2009 venit.
392 1975 564 2020 Virgilius
584 1983 668 2020 post
681 1976 808 2009 verba:
835 1976 969 2010 Nescio
991 1976 1079 2021 quid
1097 1973 1239 2008 admisit
1259 1973 1506 2019 aposiopesim
1532 1972 1582 2005 sic

57 2023 152 2057 enim
174 2023 367 2068 loquuntur
381 2049 389 2064 ,
425 2034 512 2068 quos
533 2022 629 2067 rapit
653 2023 897 2056 vehementior
921 2022 1026 2056 animi
1048 2021 1249 2055 commotio.
1260 2023 1282 2039 “

1332 2020 1421 2053 Mihi
1441 2020 1582 2066 quidem

56 2070 172 2104 adhuc
190 2069 363 2115 probatur
381 2070 511 2115 Heynii
532 2070 733 2114 explicatio,
755 2077 795 2103 ut
811 2070 1017 2115 simplicior.
1048 2071 1099 2104 W
1099 2069 1147 2113 r.)
1184 2070 1296 2102 Porro
1310 2068 1434 2112 Hylas
1451 2068 1528 2100 fere
1546 2066 1583 2099 in

55 2116 169 2151 libris.

266 2118 334 2152 108
360 2118 482 2150 omnia
505 2117 569 2150 sed
595 2117 883 2163 superadscripto
913 2130 931 2150 s
950 2116 1079 2150 Medic.
1130 2117 1252 2149 omina
1279 2115 1418 2148 Canter.
1446 2127 1488 2147 ex
1511 2120 1582 2147 vet.

58 2164 137 2199 cod.
160 2163 378 2197 emendabat.
412 2163 483 2197 vid.
510 2163 631 2197 Heius.
677 2165 741 2210 qui
760 2165 938 2197 adamant
963 2163 1115 2203 Zulich.;
1149 2163 1271 2195 Heius.
1301 2161 1338 2194 in
1356 2173 1419 2195 ora
1438 2160 1583 2202 codicis,

57 2212 170 2244 forte:
202 2211 295 2257 ipsis
313 2209 383 2244 sibi
399 2212 541 2244 somnia
557 2212 737 2258 fingunt3
770 2211 866 2257 quod
886 2211 998 2244 minus
1017 2210 1197 2255 eleganter
1219 2209 1406 2243 diceretur.
1452 2210 1584 2242 Deerat

57 2257 118 2292 hic
133 2269 253 2291 versus
268 2257 516 2291 Parrhasiano.

58 2367 136 2393 nus
160 2352 326 2405 adgredi
350 2352 540 2401 videtur,
570 2358 619 2390 ut
641 2352 794 2391 cineres

59 2425 111 2450 ex
128 2425 199 2450 ara
215 2411 257 2450 in
274 2424 419 2462 aquam
430 2410 626 2448 fluentem
637 2417 678 2449 et
688 2424 794 2463 pone

60 2476 184 2523 caput
205 2469 349 2520 iaciat3
388 2468 500 2520 quod
521 2468 674 2521 partim
701 2482 793 2507 cum

60 2527 321 2581 expiationiS,
361 2526 537 2566 fluminis
567 2540 671 2578 aqua
696 2527 793 2566 viva

59 2586 149 2625 fieri
175 2585 334 2634 solitae,
373 2585 479 2635 ritu,
520 2586 670 2637 partim
700 2599 793 2623 cum

61 2657 109 2683 eo
136 2656 250 2682 more
279 2643 540 2681 coniunctum
572 2656 653 2681 esse
678 2650 792 2696 puto,

62 2715 142 2753 quo
172 2701 245 2740 diis
269 2701 408 2739 inferis
435 2701 590 2752 aliquid
615 2701 794 2740 devove-

61 2765 145 2798 tur.
173 2773 213 2798 v.
226 2759 366 2797 Cerda.
398 2759 448 2797 cf.
462 2759 631 2798 Theocr.
645 2760 794 2808 XXIV,

63 2819 131 2859 92.
153 2815 220 2858 94.
253 2814 353 2870 (rivo
364 2818 519 2868 fluenti
529 2847 540 2866 ,
574 2817 598 2856 i.
618 2831 649 2855 e.
670 2818 713 2855 in
733 2817 795 2855 ri—

61 2888 183 2924 vum,
221 2879 271 2912 ut
306 2873 386 2912 Ecl.
413 2874 469 2924 H,
500 2877 568 2916 30.
616 2875 715 2914 Aen.
740 2876 793 2924 X,

63 2934 161 2973 683.
196 2932 267 2970 W
260 2946 291 2969 r.
311 2954 368 2960 -—
395 2946 467 2970 nec
485 2936 715 2983 respexeris,
743 2945 794 2971 ne

64 2995 137 3028 aut
163 2988 238 3027 sibi
269 2995 433 3038 noceat,
473 2995 545 3028 aut
572 2990 652 3039 rei,
693 3003 796 3041 quae

63 3047 181 3086 irrita
199 3046 287 3086 fieri
303 3046 439 3098 possit.
476 3047 596 3086 Ovid.
618 3048 726 3086 Fast.
746 3048 795 3097 V,

851 2351 948 2394 439.
981 2352 1052 2404 Sp.
1075 2373 1135 2381 —
1164 2352 1354 2390 Ceterum
1371 2351 1455 2390 vid.
1471 2351 1521 2399 Q.
1535 2350 1584 2390 V.

851 2410 1060 2460 XXXIIIL
1084 2413 1124 2452 2.
1175 2412 1246 2450 W
1238 2408 1294 2464 r.)
1357 2412 1451 2451 103.
1481 2409 1587 2447 nillil

851 2469 919 2506 ille
940 2469 1049 2518 deos,
1085 2468 1194 2518 deos,
1223 2468 1292 2519 qui
1315 2467 1422 2506 inter
1440 2467 1585 2505 incan-

850 2526 1023 2565 tandum
1046 2526 1182 2564 vocati
1209 2526 1382 2564 fuerant.
1439 2525 1585 2574 Quan-

852 2584 1068 2635 doquidem
1091 2583 1201 2622 omni
1218 2583 1369 2635 magico
1385 2583 1469 2622 ritu
1484 2582 1586 2621 nihil

852 2642 988 2681 adhuc
1016 2641 1147 2692 effeci,
1191 2642 1375 2693 experiar
1410 2640 1585 2679 novissi—

850 2696 974 2740 mumss
1036 2701 1084 2738 Et
1104 2713 1193 2738 ecce
1219 2714 1259 2738 v.
1282 2699 1363 2742 105
1386 2698 1466 2737 hoc
1489 2698 1584 2736 effe-

853 2766 964 2798 ctum
984 2757 1120 2796 habet.

914 2817 1007 2859 105.
1039 2817 1128 2854 Non
1148 2827 1305 2853 necesse
1321 2813 1422 2851 haec
1442 2826 1492 2850 ex
1508 2811 1584 2849 alia

852 2889 974 2926 quain
994 2888 1045 2912 ex
1071 2873 1275 2912 veneficae
1295 2884 1467 2924 persona
1493 2868 1582 2907 dici.

851 2933 942 2985 Ipsa
961 2933 1030 2971 illa
1052 2931 1171 2970 simul
1193 2944 1286 2968 cum
1306 2928 1489 2966 ministra
1509 2926 1584 2963 ad-

851 3004 1015 3030 movere
1034 2988 1158 3028 cineri
1173 3000 1315 3025 manus
1331 2989 1501 3038 poterat.
1522 2985 1583 3020 ei-

852 3050 916 3087 nis
943 3048 1143 3099 conripait
1171 3044 1349 3083 tremulis
1371 3042 1578 3093 flammis,
