1734 3320
292 211 657 269 GEOR‘GIC
670 214 780 266 ΟΝ
826 215 973 267 LIB.
999 216 1101 280 ΠΙ,

1140 219 1282 269 53-
1296 225 1364 272 66
1483 224 1587 274 513

63 346 133 395 Et
154 341 349 394 faciem
370 352 525 393 tauro
551 342 802 409 propior3
841 358 1090 423 quaeque
1116 344 1280 394 ardua
1304 354 1429 410 tota,

12 415 133 494 ‘Et
154 413 438 480 gradiens
423 429 530 463 lma
555 412 720 462 verrit
742 412 957 477 vestigia
983 413 1161 466 cauda.

12 457 221 535 Aetas
239 483 499 534 Lucinam
522 484 801 550 iustosque
826 482 935 548 pati
962 481 1293 565 hymenaeos

1518 494 1586 541 60

58 553 269 605 Desinit
292 562 415 603 ante
441 553 657 616 decem,
693 561 819 619 post
842 561 1075 620 quatuor
1099 554 1284 621 incipit
1306 571 1498 608 annos:

65 626 258 676 Cetera
278 640 381 674 nec
403 621 613 674 feturae
638 622 855 685 habilis,
893 639 994 672 nec
1018 622 1174 674 fortis
1199 626 1394 677 aratris,

61 695 300 758 Interea,
336 702 553 761 superat
574 693 824 759 gregibus
852 692 984 749 dum
1006 693 1142 745 laeta
1165 695 1432 760 iuventaS,

64 763 226 815 Solve
246 781 452 827 mares;
489 764 643 814 mitte
667 764 723 813 in
748 767 1024 815 Venerem
1046 766 1295 831 pecuaria
1318 766 1551 833 primm,

60 837 240 902 Atque
264 833 419 884 aliam
445 852 505 885 ex
529 833 963 899 aliagenerando
987 833 1178 885 suffice
1204 834 1433 902 prolem.

1518 840 1586 891 65

64 905 304 973 Optuma
328 921 576 973 quaeque
602 904 716 955 dies
738 905 945 954 miseris
969 905 1287 956 mortalibus
1309 907 1422 957 aevi

108 1022 156 1058 58
168 1021 274 1070 facie
290 1023 459 1058 Rottend.
478 1023 539 1058 alt.
564 1029 600 1058 et
625 1025 732 1057 Voss.
752 1036 807 1070 pr.
831 1023 972 1069 (Medic.
990 1037 1184 1071 proprcor,
1219 1031 1260 1059 ut
1285 1024 1394 1059 etiam
1415 1037 1522 1072 supra
1542 1028 1587 1069 11,

62 1071 163 1112 1223
182 1071 437 1118 propriusGe.
457 1073 519 1113 IV,
538 1068 597 1107 47.
620 1078 658 1105 et
675 1074 762 1105 Aen.
783 1073 808 1112 1,
833 1072 927 1114 526.,
953 1071 1022 1104 hoc
1045 1078 1163 1105 tamen
1182 1071 1263 1106 loco
1285 1072 1396 1106 altera
1414 1086 1435 1106 r
1452 1081 1586 1118 puncto

60 1117 207 1152 miniato
236 1124 379 1160 notata,
416 1124 454 1151 et
481 1130 585 1163 quum
610 1118 647 1152 in
679 1118 806 1152 eodem
832 1121 918 1152 Aen.
948 1119 1395 1166 1X,275.pr0p1··i0nbus
1416 1121 1588 1166 scriptum

62 1171 178 1206 esset,
207 1164 323 1210 prima
355 1166 391 1207 i,
424 1165 520 1211 quod
547 1178 630 1199 sane
659 1165 817 1206 mireris,
853 1165 890 1198 iu
910 1172 1120 1207 rmutatur,
1155 1172 1249 1200 teste
1271 1167 1457 1212 Fogginio.
1488 1170 1585 1214 Wr.)

59 1212 108 1248 59
133 1223 211 1246 una
233 1212 373 1257 Menag.
403 1212 466 1246 alt.
516 1221 628 1246 vetut
658 1213 782 1246 Franc.
808 1191 921 1246 both.

1017 1214 1064 1248 60
1095 1216 1234 1248 Aestas
1259 1214 1390 1248 Medic.
1419 1227 1441 1249 a
1459 1227 1505 1249 m.
1530 1227 1596 1261 pr,

59 1260 206 1294 Lucina
225 1259 404 1294 Romanus
433 1266 471 1293 et
490 1259 619 1293 Medic.
650 1272 670 1293 a
699 1273 744 1293 m.
771 1272 826 1304 pr.
874 1261 1128 1306 Luc-[namque
1139 1262 1227 1306 pati
1249 1261 1441 1308 iustosque
1456 1263 1587 1307 hyme-

60 1318 176 1340 naeos
199 1305 335 1340 zulich.

378 1307 446 1352 (-—
470 1307 527 1342 62.
562 1308 686 1340 aratri
712 1307 842 1340 Medic.
871 1307 967 1351 apud
992 1308 1103 1352 Fogg.

59 1353 206 1396 Heius„
239 1359 280 1387 ut
302 1354 450 1387 Roman.
478 1353 608 1387 Medic.
638 1366 658 1387 a
678 1366 723 1388 ιιι.
750 1366 819 1388 sec.
856 1355 926 1408 (est
953 1367 993 1387 ea
1019 1356 1131 1388 altera
1152 1353 1307 1388 Medicei
1322 1354 1452 1399 lectio,

1143 1309 1200 1341 W
1194 1320 1224 1340 r
1228 1308 1241 1351 )
1346 1309 1393 1345 63
1415 1310 1589 1344 iuventas

1486 1368 1588 1402 prior

59 1401 246 1435 iuventus.
274 1401 370 1445 Wr.)
396 1407 434 1434 et
449 1401 556 1435 ceteri
579 1401 819 1435 vetustissimi.
867 1402 1043 1435 iuventus
1059 1402 1185 1446 vulgo,
1221 1408 1260 1435 ut
1281 1408 1336 1435 est
1349 1402 1388 1436 in
1404 1403 1513 1438 Goth.
1530 1414 1587 1450 pr.

61 1449 115 1494 (et
132 1449 166 1484 1.
187 1449 244 1484 12.
261 1446 330 1490 14.,
346 1449 522 1482 iuventas
541 1448 649 1482 etiam
660 1451 758 1483 Serv.
770 1448 897 1482 Dresd.
920 1451 978 1483 W
971 1448 1016 1492 r.)
1091 1450 1136 1484 65
1155 1450 1294 1494 confice
1313 1461 1402 1484 unus
1416 1450 1587 1486 Arundel.

60 1543 155 1594 VII,
183 1546 268 1589 261
314 1545 494 1583 Munera
533 1559 606 1584 nec
634 1561 790 1597 sperno.

60 1602 233 1641 maculis
250 1604 424 1655 insignis
439 1612 476 1642 et
493 1603 607 1646 albo
602 1620 610 1627 ·
627 1604 797 1644 definire

59 1674 148 1700 non
168 1660 318 1710 ausim,
349 1667 489 1701 utrum
513 1664 595 1700 sint
615 1663 795 1701 maculae

59 1719 197 1785 nigrae
216 1718 262 1757 in
281 1690 372 1758 albo
394 1733 585 1772 corpore,
614 1735 665 1759 au
684 1721 796 1759 albae

59 1777 104 1819 in
139 1777 254 1830 nigro
287 1778 461 1829 rusove5
503 1786 684 1831 praestat
715 1778 795 1818 hoc

58 1835 262 1886 iunctura,
275 1836 441 1875 maculis
460 1842 502 1875 et
520 1837 624 1876 ano.
654 1846 795 1876 aut—-

60 1894 336 1948 interdumque
351 1908 428 1948 pro
446 1909 532 1945 nee,
562 1910 646 1935 nec.
664 1910 795 1935 cornu

59 1952 221 1993 minax:
271 1958 323 1991 ut
355 1952 443 2005 ipsa
480 1953 629 1992 ferocia
667 1954 795 1994 validi

61 2010 241 2064 corporis
256 2010 437 2063 vigorem
459 2010 650 2051 declaret.

127 2071 196 2111 60.
236 2067 358 2108 Aetas
404 2069 509 2108 iusta
551 2070 796 2108 admittendi

60 2133 228 2165 taurum
250 2132 290 2165 et
309 2126 505 2180 pariendi.
554 2128 709 2166 Colum.
728 2128 795 2178 VI,

60 2183 140 2234 24,
169 2188 189 2226 1
234 2186 301 2223 Ex
330 2185 396 2223 his
408 2215 419 2234 ‚
464 2187 537 2238 qui
569 2180 795 2238 quadrimis

60 2245 233 2281 minores
251 2251 366 2292 sunt,
398 2245 648 2296 maioresque
669 2259 795 2297 quam

60 2300 270 2339 duodecim
296 2298 453 2354 (noster
477 2300 632 2356 decem)
662 2317 794 2340 anno-

58 2373 165 2407 rum,
186 2358 448 2410 prohibentur
466 2360 697 2399 admissura
718 2367 794 2399 etc.

61 2417 164 2456 cons.
195 2417 325 2456 Varro
355 2418 404 2456 R.
431 2418 481 2456 R.
506 2418 558 2468 11,
594 2421 636 2468 1,
673 2421 725 2460 13
754 2424 796 2457 et

58 2475 110 2526 Π,
130 2475 171 2525 5,
199 2477 265 2517 13.
306 2475 406 2514 Plin.
430 2476 531 2526 VIII,
561 2476 630 2526 45,
662 2490 693 2515 s.
717 2479 795 2527 703

60 2540 105 2573 at
131 2533 249 2583 vide,
287 2548 409 2586 quam
441 2541 550 2573 caste
580 2540 619 2572 et
649 2534 794 2573 decore

58 2598 176 2646 poeta
200 2591 307 2631 hanc
335 2606 422 2632 rem
445 2593 708 2645 expresserit3
746 2599 794 2632 ut

0 2657 3 2659 ’
59 2657 102 2689 et
118 2652 162 2689 in
179 2663 287 2703 seqq.
317 2652 425 2689 Ius-ti
442 2652 667 2703 hymenaei,
685 2651 793 2690 iusta

4 2733 7 2735 -
60 2714 100 2747 et
120 2715 282 2747 matura
294 2715 426 2748 aetate
445 2709 548 2748 initi.
578 2710 661 2749 vid.
682 2710 792 2748 Bur-

59 2757 200 2806 niann.
231 2770 286 2809 63
305 2781 363 2819 sq.
382 2769 541 2806 Interea
555 2799 565 2817 ,
592 2768 635 2806 in
658 2768 789 2821 spatio

58 2824 139 2864 hoc
167 2825 454 2876 quinquennii,
495 2826 595 2864 dum
623 2826 792 2865 iuvenili

59 2883 197 2935 vigore
227 2889 404 2921 utuntur
440 2884 566 2922 boves
594 2898 642 2923 ac
669 2885 792 2935 tauri,

59 2940 135 2980 hos
152 2941 277 2989 solve,
301 2940 484 2980 admitte.
505 2940 698 2994 (superat,
715 2943 740 2981 i.
758 2957 791 2982 e.

60 2997 261 3038 abunde
284 3004 382 3047 est,
414 3005 463 3038 ut
482 3006 593 3038 recte
618 3001 795 3052 explicat

128 3068 338 3117 Vfflen..
378 3068 521 3118 ΤοΜ.
546 3069 584 3118 Ι.

836 2011 891 2061 ’Ῑ,
922 2013 1039 2053 189.;

853 1543 975 1583 Bach.
1009 1545 1062 1584 ad
1092 1545 1238 1585 Tibull.
1264 1560 1353 1599 pag.
1377 1544 1474 1589 342.
1515 1547 1587 1587 Ti-

853 1603 952 1642 buu,
965 1603 1033 1653 lv,
1056 1606 1092 1653 1,
1112 1606 1181 1646 28.
1194 1618 1272 1656 sq.:
1295 1605 1423 1655 „Nam
1441 1606 1586 1657 quam-

854 1675 975 1713 quam
989 1658 1176 1714 antiquae
1189 1662 1320 1714 gentis
1340 1677 1430 1716 sup
1439 1670 1587 1703 erant

854 1720 928 1758 tibi
958 1720 1121 1770 laudes,
1162 1721 1253 1760 Non
1286 1727 1358 1760 tua
1385 1721 1587 1762 maiorum

854 1784 1045 1817 contenta
1068 1784 1129 1817 est
1152 1779 1279 1831 gloria
1298 1780 1445 1819 sama.“
1496 1780 1588 1819 sal-

853 1836 949 1875 lust.
976 1837 1059 1889 Iug.
1101 1850 1134 1875 c.
1165 1839 1251 1879 68.:
1300 1837 1403 1887 „cui
1441 1839 1585 1889 virtus,

852 1895 999 1947 gloria,
1031 1901 1151 1946 atque
1174 1895 1251 1934 alia
1272 1896 1587 1948 optandaqbonis

854 1953 1218 2005 superabant.“
1276 1954 1364 2007 Ipse
1384 1955 1494 2007 Virg.
1515 1956 1585 1996 Ge.

1078 2011 1158 2060 „Si
1191 2019 1440 2064 superant
1470 2014 1584 2064 setus,

853 2069 1008 2122 pariter
1054 2069 1261 2108 frumenta
1315 2077 1546 2122 sequentur.
1560 2075 1585 2094 “

852 2127 965 2165 Idem
985 2127 1183 2179 expressit
1205 2128 1383 2168 Vossius:
1412 2128 1497 2179 „da
1520 2130 1586 2168 die

853 2184 1014 2223 Heerd'
1047 2187 1090 2222 in
1131 2188 1389 2238 ueppz'ger
1420 2188 1589 2238 Jugend

853 2243 941 2281 sich
962 2242 1155 2294 freuetf‘
1194 2243 1314 2299 Wr.)
1374 2245 1431 2283 De
1459 2246 1586 2284 tauris

854 2315 965 2340 nunc
992 2315 1075 2338 non
1100 2301 1286 2352 laborat3
1329 2316 1423 2342 cum
1454 2302 1504 2341 de
1536 2303 1584 2342 iis

854 2359 932 2398 alio
961 2358 1051 2397 loco
1083 2372 1183 2398 mox
1214 2360 1400 2400 dicturus
1429 2361 1480 2399 sit
1506 2376 1583 2401 vss.

851 2420 938 2459 212
959 2431 1044 2469 sqq.
1088 2416 1157 2459 64.
1175 2421 1376 2470 pecuaria
1392 2434 1477 2458 non
1494 2420 1584 2458 loca

850 2474 893 2514 11.
923 2476 974 2525 l.,
1021 2474 1092 2513 sed
1120 2476 1208 2528 ipsa
1239 2490 1406 2529 pecma,
1447 2477 1583 2528 boves,

853 2540 961 2572 sunt.
994 2534 1042 2572 cf.
1069 2533 1140 2573 inf.
1169 2534 1251 2577 471
1286 2538 1456 2575 aestiva.
1489 2538 1584 2587 pri-

852 2607 943 2630 mus
957 2621 968 2641 ,
1022 2591 1063 2630 h.
1105 2593 1406 2647 quamprimum
1442 2595 1582 2644 mitte,

852 2650 951 2689 dum
965 2649 1153 2689 iuvenilis
1169 2657 1275 2690 aetas
1290 2658 1483 2705 superest,
1504 2652 1583 2691 du-

850 2715 927 2748 rat.
971 2707 1150 2762 (pn‘mus
1178 2710 1334 2762 potius,
1372 2716 1421 2749 ut
1450 2710 1583 2749 Wun-

853 2767 952 2806 derl.
980 2766 1177 2819 explicat,
1206 2768 1232 2807 i.
1252 2781 1290 2819 q.
1314 2769 1427 2821 prior
1451 2768 1582 2805 omni-

850 2826 939 2864 bus.
986 2825 1056 2864 Ge.
1088 2825 1140 2875 ΙΙ,
1175 2824 1295 2868 408.;
1345 2826 1582 2875 „Primus

849 2883 1023 2923 humum
1048 2883 1200 2933 fodito,
1231 2884 1429 2936 primus
1458 2882 1582 2921 deve-

852 2949 918 2981 eta
929 2947 1110 2981 cremato
1125 2943 1362 2980 Sarmenta“
1374 2947 1449 2980 etc.
1467 2942 1538 2980 PV
1530 2939 1580 2995 r)

852 3001 918 3039 Sic
954 3014 1054 3039 mox
1088 3001 1233 3038 Pn‘ma
1264 2999 1348 3050 sub
1334 3001 1407 3048 ait,
1446 2998 1581 3051 vulg0‚

1231 3070 1298 3115 33
