1768 3320
277 156 947 240 emmonim.
980 185 1032 250 1,
1066 189 1362 240 εει-271
1480 195 1581 241 337

0 310 14 317 's
56 320 218 383 Nunc
228 322 443 388 We
464 313 576 379 igni
601 312 812 379 frugeS‚
849 329 995 362 nunc
1015 310 1243 377 frangite
1265 329 1401 366 sax0.

55 387 166 513 gg
198 464 199 467 x

292 383 460 452 *etiam
482 382 631 434 festis
655 382 925 451 quaedam
951 398 1199 433 exercere
1226 379 1418 434 diebus

131 510 136 514 ,
235 488 238 490 v
339 472 370 506 a
392 452 597 506 sinunt:
630 454 775 504 rivos
804 452 1078 504 deducere
1102 451 1249 502 nulla

49 524 276 594 Religio
286 526 485 591 vetuit,
521 523 1067 606 segeti-'praetendere
1092 538 1340 589 saepem,

1478 528 1585 577 270

55 596 281 663 Insidias
304 595 488 647 avibus
510 594 722 661 molir1‚
758 593 1055 645 incendere
1082 609 1302 660 vepreS‚

55 724 60 731 ’
103 727 176 764 26⁷
207 733 247 761 et

55 772 250 810 Marcum

57 823 324 868 interpretatur.
372 820 561 866 (diducere
587 819 701 853 etiam·
719 819 754 854 2.
778 819 813 855 3.
836 819 871 854 7.
896 819 951 853 11.
990 817 1087 861 Wr.)

285 726 436 773 rangite
461 725 596 759 Moreti
618 737 688 758 sec.
737 724 841 759 saxis
864 724 967 758 Rom.

312 773 402 820 (ΡΙ-,ς
424 784 505 806 nam
524 784 594 806 sec.
619 772 803 806 deducere
818 770 969 816 recepit)
1001 776 1037 803 et
1054 770 1150 803 forte
1172 767 1333 810 Servius,
1368 767 1428 813 qui
1446 769 1587 802 siccare

1135 817 1201 850 Est
1228 821 1266 849 et
1292 814 1331 848 in
1357 814 1586 860 Cuningham.

4 883 9 886 ·
58 869 145 905 edit.
188 868 292 915 (Cato
309 867 355 901 de
373 868 419 901 R.
437 868 480 901 R.
496 879 573 913 cap.
594 867 698 903 155..·
716 866 819 909 „Per
837 864 991 899 hiemem
1007 875 1135 910 aquam
1153 863 1199 897 de
1215 874 1302 908 agro
1319 862 1453 909 depelli
1472 874 1587 908 opor-

56 918 157 951 ποί-4*
205 914 313 958 Quod
340 920 459 948 autem
477 913 586 960 paulo
609 920 695 960 post
722 913 818 959 apud
843 912 995 946 eundem
1020 911 1144 945 eadem
1163 910 1209 943 de
1234 921 1275 943 re
1294 909 1428 955 legitur
1453 922 1586 956 aquam

57 964 234 999 diducere
258 963 300 997 in
326 963 428 1003 vias,
463 973 485 995 a
510 960 730 995 Schneidero
760 972 780 994 e
803 959 909 994 codd.
940 958 979 992 in
1000 958 1185 992 deducere
1210 963 1378 991 mutatum
1397 964 1468 999 est;
1491 957 1587 1002 quod

57 1020 186 1046 moneo
204 1015 357 1057 propter
374 1007 562 1051 Ursinmn,
587 1008 761 1042 diducere
777 1019 797 1041 e
820 1007 955 1040 catone
977 1004 1292 1040 commendantem.
1322 1004 1420 1049 Wr.)

1514 1005 1588 1040 270

56 1058 207 1106 Religio
225 1054 399 1104 prohibet
423 1057 507 1090 Urs.
555 1067 677 1103 sepem
706 1054 813 1089 etiam
840 1053 901 1088 hie
927 1053 1009 1088 alii:
1043 1052 1116 1087 vid.
1141 1051 1188 1086 ad
1211 1051 1285 1086 Ecl.
1306 1052 1345 1095 1,
1373 1051 1433 1088 54.
1482 1063 1588 1100 sepes

56 1105 334 1151 fi-agnMoret.

54 1231 176 1276 gant.
208 1223 310 1263 Plin.
330 1222 439 1272 XVI,
458 1225 514 1266 69
541 1223 679 1262 Cetera
700 1224 793 1260 vin-

57 1283 180 1332 cula,
240 1281 358 1321 ualia
376 1289 469 1320 szmt
487 1295 537 1319 ex
552 1280 663 1330 rubo,
697 1295 792 1319 ma-

7 1355 15 1362 ·
58 1342 183 1379 iorem
201 1353 390 1392 operam,
418 1339 492 1378 sed
508 1341 552 1377 in
570 1353 695 1391 egeno
722 1347 791 1376 ta-

58 1412 151 1436 men
165 1400 447 1447 necessariam,
457 1398 685 1448 postulant.
710 1397 791 1435 Co-

57 1456 156 1496 lum.
178 1455 253 1506 IV,
274 1458 326 1498 31
341 1485 353 1505 ‚
377 1457 415 1497 1.
452 1457 645 1504 Fischza,
679 1455 791 1493 cala-

57 1513 158 1554 thus
173 1526 245 1553 seu
260 1513 373 1552 aliud
388 1527 461 1552 vas
477 1513 716 1562 vimineum,
740 1512 794 1551 ad

57 1586 157 1612 usus
174 1571 369 1622 rusticos,
385 1571 538 1624 sac-ilis
553 1601 565 1622 ‚
599 1577 673 1610 aut
690 1584 794 1623 quae

58 1630 169 1670 facili
198 1640 326 1683 opera
360 1630 538 1669 struitur
551 1660 564 1679 ,
616 1629 713 1682 quia
740 1643 793 1668 ex

57 1688 278 1729 viminibus
304 1689 436 1738 sacta,
481 1694 555 1726 aut
577 1688 673 1739 quia
691 1687 793 1726 haec

58 1747 215 1788 vimina
244 1746 354 1787 flecti
389 1752 432 1785 et
468 1747 555 1784 texi
597 1753 791 1799 possunt,

60 1805 242 1859 adeoque
258 1804 347 1858 ipsa
358 1810 456 1843 sunt
461 1804 636 1857 facilia.
671 1806 793 1844 Mol-

59 1863 140 1903 lem
158 1866 326 1902 iuncum
350 1861 512 1901 dixerat
538 1862 622 1901 Ecl.
652 1863 703 1912 ΙΙ,
723 1866 792 1905 72.

60 1922 166 1961 conf.
196 1922 249 1961 ad
274 1920 422 1960 Tibull.
456 1921 495 1971 1,
522 1923 567 1970 1,
586 1922 656 1963 40.
683 1922 731 1971 11,
752 1924 792 1970 3,

63 1980 129 2023 15.
170 1983 270 2023 267.
287 1980 354 2018 Sic
369 1985 411 2017 et
424 1978 524 2018 Aen.
543 1979 574 2029 Ι,
588 1981 684 2021 182.
697 1981 792 2022 183.

59 2037 236 2088 Notum,
267 2038 457 2089 antiquos
485 2037 703 2088 aliquando
724 2043 794 2076 to—

61 2096 135 2135 stis
151 2096 240 2148 igne
259 2095 392 2148 granis
407 2095 517 2134 vesci
537 2095 676 2134 solitos
693 2095 796 2134 fuis·-

61 2167 124 2205 se,
145 2150 225 2192 'sed
248 2153 318 2193 hic
350 2153 400 2192 de
431 2162 479 2192 eo
506 2167 621 2192 more
649 2154 795 2206 agitur,

63 2225 158 2251 cum
181 2212 268 2251 vita
296 2211 377 2250 iam
404 2211 458 2249 ad
482 2211 690 2250 meliorem
707 2211 798 2250 cul-

61 2277 151 2310 tmn
177 2270 377 2323 perducta
396 2269 460 2307 sar
476 2268 559 2321 igni
576 2275 797 2319 torrerent,

61 2334 111 2368 ut
126 2328 280 2367 facilius
296 2327 423 2376 mola,
455 2332 497 2365 et
526 2327 691 2379 quidem
707 2341 798 2365 ma—

61 2387 228 2436 nuaria,
268 2400 349 2439 qua
376 2385 601 2425 utebantur
618 2416 631 2436 ,
668 2385 801 2438 frangi

63 2451 107 2484 et
119 2444 264 2499 glumis
285 2443 382 2483 exui
397 2449 544 2497 posset.

121 2505 208 2545 268
226 2525 285 2532 -
302 2502 402 2545 275.
438 2502 532 2542 Νοη
554 2501 704 2540 mirum
724 2507 798 2550 est,

63 2561 265 2600 rusticum
306 2561 441 2612 aliqua
480 2561 614 2599 facere
651 2560 799 2598 debere

64 2631 138 2672 per
165 2618 344 2672 pluvias,
383 2631 476 2657 cum
504 2618 587 2657 sint
610 2631 713 2669 quae
735 2619 799 2656 fa-

66 2689 157 2715 cere
184 2676 313 2728 possit
338 2676 460 2714 etiam
494 2676 609 2715 festis
635 2676 799 2715 diebus:

6 2739 10 2740 ⁷
67 2734 119 2773 cf.
138 2735 253 2773 Serv.
270 2733 364 2772 add.
382 2734 528 2773 Moret.
550 2737 605 2776 67
630 2748 687 2786 sq.
717 2736 800 2772 Lo-

67 2805 182 2841 cum,
224 2792 295 2843 qui
323 2793 527 2843 sequitur,
566 2793 727 2842 laudat,
759 2798 801 2830 et

68 2849 268 2902 copiosius
304 2861 392 2887 rem
424 2850 685 2902 prosequitur
720 2850 800 2889 co-

66 2907 166 2947 lum.
194 2906 353 2957 n,22,
384 2909 422 2947 1.
452 2914 496 2946 et
528 2908 609 2958 XI,
648 2911 694 2958 1,
731 2911 801 2950 20.

74 2965 239 3017 Quippe
267 2966 389 3001 etiam
404 2980 416 3001 .·
462 2978 572 3004 nova
606 2966 803 3005 transitus

107 3023 109 3025 ¹
138 3033 349 3084 Vnica..
388 3032 531 3081 ΤοΜ.
564 3032 604 3080 Ι.

849 1220 1026 1260 formula
1036 1235 1048 1271 ;
1077 1226 1128 1259 ut
1149 1219 1280 1272 quid?
1309 1217 1432 1271 quod.
1486 1221 1586 1261 269.

851 1280 939 1316 Fas
957 1287 995 1317 et
1017 1281 1125 1327 iura,
1158 1276 1200 1316 h.
1222 1276 1363 1316 divina
1381 1275 1587 1315 humana-

850 1349 928 1388 que
956 1336 1070 1386 iura,
1108 1341 1159 1375 ut
1192 1335 1275 1375 iam
1299 1334 1465 1373 Servius
1494 1348 1588 1374 mo-

848 1395 953 1434 nuit.
1011 1397 1111 1437 269.
1147 1396 1244 1435 270.
1285 1393 1404 1431 nulla
1422 1393 1583 1445 religio,
1627 1417 1641 1429 .

848 1451 890 1491 h.
908 1453 1045 1492 nullus
1056 1457 1265 1504 respectus
1280 1450 1463 1500 deorum,
1489 1450 1588 1490 nul-

850 1510 915 1549 lus
932 1517 1066 1549 metus
1081 1509 1302 1563 peccandi,
1332 1510 1479 1558 vetuit,
1509 1521 1586 1548 ve·-

850 1574 940 1607 tare
959 1569 1082 1618 solet,
1112 1573 1247 1618 vetat,
1281 1573 1330 1606 ut
1356 1579 1474 1619 saepe
1505 1566 1586 1605 iam
1664 1593 1668 1603 .

849 1627 1006 1666 factum
1041 1626 1234 1666 vidimus.
1299 1625 1422 1676 Quod
1450 1633 1588 1663 autem

849 1687 910 1723 ait
950 1684 1172 1734 deducere,
1221 1683 1330 1722 nihil
1367 1682 1488 1721 aliud
1508 1690 1586 1733 est,

850 1758 975 1796 quam
993 1743 1193 1795 detergere
1203 1757 1220 1790 ;
1244 1755 1345 1780 nam
1348 1741 1476 1793 sestis
1495 1741 1586 1778 die-

850 1801 924 1839 bus
952 1803 1060 1840 rivos
1082 1809 1234 1847 veteres
1262 1799 1488 1838 sordidatos
1513 1799 1588 1836 de-
1653 1812 1660 1815 ·

850 1867 1000 1912 tergere
1027 1860 1120 1897 licet
1135 1889 1146 1908 ,
1187 1872 1312 1896 novos
1330 1857 1479 1909 sac-ere
1506 1871 1590 1894 non

850 1918 943 1956 licet
957 1947 969 1967 ‚
1001 1917 1182 1956 macrob.
1202 1917 1285 1954 Sat.
1302 1915 1369 1964 ΙΙΙ,
1389 1918 1427 1957 3.
1477 1915 1589 1953 Con-

850 1975 974 2014 sentit
994 1976 1150 2014 Colum.
1178 1974 1225 2024 II,
1241 1977 1311 2023 22,
1332 1976 1372 2015 3.
1431 1974 1589 2011 Rivum

850 2040 988 2072 tamen
1021 2034 1184 2072 deducit
1212 2046 1260 2071 ac
1287 2033 1399 2069 ducit
1423 2031 1587 2069 omnino

852 2092 907 2141 is,
939 2091 1010 2143 qui
1031 2105 1178 2143 aquam
1212 2103 1264 2128 ex
1291 2089 1383 2128 rivo
1411 2089 1478 2128 vel
1495 2089 1589 2127 lacu

852 2163 927 2203 per
948 2156 1068 2202 prata
1085 2148 1291 2201 irriganda
1311 2147 1439 2186 ducit.
1478 2147 1588 2185 Satis

843 2209 1031 2260 fluvium
1048 2208 1203 2245 inducit
1217 2208 1401 2258 rivosque
1418 2219 1588 2258 sequen—

854 2274 912 2304 tes
931 2279 1056 2319 supra
1072 2279 1113 2305 v.
1128 2267 1209 2307 106
1233 2264 1407 2302 dixerat.
1436 2264 1587 2301 Dedu-

856 2326 961 2362 citur
1006 2330 1141 2362 tamen
1196 2322 1318 2360 etiam
1351 2321 1467 2360 rivus
1503 2321 1589 2359 sive

857 2395 983 2433 aqua,
1014 2396 1106 2421 cum
1137 2381 1246 2419 fossa
1264 2380 1510 2419 exsiccatur:
1539 2384 1590 2417 ut

855 2440 1045 2478 collectus
1078 2440 1224 2478 humor
1258 2451 1383 2491 supra
1406 2451 1448 2477 v.
1483 2435 1589 2484 114,

858 2498 958 2537 dum
983 2498 1175 2537 educitur
1193 2503 1236 2535 et
1263 2496 1477 2535 emittitur.
1535 2494 1591 2532 Ut

831 2557 902 2595 rin
929 2557 1171 2595 sententiam
1202 2554 1399 2593 Macrobii
1432 2553 1588 2592 dictum

856 2615 928 2664 sit,
960 2615 1010 2653 de
1039 2628 1144 2666 aqua
1170 2612 1456 2666 cogitandum,
1487 2622 1590 2662 quae

855 2679 905 2712 ut
930 2687 1004 2726 per
1034 2679 1202 2725 pratum
1241 2670 1490 2718 deducatur,
1539 2679 1590 2706 ne

855 2732 923 2770 via
940 2730 1251 2784 praecludatur,
1282 2728 1469 2766 sordibus
1487 2739 1591 2778 pur-

857 2789 990 2842 ganda
1023 2795 1095 2828 est.
1136 2787 1240 2827 conf.
1269 2788 1382 2825 Serv.
1411 2784 1463 2822 ad
1491 2785 1588 2824 272.

859 2851 957 2890 270.
993 2847 1259 2899 Quamquam
1285 2842 1502 2891 Pontifices
1517 2853 1590 2877 ne-

856 2914 956 2957 gent
973 2915 1148 2956 segetem
1151 2903 1278 2955 firiis
1293 2901 1416 2951 sephi
1435 2896 1586 2945 debere,

861 2963 1082 3023 chlumeua
1107 2962 1132 3001 L
1162 2962 1188 2999 1.
1270 2960 1369 2999 271.
1409 2953 1591 2996 Insidias

1240 3027 1308 3072 22

1061 722 1132 758 269
1166 721 1344 756 diducere
1370 720 1501 755 Medic.
1529 733 1585 766 pr.
1658 742 1662 744 v
