1768 3320
247 187 346 237 142
588 186 642 235 P.
679 183 1029 236 VIRGILII
1073 181 1444 234 MARONIS

239 309 470 376 Adspice
491 325 728 360 convexo
749 301 1030 359 nutantem
1051 304 1300 374 pondere
1318 306 1614 370 mundum3
1696 313 1766 363 50

243 382 544 446 Terrasque
561 389 865 446 tractusque
878 378 1038 428 maris
1061 376 1388 446 coelumque
1398 377 1764 446 profundum3

219 449 469 516 „Adspice
483 490 495 514 ‚
533 459 761 500 venturo
783 449 1047 499 laetantur
1065 457 1126 498 ut
1146 448 1327 499 omnia
1345 447 1545 501 saeclo!

310 545 392 596 52.
431 557 643 595 SAECLO.

284 673 332 708 50
356 672 413 706 Sic
431 672 467 705 in
487 672 557 705 Ciri
576 673 645 707 228
679 671 773 704 culti
797 672 973 706 nutantia
991 670 1117 704 sidera
1140 670 1246 711 caeli.
1279 670 1352 705 etsi
1366 663 1418 706 ibi
1433 672 1547 709 minus
1567 673 1762 708 commode.

236 720 365 753 sidera
391 719 482 753 enim
505 721 659 760 micant,
683 719 845 761 nic-tant,
877 717 1085 752 scintillant.
1134 720 1180 751 At
1205 724 1332 755 nutant
1350 714 1522 774 'qanv-Est
1543 727 1763 767 quassantur,

239 773 301 799 aut
317 778 405 812 quae
424 767 562 811 pondus
583 766 725 799 habent.
775 765 832 798 Sic
859 773 998 798 nutant
1016 765 1177 808 cristae,
1209 766 1387 799 silvarum
1415 776 1480 805 cac
1542 768 1625 810 ῐῇῡ,
1658 775 1765 801 terra

239 822 350 848 mota.
443 815 488 849 51
518 815 725 858 Terras-que
746 820 782 844 et
800 820 1017 858 tractusque
1035 813 1174 857 Menag.
1197 807 1307 856 alter,
1331 808 1502 858 scilicet*⁴
1530 809 1765 849 'hlciendum

238 872 386 894 versum.
439 863 662 905 Terramque
687 859 852 892 *nonnulli
886 871 942 904 ap.
975 859 1067 893 Pier.
1115 861 1248 894 Versus
1278 860 1456 906 repen'tur
1483 861 1549 905 Ge.
1570 857 1626 898 'IV
1636 887 1646 903 ‚
1679 863 1762 899 222.

237 907 287 943 52
312 908 502 941 laetantur
533 908 633 940 Rom.
652 905 772 939 Pierii.
817 907 909 940 conf.
935 907 1050 940 Burm.
1080 906 1127 940 ad
1149 906 1224 941 Ecl.
1243 908 1296 950 ΙΙ,
1320 909 1377 946 66.
1424 902 1610 951 BentLh'd
1635 909 1762 943 Horat.

238 953 351 998 Epist.
372 956 399 997 Ι,
422 957 454 995 1,
477 955 542 995 91,
569 960 605 986 et
626 953 695 986 hoc
715 953 860 997 vulgato
888 954 1077 987 laetentur
1103 954 1378 999 praeferendum
1402 952 1439 989 in
1459 950 1761 1000 poeta‘ssnrbitrbr.

239 1002 351 1046 (Bona
373 1007 427 1034 est
449 1000 597 1045 Spohnii
617 1000 818 1034 observatio
842 1000 887 1034 ad
906 1000 980 1046 Ecl.
1000 1002 1044 1042 V,
1063 1002 1116 1037 7.:
1141 1001 1302 1048 Adspice
1322 1022 1367 1027 —
1387 1011 1429 1036 uc
1446 1003 1596 1050 §pai-sit.
1644 1003 1762 1046 „Male

238 1048 379 1094 quidam
396 1054 532 1092 putant,
550 1046 778 1080 Indicativum
795 1059 861 1092 pro
881 1046 1112 1081 Coniunctivo
1130 1048 1305 1093 positum3
1330 1061 1371 1083 ac
1389 1061 1504 1095 neque
1522 1049 1660 1097 doctius
1679 1050 1761 1092 hoc,

235 1106 350 1140 neque
371 1095 560 1140 poeticum,
584 1098 698 1139 neque
716 1094 908 1141 antiquum,
931 1107 1045 1141 neque
1067 1097 1251 1138 Graecum,
1275 1102 1315 1129 ut
1330 1096 1386 1130 illi
1404 1096 1631 1132 arbitrantur.
1664 1097 1762 1131 Con-

236 1141 408 1175 iunctivus
430 1142 475 1174 ad
495 1140 747 1186 cogitationem
767 1142 939 1182 refertum
963 1142 1176 1176 Indicativus
1193 1142 1328 1177 indicat
1347 1155 1421 1177 rem
1435 1169 1444 1186 ,
1470 1155 1542 1178 non
1561 1140 1761 1191 qualis'lla-

236 1188 342 1222 betur
371 1195 430 1222 aut
456 1188 581 1221 haberi
602 1188 730 1230 debet,
764 1189 827 1222 sed
846 1188 958 1234 qualis
982 1196 1046 1223 est.
1095 1191 1278 1237 Adspice,
1313 1197 1363 1225 ut*
1380 1192 1583 1239 sparserit,
1603 1185 1762 1237 ffif‘pa-

237 1242 314 1269 stor
338 1236 368 1269 si
398 1235 563 1278 dixisset,
597 1235 746 1269 alterum
767 1243 949 1280 pastorem
973 1236 1113 1270 iuberet
1134 1243 1304 1282 reputare
1312 1237 1528 1283 ,quomodo
1553 1251 1573 1272 s
1591 1238 1759 1294 ‘weissen

236 1282 302 1315 sed
331 1291 372 1316 ut
395 1284 536 1329 sparsit
563 1282 770 1328 simpliciter
787 1296 861 1317 rem
880 1283 930 1317 ita
951 1296 989 1317 se
1011 1284 1204 1318 habentem
1223 1283 1407 1318 denotatf‘
1456 1286 1535 1327 Quo
1547 1250 1670 1332 ,gagis
1688 1286 1761 1320 mi·-

235 1341 310 1363 rum
328 1329 440 1363 videri
457 1330 584 1372 debet,
619 1330 714 1374 quod
737 1330 832 1364 idem
850 1331 1028 1376 Spohnius
1048 1331 1279 1376 pronunciat,
1303 1331 1460 1378 ineptum
1479 1333 1556 1366 esse
1575 1333 1612 1367 h.
1630 1334 1656 1368 l.
1678 1334 1761 1368 lae-

235 1384 377 1410 tantur.
424 1377 594 1420 Exempla
622 1377 807 1412 Indicativi
833 1377 870 1411 in
899 1378 1181 1423 interrogatione
1201 1379 1376 1413 indirecta
1401 1379 1512 1424 positi
1530 1380 1643 1415 multa
1670 1392 1760 1415 con-

234 1430 418 1467 gesserunt
440 1424 581 1458 Ramsh.
606 1426 667 1459 Gr.
683 1425 762 1458 Lat.
782 1426 812 1470 §.
834 1423 911 1461 174.
930 1427 964 1462 2.
989 1427 1076 1460 Not.
1095 1425 1130 1462 Ξ.
1165 1420 1330 1462 Ruddim.
1350 1426 1465 1460 Instit.
1489 1428 1549 1461 Gr.
1569 1428 1647 1461 Lat.
1662 1429 1700 1462 P.
1715 1429 1758 1462 ΙΙ.

231 1470 274 1505 L.
296 1471 322 1513 Ι,
343 1473 377 1513 2,
399 1470 456 1506 71.
483 1470 545 1503 ubi
571 1470 641 1506 vid.
664 1483 750 1518 quos
772 1471 895 1507 Stallb.
921 1472 1065 1513 laudat3
1092 1476 1175 1506 'tum'
1195 1473 1313 1507 Burm.
1338 1473 1385 1507 ad
1407 1473 1502 1519 virg.
1529 1474 1603 1509 Ecl.
1624 1476 1675 1518 11,
1700 1476 1758 1512 66.

233 1517 348 1563 Sillig.
368 1518 413 1551 ad
432 1517 557 1552 Catull.
575 1519 671 1562 LXI,
697 1520 754 1555 77.
804 1522 903 1561 Quae
922 1520 1081 1565 exempla
1100 1519 1160 1566 qui
1177 1519 1271 1554 inter
1288 1532 1326 1554 se
1345 1521 1553 1565 contulerit,
1576 1522 1682 1557 facile
1698 1522 1760 1556 in-

233 1564 376 1610 telliget
390 1591 398 1606 ,
422 1576 493 1598 non
513 1577 590 1599 esse
612 1567 727 1600 omnia
745 1567 847 1600 unius
870 1567 1029 1612 generis3
1065 1567 1238 1613 quaedam
1254 1567 1367 1602 etiam
1389 1567 1440 1603 ita
1460 1576 1686 1614 comparata,
1719 1577 1760 1604 ut

233 1612 313 1645 usui
338 1612 535 1657 quotidiani
562 1614 733 1647 sermonis
765 1614 900 1660 aliquid
929 1615 1194 1649 concedendum
1220 1614 1394 1650 videatur.
1446 1616 1586 1651 ⁴Omittm
1621 1624 1758 1659 cetera;

233 1669 338 1692 unum
357 1659 426 1692 hoe
454 1671 602 1704 quaero,
635 1661 783 1694 multum
803 1662 1031 1711 frequentata
1050 1661 1114 1695 illa
1131 1662 1312 1708 Adspice,
1338 1671 1406 1709 1455.
1436 1663 1556 1697 Viden
1582 1672 1641 1698 ut:
1666 1676 1759 1711 quo-

232 1706 340 1739 modo
360 1705 431 1739 sint
448 1707 625 1741 struenda.
671 1710 831 1753 Apparet
852 1715 988 1753 antem,
1025 1708 1160 1754 duplici
1180 1709 1286 1742 modo
1311 1707 1406 1755 ffiec
1435 1709 1506 1744 dici
1534 1722 1663 1755 posse,
1699 1719 1759 1746 aut

233 1752 282 1785 ita
294 1779 303 1795 ,
327 1759 367 1785 ut
384 1765 501 1786 merae
522 1754 594 1787 sint
613 1755 825 1789 admonendi
840 1756 1083 1802 exeitandique
1102 1755 1276 1791 ibn-mulae
1288 1783 1297 1798 ‚
1320 1753 1453 1790 nullam
1470 1757 1517 1791 ad
1536 1758 1758 1804 subsequen·-

233 1799 285 1832 tia
303 1799 373 1833 vim
393 1807 613 1842 exserentes;
647 1809 707 1835 aut
728 1803 779 1837 ita
791 1830 801 1846 ,
826 1810 866 1836 ut
886 1804 944 1837 vel
967 1802 1154 1838 addubites
1173 1803 1355 1848 paululum
1374 1815 1527 1850 vereque
1542 1804 1757 1852 interroges,

233 1846 291 1880 vel
308 1858 379 1880 non
400 1847 517 1882 omnia
536 1856 632 1883 certa
649 1862 726 1884 esse
745 1850 783 1884 in
799 1850 918 1897 aliqua
939 1863 980 1885 re
997 1851 1186 1897 significeS.
1234 1853 1358 1899 Itaque
1384 1851 1523 1896 Viden,
1549 1861 1592 1887 ut
1605 1853 1757 1888 laetan-

232 1965 310 2005 lari
335 1964 385 2004 de
410 1965 542 2018 aliquo
568 1967 743 2020 incerto,
784 1976 834 2010 ut
864 1969 963 2011 Aen.
1024 1985 1139 2024 ματι,
1167 1984 1330 2023 gressu,
1358 1984 1477 2024 quem
1494 1971 1652 2022 Iupiter
1667 1980 1757 2010 tue-

232 2023 335 2074 Vm,
358 2024 473 2066 503.:
511 2026 796 2076 „Externos
826 2035 964 2082 optate

234 2080 414 2120 duces“
425 2097 436 2133 3
465 2083 489 2122 i.
504 2097 536 2123 e.
555 2091 770 2125 externum
791 2086 963 2138 aliquem

235 2139 390 2179 ducem.
425 2140 506 2192 XI,
542 2142 657 2185 784.:
703 2159 963 2198 „superos

231 2195 389 2236 Arruns
409 2198 467 2237 sic
484 2214 584 2239 voce
603 2205 831 2254 precatur“
841 2218 852 2255 3
891 2203 963 2243 sed

232 2262 282 2294 ut
299 2269 350 2294 ex
365 2269 469 2308 seqq.
486 2264 611 2310 patet,
638 2274 768 2299 unum
782 2261 848 2300 ille
865 2275 962 2314 pre-

233 2319 351 2352 catur
397 2314 632 2367 Apollinem.
681 2318 819 2372 Eurip.
862 2320 961 2360 Hee.

233 2370 329 2413 349.
344 2385 400 2423 sq.
420 2373 482 2412 ed.
494 2373 631 2414 Herm.
661 2374 816 2425 »ἔπειτ’
841 2377 962 2433 ἐθρέ-

232 2433 354 2481 φθην
375 2431 548 2472 ἐλπίδων
567 2436 703 2474 καλῶν
733 2431 816 2475 ὕπο
829 2468 840 2486 ,
871 2437 897 2490 β
911 2453 962 2476 α·-

233 2490 314 2528 σιλ
326 2490 381 2527 εὖ
394 2500 417 2529 σ
429 2505 444 2529 ι
476 2487 671 2543 νύμφη.“
705 2491 820 2547 IsVr.)
868 2509 963 2533 ma-

229 2558 360 2596 gnum
394 2548 505 2585 Iovis
535 2550 839 2602 incremenlum‚
871 2553 963 2592 alu-

231 2616 349 2641 mnus
368 2610 408 2642 et
427 2605 638 2656 nutricius,
668 2607 833 2661 θρέμμα
853 2608 963 2659 Διὸς,

228 2659 473 2714 διοτρεφής,
513 2669 578 2702 ut:
623 2665 718 2703 Iove
747 2673 879 2708 natus.
911 2670 961 2708 cf.

231 2718 374 2759 Cerda.
415 2717 724 2774 (lucrementum
751 2726 861 2762 Iovis
887 2739 961 2764 ex—

229 2776 354 2829 plico:
385 2778 453 2830 qui
472 2792 544 2831 per
563 2779 699 2818 lovem
714 2781 962 2822 incrementa

230 2835 361 2888 capit,
390 2836 456 2875 cui
481 2837 633 2889 Iupiter
660 2838 793 2889 favet,
825 2841 962 2894 adspi-

229 2898 297 2932 rat
315 2923 325 2943 ,
374 2900 424 2933 ut
461 2894 518 2934 ait
539 2895 767 2936 ,WunderL
806 2898 961 2939 adiecto

228 2950 354 3006 Soph.
370 2951 518 2994 Electr.
537 2966 596 2992 vs,
619 2956 741 2997 163.:
772 2953 868 3006 Διὸς
887 2954 962 3012 βή-

1022 2037 1097 2068 tur.
1147 2028 1348 2082 Spohnius
1366 2028 1663 2081 interpretatur
1681 2042 1756 2083 per

1021 2087 1173 2125 donam
1192 2117 1203 2137 ,
1256 2100 1403 2125 munus
1454 2088 1588 2138 lovis,
1643 2086 1755 2128 laud.

1022 2145 1189 2184 casaub.
1202 2145 1257 2184 ad
1273 2144 1358 2184 Ael.
1370 2144 1570 2198 Spartian.
1584 2143 1755 2187 Adrians.

1022 2217 1055 2243 c.
1066 2206 1105 2245 7.
1115 2218 1126 2254 ;
1157 2209 1200 2242 at
1215 2218 1300 2243 non
1319 2203 1551 2256 simpliciter
1565 2217 1642 2256 pre
1660 2217 1755 2244 mu-

1018 2274 1116 2300 nere
1158 2261 1309 2301 dicitur
1333 2262 1646 2312 incrementum,
1684 2261 1756 2302 sed

1018 2320 1101 2370 ita,
1131 2326 1180 2359 ut
1201 2319 1379 2359 addendi
1394 2319 1645 2372 augendique
1671 2334 1755 2360 no-

1018 2378 1079 2417 tio
1099 2378 1350 2418 involvatur.
1387 2377 1479 2418 Hoc
1496 2383 1635 2417 autem
1652 2392 1754 2432 pro-

1019 2436 1147 2476 fuerit
1168 2436 1380 2487 adiecisse,
1409 2435 1659 2475 incrementa
1675 2450 1755 2476 vo—

1021 2495 1105 2533 cari
1133 2495 1255 2534 etiam
1278 2494 1476 2544 honores,
1512 2493 1657 2547 quibus
1689 2494 1754 2534 di—

1020 2553 1151 2604 gnitas
1169 2553 1335 2592 alieuius
1356 2557 1563 2605 augeatur.
1587 2553 1753 2592 Sueton.

1020 2611 1153 2650 Vitell.
1176 2625 1209 2650 e.
1232 2614 1290 2653 3.:
1329 2610 1756 2662 „existimatusque-f·-

1019 2668 1204 2708 Vitellius
1218 2691 1278 2699 —
1297 2668 1476 2722 corporis
1513 2668 1642 2720 gratia
1671 2667 1755 2707 ini-

1019 2727 1126 2766 tium
1173 2733 1214 2765 et
1249 2741 1368 2766 causa
1410 2726 1768 2777 incrementorum

1019 2785 1127 2838 patri
1164 2786 1326 2824 fuisse.“
1382 2784 1432 2824 Id
1457 2798 1578 2836 quam
1602 2783 1754 2837 egregie

1020 2849 1163 2882 nostro
1205 2843 1422 2882 conveniat
1468 2841 1560 2881 loco
1579 2870 1590 2892 ,
1636 2841 1754 2881 facile

1019 2907 1146 2954 patet.
1182 2900 1295 2957 Wr.)
1356 2901 1425 2944 50.
1453 2900 1620 2950 Eorum,
1651 2911 1766 2952 quae>

1020 2965 1270 3011 sequuntur,
1301 2959 1487 3012 ambigua
1504 2964 1566 2997 est
1582 2964 1623 2997 et
1639 2964 1754 2997 stru-
