1768 3320
356 203 526 262 VITA
560 202 617 254 P.
652 200 948 254 VIRGILII
979 199 1303 252 MARONIS
1426 217 1606 253 mmlx

36 354 40 390 j
65 341 110 376 et
124 335 279 386 Dauo,
297 338 351 374 ‹et
369 332 551 373 adicem
563 362 576 384 ,
606 346 700 373 cum
719 337 825 372 esset
842 345 1046 373 annorum
1065 330 1310 385 quindecim.
1369 332 1493 372 Cuius
1512 347 1604 372 ma-
1614 342 1663 379 29

32 425 36 442 3,
51 388 171 444 teria
186 391 282 434 ulis
298 397 380 432 est:
411 392 557 432 Pastor
582 392 775 446 fatigatus
797 396 913 431 aestu
939 404 1034 430 cum
1061 390 1137 430 sub
1158 390 1305 430 arbore
1323 390 1606 443 obdormisset,

32 459 36 492 ἶ
65 458 111 494 et
128 463 295 506 sarpam
322 449 378 491 ad
399 450 517 490 illum
545 455 808 504 proreperet,
838 462 860 488 e
888 449 1039 502 palude
1067 449 1189 489 culex
1213 449 1460 503 provolavit,
1484 455 1606 502 atque

48 510 175 559 inter
189 509 275 550 duo
290 514 477 563 tempora
497 509 684 550 aculeum
704 509 797 548 fixit
815 508 982 562 pastori.
1042 507 1098 548 At
1122 507 1191 547 ille
1209 507 1407 547 continuo
1437 508 1608 547 culicem

36 568 283 620 'ocuti-ivit,
314 574 357 608 et
371 569 508 608 visum
528 574 762 623 serpentem
781 567 1011 619 interemit,
1042 580 1091 606 ac
1118 566 1353 621 sepulcrm
1372 566 1495 606 culici
1517 573 1607 607 sta-

43 627 172 681 ituit,
201 625 467 669 etdistiehon
482 627 578 667 fecit

291 711 431 750 Parve
459 709 599 759 culex,
623 707 834 762 pecudum
861 714 995 747 custos
1024 705 1100 746 tibi
1126 706 1210 746 tale
1239 707 1407 746 merenti

296 769 475 809 Funeris
499 767 689 824 officium
716 769 828 808 vitae
850 780 932 820 pro
961 779 1125 805 munere
1152 765 1298 805 reddit.

39 893 44 901 „
183 849 286 892 vm.
317 849 490 904 Scripsit
514 850 659 901 etiam,
697 848 749 889 de
774 862 857 902 qua
886 847 1130 901 ambigitur,
1172 847 1365 887 Aetnam.
1424 846 1478 887 Et
1494 857 1667 900 mox‚3o

35 916 51 954 ‘3
69 922 165 953 cum
181 922 249 950 res
261 909 467 950 Romanas
486 908 742 960 inchoasset,
772 907 950 948 offensus
963 906 1135 947 materia
1153 912 1195 946 et
1219 906 1433 946 nominum
1451 907 1608 960 asperi-

71 1025 154 1051 σεο
178 1012 346 1049 foedatus
370 1013 435 1049 ille
452 1020 529 1058 est,
557 1012 697 1048 laciniis
713 1024 809 1060 pan-

68 1061 198 1118 nisque
218 1061 396 1099 variorum
418 1061 719 1108 interpolatorum
747 1073 811 1095 as-

39 1110 51 1138 ’ῗῑ
71 1115 173 1146 atis.
218 1108 377 1144 Alterum
405 1121 568 1153 carmen,
605 1114 672 1143 nec
696 1107 810 1142 minus

30 1171 32 1174 ’
251 1157 485 1204 terpolatum,
518 1157 619 1192 Girin
643 1155 810 1190 Cornelio

165 1311 288 1383 2:1¹·
319 1306 430 1382 :3:22
444 1299 814 1382 ὡκ,

33 1399 43 1430 -ss
73 1395 143 1432 rin.
177 1395 285 1439 Quod
300 1395 348 1430 ad
368 1396 673 1443 Epigrammata,
695 1393 815 1439 inpri-

33 1448 50 1462 “’
73 1442 141 1479 mia
176 1444 219 1478 in
254 1444 455 1492 Priapum,
499 1442 653 1484 attinet,
686 1440 816 1476 lusisse

31 1505 42 1533 2·
73 1497 219 1539 poetam
246 1489 452 1525 huiusmodi
474 1489 646 1536 quaedam
668 1488 817 1523 dubita-

34 1539 49 1556 ”
74 1550 117 1574 re
139 1549 207 1573 nos
233 1549 308 1573 non
335 1537 421 1573 sinit
439 1537 574 1572 Plinius
591 1538 684 1584 Epp.
710 1537 758 1579 V,
780 1535 817 1572 3.

73 1587 170 1623 Nm
187 1585 235 1620 ad
249 1584 362 1621 maius
380 1585 516 1631 aliquid
536 1597 640 1631 quam
658 1583 818 1629 Ecloga-

44 1641 45 1645 ’
74 1645 155 1669 rum
182 1632 299 1668 lusum
327 1639 510 1680 spectasse
536 1631 702 1674 videtur,
733 1631 818 1665 dnm

43 1712 47 1718 ,
74 1680 144 1718 Vir
196 1680 268 1715 'mn
294 1679 392 1715 inter
422 1691 486 1715 eos
517 1686 712 1722 memorat,
757 1676 819 1724 qni

42 1731 46 1735 '
74 1739 126 1776 pt
174 1739 201 1778 ρ
231 1727 422 1763 lasciviora
446 1727 603 1763 carmina
642 1725 819 1762 condide-

7 1781 9 1783 ’
72 1775 172 1812 rint:
196 1787 407 1832 quamquam
425 1775 576 1810 alteram
606 1773 819 1809 sententiam

38 1838 43 1849 ⁷
78 1823 198 1860 Ovidii
224 1823 345 1859 verbu
374 1822 471 1858 tueri
492 1822 611 1870 possis
632 1821 746 1857 Trist.
770 1822 815 1864 11,

78 1871 163 1916 537,
185 1870 264 1919 qui,
296 1871 380 1906 dum
407 1870 556 1917 Virgilii
582 1869 745 1916 exemplo
781 1880 820 1902 se

78 1925 221 1962 tuetur,
253 1930 328 1954 nou
357 1917 427 1953 nisi
446 1918 614 1954 Bucolica
640 1916 814 1952 nominat:

79 1966 270 2050 leg‘dis
285 1966 347 2001 laic
358 1966 457 2001 idem
473 1975 695 2013 tenerosque
701 1967 822 1999 Ama-

81 2026 131 2062 ry
168 2015 176 2022 '
208 2015 235 2049 'e
247 2015 360 2062 ignes
377 2014 564 2049 Bucolicis
581 2013 731 2048 iuvenis
757 2011 821 2045 lu-

81 2069 187 2098 cerat
205 2069 296 2096 ante
315 2062 447 2097 modis.
486 2064 649 2096 Aetnam
665 2058 823 2094 Cornelii

81 2108 205 2146 Severi
228 2108 336 2155 vulgo
353 2109 514 2144 habitam
532 2108 672 2143 Lucilio
690 2105 823 2140 iuniori

82 2168 197 2204 nuper
212 2155 365 2191 asseruit
379 2156 609 2192 Wernsdorf.
629 2156 731 2189 Poet.
739 2155 822 2188 Lat.

82 2203 230 2241 nin-T.
251 2204 314 2239 Ν.
366 2205 484 2239 Dirae
510 2203 648 2239 Valerii
677 2200 821 2236 Catonis

85 2263 185 2296 esse,
207 2264 230 2286 a
256 2250 399 2286 nemine
419 2251 526 2286 facile
554 2262 647 2285 nunc
673 2249 823 2284 dubita-

84 2307 155 2336 mr.
202 2300 257 2334 De
286 2300 436 2335 Bloreto
462 2299 534 2333 vid.
556 2300 721 2333 Prooem.
751 2299 823 2331 Co-

114 2360 174 2382 am
191 2359 271 2382 cum
294 2346 375 2382 aliis
392 2347 440 2381 ad
463 2346 554 2381 alios
573 2352 739 2380 auctores
760 2356 824 2378 re—

103 2407 183 2430 erre
200 2405 275 2429 nou
298 2406 472 2429 veremur.
534 2394 616 2428 Mos
641 2392 734 2426 enim
760 2391 824 2426 ille

8 2445 49 2489 53
86 2441 349 2489 vulgatissimus
394 2441 470 2476 aive
509 2440 827 2476 Grammaticorum

26 2490 40 2529 ζ’
88 2489 166 2525 aire
191 2489 420 2525 librariorum
449 2489 537 2531 fuit,
571 2495 611 2522 nt
635 2488 710 2522 sive
737 2484 827 2522 οἶδέ-

30 2534 37 2551 ”
74 2536 215 2574 <hrota
232 2537 307 2572 sive
326 2536 464 2571 minora
480 2536 616 2583 scripta
632 2535 828 2570 clarissimo

20 2584 42 2637 ss}
91 2584 217 2641 mique
230 2584 414 2667 ‘serigxori
436 2584 713 2665 adse-ribclxix&s
722 2594 832 2664 sffieipe

26 2638 39 2655 ⁷>
93 2639 202 2668 etnam
228 2644 267 2667 m
358 2644 398 2667 ce
428 2644 548 2666 vacuis
578 2645 597 2666 c
795 2637 833 2663 ta

90 2679 249 2717 camina
274 2680 321 2714 ad
341 2679 486 2714 maioris
513 2679 679 2714 carminis
706 2685 835 2712 ancto-

35 2736 46 2770 ²,
92 2738 171 2762 rem
188 2726 408 2762 confidenter
423 2727 613 2761 referrent.
659 2727 713 2760 Ex
738 2728 771 2760 E
796 2726 832 2759 i-

33 2776 37 2804 Ῑ
50 2780 67 2788 “
95 2775 206 2810 stolis
224 2773 371 2820 Virgilii
393 2775 439 2809 ad
461 2777 657 2820 Augustum
682 2773 753 2807 duo
789 2783 835 2806 o-

11 2844 45 2861 ,--
96 2834 139 2856 ca
162 2828 338 2856 memorat
379 2822 542 2856 Macrob.
581 2825 657 2856 Sat.
694 2822 731 2862 1,
775 2819 836 2861 24,

97 2880 307 2914 quamquam
345 2870 541 2917 Virgilium
577 2869 647 2903 illa
667 2867 840 2916 felicitas

98 2916 255 2996 {¹25ssss
269 2916 505 2998 3¹:535&
515 2915 841 2998 ‹issfflssv'iiliqffi’

21 3011 29 3015 “
100 3008 247 3055 Augusti
277 3009 449 3055 epistolas
476 3011 523 3046 ad
539 3009 731 3056 Virgilium
758 3008 842 3044 lau-

867 1011 931 1047 dat
947 1017 1072 1046 auctor
1087 1009 1229 1055 Dialogi
1259 1009 1305 1044 de
1326 1012 1478 1045 Oratore
1505 1022 1536 1046 c.
1562 1011 1608 1047 13

868 1066 906 1095 et
939 1058 1151 1094 Claudianus
1179 1057 1291 1104 Epist.
1320 1058 1367 1092 ad
1397 1057 1521 1104 olybr.
1548 1059 1607 1105 (n.

867 1107 967 1151 XLI)
987 1119 1019 1141 v.
1048 1106 1097 1143 23
1126 1107 1319 1153 Dignatus
1345 1107 1451 1140 tenui
1470 1108 1609 1140 Caesar

867 1156 1064 1203 scripsisse
1098 1154 1263 1188 Maroni.
1330 1152 1496 1187 Ceterum
1533 1164 1609 1188 non

868 1202 1008 1251 pigebit
1025 1201 1148 1236 locum
1178 1212 1221 1234 ex
1237 1200 1408 1235 Vincent.
1425 1200 1604 1235 Bellovac-

869 1254 973 1298 Spec.
994 1249 1080 1283 hist.
1099 1248 1177 1290 vn,
1197 1249 1245 1285 62
1272 1248 1500 1291 adscribere,
1534 1248 1609 1291 ubi,

868 1305 1056 1346 postquam
1076 1308 1120 1331 ex
1136 1307 1179 1330 eo
1192 1322 1201 1338 ,
1227 1295 1322 1342 quod
1335 1308 1506 1351 pascua,
1538 1308 1609 1330 ru·-

872 1358 939 1389 ra,
972 1345 1085 1379 duces
1107 1350 1244 1378 tantum
1271 1343 1443 1378 cecinisse
1468 1354 1610 1377 memo-

870 1400 971 1428 ratur
1001 1390 1194 1437 Virgilius,
1246 1390 1409 1437 colligit:
1449 1391 1612 1438 proinde

877 1439 1064 1487 Virgilius
1093 1439 1142 1473 de
1171 1438 1311 1481 Culice,
1356 1446 1394 1473 et
1428 1438 1613 1486 Virgilius

874 1489 922 1523 de
938 1490 1084 1529 Aetna,
1124 1498 1219 1534 quos
1244 1486 1543 1521 Aurelianense-5
1561 1485 1613 1520 ad

875 1535 1161 1571 ostentationem
1209 1542 1247 1567 et
1279 1534 1499 1567 iactantiam
1536 1534 1614 1567 cir-

873 1580 1087 1629 cumferunt
1099 1606 1109 1623 ,
1140 1581 1240 1614 inter
1258 1589 1433 1616 auctores
1449 1593 1614 1629 apocry-

867 1630 969 1679 phos
984 1628 1190 1676 separandi
1205 1628 1295 1662 sint.

922 1689 1004 1711 cum
1040 1684 1138 1710 esset
1162 1687 1348 1709 annorum
1375 1676 1459 1709 XV
1463 1688 1472 1715 3
1505 1674 1613 1708 immo

874 1725 1009 1767 XXV,
1034 1729 1075 1757 ut
1100 1722 1172 1757 iam
1203 1722 1406 1757 emendavit
1433 1722 1560 1757 Oudin.
1588 1721 1615 1756 l.

876 1784 1001 1818 σφας.
1023 1771 1106 1807 309.

924 1820 957 1866 §.
987 1819 1046 1856 29.
1092 1818 1207 1853 Cuius
1236 1819 1395 1853 materia
1421 1817 1513 1853 talis
1547 1824 1616 1852 est.

877 1868 997 1909 Haec,
1021 1873 1058 1900 et
1086 1878 1179 1912 quae
1205 1873 1417 1913 sequuntur,
1443 1864 1616 1899 emblema

879 1927 899 1950 e
920 1914 1081 1958 margine
1102 1925 1199 1956 esse,
1223 1914 1448 1949 manifestum
1469 1919 1535 1947 est.

927 1963 958 2009 §.
987 1963 1047 1998 30.
1084 1974 1165 1995 cum
1184 1974 1245 1996 res
1258 1965 1365 1996 Rom.
1384 1961 1619 2001 inchoas-ten

878 2012 932 2046 Ex
950 2010 1016 2044 illo
1048 2009 1124 2044 Ecl.
1154 2010 1226 2052 vl,
1251 2010 1275 2046 3
1301 2011 1421 2053 Quum
1446 2020 1618 2042 canerem

880 2070 990 2106 reges
1014 2065 1054 2091 et
1077 2056 1240 2104 praelia.
1287 2056 1429 2091 Servius
1458 2055 1505 2090 ad
1532 2067 1563 2089 e.
1590 2054 1617 2088 l.

882 2108 1000 2141 Gesta
1037 2116 1168 2152 regum
1212 2102 1445 2139 Albanorum
1461 2129 1471 2145 ,
1523 2114 1620 2149 quae

880 2161 1013 2201 coepta
1031 2152 1173 2194 ornisit,
1207 2153 1397 2186 nominum
1413 2151 1621 2198 asperitate

881 2201 1096 2235 deterritus.
1144 2199 1224 2234 Alii
1235 2199 1403 2245 Scyllam
1421 2210 1504 2232 eum
1523 2197 1621 2231 scri-

880 2247 966 2282 bere
989 2248 1154 2295 coepisse
1178 2247 1329 2290 dicunt,
1364 2247 1405 2280 in
1436 2257 1509 2292 quo
1525 2243 1621 2279 libro

880 2295 969 2331 Nisi
1003 2303 1042 2328 et
1075 2295 1218 2328 Minois
1253 2295 1356 2342 regis
1394 2293 1622 2327 Cretensium

881 2342 1018 2377 bellum
1049 2339 1290 2376 describebat.
1338 2341 1420 2376 Alii
1445 2340 1493 2374 de
1516 2338 1625 2373 bellis

881 2389 1053 2425 civilibus
1078 2389 1227 2429 dicunt3
1260 2389 1329 2423 alii
1350 2388 1397 2422 de
1425 2386 1624 2434 tragoedia

888 2438 1061 2482 Thyeste.
1109 2436 1240 2482 Scylla
1264 2436 1311 2470 ad
1340 2437 1441 2470 &rin
1458 2435 1625 2468 referen-

885 2485 933 2520 da
961 2496 1041 2518 esse
1065 2483 1219 2518 videtur.
1277 2484 1460 2531 Thyestes
1485 2481 1556 2515 fuit
1581 2481 1624 2515 L.

886 2532 989 2568 Varii
1006 2531 1128 2565 nobile
1149 2543 1258 2577 opus,
1291 2531 1337 2564 de
1354 2541 1426 2576 quo
1439 2556 1449 2572 ,
1483 2535 1626 2575 praeter

888 2579 1086 2626 scriptores
1102 2578 1277 2613 historiae
1305 2577 1520 2618 litterariae,
1543 2575 1626 2610 vide

889 2629 1053 2672 Rutgers.
1074 2627 1175 2660 Lect-
1198 2627 1333 2660 Venus.
1351 2638 1381 2660 c.
1402 2625 1427 2661 3
1456 2631 1494 2658 et
1505 2625 1626 2669 Intpp.

891 2675 938 2709 ad
959 2673 1190 2717 Quinctilian.
1213 2675 1298 2707 Inst.
1326 2676 1426 2707 Orat.
1456 2672 1507 2714 X,
1533 2672 1560 2713 1,
1579 2672 1628 2706 98

891 2724 974 2757 Iam
996 2723 1106 2756 Varii
1129 2721 1310 2767 Thyestes
1338 2717 1488 2754 cuilibet
1505 2720 1631 2753 Grae-

892 2782 1019 2804 corum
1046 2770 1257 2816 comparari
1281 2775 1415 2814 potest.
1457 2766 1503 2800 cf.
1538 2764 1630 2799 Phi-

891 2817 1025 2862 largyr.
1053 2817 1099 2850 ad
1117 2815 1191 2850 Ecl.
1210 2817 1306 2856 VIII,
1336 2817 1391 2851 10.
1439 2812 1631 2858 Virgilium

894 2871 1077 2899 auctorem
1110 2863 1254 2897 fabulae
1289 2861 1464 2908 Thyestis
1502 2860 1631 2900 fuisse,

895 2910 1127 2946 Grammatici
1162 2916 1318 2944 narrant.
1359 2909 1431 2942 vid.
1456 2911 1553 2942 Serv.
1586 2906 1634 2939 ad

897 2959 971 2994 Ecl.
998 2960 1066 3000 ΠΙ,
1091 2960 1151 2994 20.
1178 2958 1242 2991 inf.
1274 2959 1305 3002 §-
1338 2958 1405 2998 81,
1431 2961 1469 2988 et
1489 2967 1565 2999 sup.
1588 2953 1634 2986 ad

898 3008 930 3053 ᾗ.
942 3008 1001 3043 20.
1037 3006 1107 3041 Alii
1121 3006 1243 3040 cassio
1261 3002 1442 3040 Parmensi
1459 3013 1536 3036 eam
1555 2999 1635 3034 vin-
