1768 3320
202 202 270 254 52
521 200 576 250 P.
612 197 970 249 VIRGILII
1005 192 1379 244 MARONIS

201 326 390 368 Subsistit
408 326 586 380 dialogus
602 327 645 366 in
665 340 733 377 eo,
763 331 811 366 ut
829 325 994 377 Tityrus
1018 322 1208 361 miserum
1234 321 1395 360 exulem
1420 321 1465 361 in
1490 335 1564 361 suo
1582 327 1707 375 tugu-

201 387 263 427 rio
280 392 516 440 pernoctare
532 385 679 425 iubeat.

314 433 447 495 Atque
471 443 552 482 hoc
568 442 729 495 quidem
748 453 890 479 verum
910 451 956 475 ac
971 434 1181 489 proprium
1205 435 1392 475 carminis
1411 442 1472 476 est
1493 449 1706 489 argumen-

203 507 312 551 tum3
342 501 464 553 quod,
494 507 691 553 quantum
710 513 731 536 a
752 503 897 536 natura
916 493 1099 533 carminis
1117 493 1318 545 pastoritii
1337 494 1500 547 proprie
1519 494 1617 534 dicti
1633 494 1707 533 ab—

202 559 276 609 sit,
314 559 427 598 facile
453 565 640 611 apparet,
679 562 719 594 et
737 555 851 606 quale
870 565 1021 591 novum
1038 563 1161 602 genus
1183 551 1425 602 constituat,
1460 552 1505 591 in
1523 551 1706 606 disputa-

201 617 310 656 tione
331 616 379 655 de
397 616 590 655 Bucolicis
608 612 828 665 Virgilianis
846 609 1071 662 expositum
1090 613 1161 646 est.
1192 608 1272 647 Sed
1289 609 1510 648 communis
1528 611 1706 650 omnium

202 681 429 727 temporum
451 674 601 726 opinio,
633 678 817 710 veterum
836 665 1199 706 Grammaticorum
1216 666 1296 705 fide
1313 666 1486 718 firmata,
1517 668 1705 718 obtinuit,

202 733 367 783 Eclogae
383 731 503 770 huius
520 731 717 769 rationem
736 727 788 764 ad
806 726 871 764 illa
890 731 1073 776 tempora
1091 729 1132 762 et
1150 723 1302 776 Virgilii
1321 725 1529 764 fortunam
1547 740 1706 765 accom-

201 790 406 828 modatam
436 802 536 838 esse,
576 800 699 838 eoque
727 798 832 822 anno
860 796 947 821 eam
977 780 1038 877 {U
1061 782 1102 820 C.
1123 776 1222 836 713)
1253 777 1445 835 scriptam
1471 797 1574 834 esse,
1625 797 1705 836 quo

201 847 521 886 Triumvirorum
549 845 730 897 pactione
750 842 910 880 decreta
928 852 977 878 ne
996 838 1102 878 anda
1119 838 1187 877 illa
1215 853 1404 892 agrorum
1419 841 1527 892 inter
1543 847 1706 881 vetera-

201 919 274 943 nos
294 905 434 943 divisio
454 904 502 942 ab
522 902 743 941 Octaviano
761 900 866 937 sacta
887 904 965 936 est:
1006 897 1055 935 de
1074 909 1154 948 qua
1172 910 1211 937 v.
1232 896 1402 952 Appian.
1422 894 1535 939 Civil.
1552 899 1620 940 lib.
1639 898 1705 949 IV,

202 965 240 1004 3.
260 960 338 1016 (ed.
357 963 482 1001 Amst.
504 963 632 1008 1670,
662 974 700 1012 p.
722 955 833 1010 954.)
884 956 965 1013 ‘Dio
984 955 1148 1005 XLVII,
1183 954 1248 996 14.
1306 955 1413 995 Ante
1430 957 1556 1008 enim,
1585 970 1707 1009 quam

201 1019 398 1059 Antonius
418 1025 458 1056 et
474 1017 717 1056 Octavianus
737 1015 928 1053 adversus
948 1013 1186 1052 Cassium'et
1202 1013 1378 1054 Brutum
1402 1014 1702 1068 proficisceren-

200 1084 289 1127 tur,
318 1078 399 1116 icto
420 1076 471 1114 ad
488 1076 685 1116 Mutinam
703 1073 881 1122 foedere,
921 1085 1022 1123 quae
1042 1077 1103 1109 est
1118 1071 1277 1110 infamis
1294 1073 1363 1111 illa
1383 1073 1704 1113 Triumvirorum

198 1135 331 1188 pactio
350 1136 396 1173 U.
435 1135 476 1172 C.
504 1136 609 1183 711,
648 1138 696 1171 ut
722 1130 965 1179 exercitum,
1005 1142 1057 1168 ex
1083 1129 1285 1168 veteranis
1311 1131 1394 1170 sere
1420 1131 1704 1184 conscriptum,

198 1193 238 1231 in
267 1192 346 1231 fide
364 1192 603 1240 retinerent,
643 1189 835 1228 militibus
863 1193 1024 1240 praeter
1052 1186 1128 1226 alia
1145 1188 1324 1240 praemia
1343 1189 1517 1228 colonias
1542 1189 1704 1228 urbium

200 1250 449 1299 Italicarum,
490 1255 530 1286 et
559 1248 699 1300 opibus
728 1253 767 1285 et
795 1246 878 1285 solo
907 1252 947 1284 et
966 1245 1153 1284 aedificiis
1177 1245 1285 1284 inter
1315 1253 1466 1286 ceteras
1480 1247 1705 1299 insignium,

202 1307 444 1356 octodecim,
486 1319 586 1357 quae
608 1305 727 1343 Cassii
752 1311 888 1356 partes
915 1304 1122 1357 amplexae
1141 1309 1277 1354 erant,
1314 1304 1422 1344 inter
1439 1319 1537 1357 quas
1555 1305 1705 1357 Capua,

196 1364 412 1416 Rhegium,
442 1364 635 1413 Venusia,
665 1363 961 1412 Beneventum,
990 1360 1182 1411 Nuceria,
1212 1360 1459 1413 Ariminum,
1485 1363 1641 1402 Vibona
1666 1368 1707 1401 et

198 1422 393 1460 Cremona
413 1427 701 1471 memorantur,
727 1421 1024 1472 promiserunt:
1052 1419 1093 1459 h.
1113 1432 1145 1458 e.
1163 1426 1406 1471 receperunt
1422 1421 1464 1459 in
1483 1434 1536 1471 se,
1566 1434 1606 1460 se
1627 1434 1706 1472 eos,

195 1480 297 1518 bello
319 1479 484 1518 feliciter
503 1479 707 1529 consecto,
750 1478 793 1516 in
812 1478 899 1516 illas
926 1478 1066 1528 urbes,
1106 1483 1313 1529 tamquam
1339 1478 1535 1529 colonias,
1574 1478 1707 1529 dedus

196 1543 353 1588 cturos,
385 1543 426 1575 et
443 1550 603 1586 eorum,
635 1536 702 1588 qui
720 1549 830 1574 nunc
849 1536 1092 1586 incolerent,
1124 1547 1238 1587 agros
1256 1535 1303 1574 iis
1326 1536 1594 1589 assignaturus
1610 1548 1705 1576 esse.

196 1596 328 1643 Quam
344 1607 430 1633 rem
451 1608 542 1633 cum
554 1625 564 1643 ,
596 1594 726 1632 Cassio
747 1600 787 1632 et
804 1594 933 1633 Bruto
953 1608 1088 1644 caeso,
1123 1592 1167 1631 in
1184 1593 1340 1632 Italiam
1357 1594 1492 1634 redux
1512 1594 1705 1634 Octavia-

195 1666 270 1690 nus
288 1651 477 1704 perficere
494 1652 636 1701 vellet,
675 1652 822 1704 partim
842 1665 892 1690 ex
908 1652 1084 1691 militum
1099 1650 1311 1690 insolentia
1329 1657 1370 1691 et
1387 1652 1578 1703 avaritia,
1598 1665 1704 1706 'par-
1759 1674 1765 1681 =

196 1710 269 1748 tim
289 1722 339 1747 ex
356 1710 572 1748 eiectorum
592 1709 641 1747 de
659 1709 738 1748 suis
756 1710 870 1749 bonis
887 1710 1162 1762 indignatione
1179 1709 1313 1762 magni
1330 1716 1466 1750 motus
1485 1724 1531 1749 ac
1547 1710 1704 1750 tumul-

196 1772 263 1805 tus
291 1767 370 1806 orti
397 1773 502 1805 sunt.
542 1767 623 1806 vid.
643 1766 811 1819 Appian.
834 1768 945 1806 Civil.
965 1768 1020 1818 V,
1053 1770 1091 1810 3.
1123 1770 1175 1809 12
1203 1780 1260 1819 sq.
1302 1765 1358 1822 (p.
1389 1770 1496 1811 1081
1529 1781 1613 1821 sqq·
1641 1768 1704 1807 ed·

197 1823 352 1878 steph.)
411 1825 483 1863 Dio
513 1825 667 1864 Cassius
696 1826 875 1876 XLVIII,
915 1826 941 1868 5
958 1848 1017 1855 —
1036 1828 1062 1868 9
1072 1840 1084 1877 3
1131 1824 1235 1863 adde
1267 1826 1431 1865 Sueton.
1470 1825 1571 1879 Aug.
1598 1826 1704 1866 xm.

197 1882 296 1919 Erat
326 1888 459 1920 autem
488 1895 644 1932 eorum,
693 1884 837 1934 quibus
855 1883 1033 1936 praemia
1052 1883 1246 1923 solvenda
1264 1889 1414 1934 essent,
1459 1884 1597 1937 ingens
1624 1898 1704 1924 nu·-

196 1952 350 1989 merus,
370 1936 556 1991 'legiones
576 1941 783 1989 nimirum,
825 1942 856 1979 si
875 1941 1059 1994 Appiano
1085 1941 1185 1980 fides
1203 1940 1392 1980 habenda
1419 1941 1446 1980 l.
1464 1942 1492 1982 l.
1518 1955 1558 1995 Ρ.
1580 1941 1704 1986 1075.

201 1999 309 2038 1076
321 2027 331 2046 ,
362 2011 444 2036 non
462 1998 591 2036 minus
612 1999 800 2048 XXVIII,
841 2013 941 2051 quae
958 2013 1041 2038 una
1061 2013 1152 2038 cum
1173 1999 1448 2039 annumeratis
1473 1999 1517 2039 in
1532 2000 1704 2054 legiones

201 2051 315 2106 (μετὰ
337 2057 419 2095 τῶν
439 2055 786 2111 συντασσομένων)
818 2057 1042 2096 efficiebant
1070 2063 1231 2096 centum
1256 2057 1574 2111 et,septuaginta
1589 2058 1705 2098 viro-

197 2124 289 2149 rum
314 2112 455 2161 millia,
494 2119 654 2164 praeter
681 2115 830 2165 equites
851 2121 890 2153 et
908 2116 1072 2154 turbam
1089 2115 1303 2154 militarem
1312 2130 1323 2166 3
1362 2128 1704 2168 quamquam-eo-

116 2192 125 2197 s
197 2181 301 2217 rum,
332 2170 473 2219 quibus
493 2170 544 2208 ad
562 2171 758 2210 Mutinam
778 2173 1122 2225 promittebantur
1141 2175 1235 2225 agri,
1265 2187 1458 2213 numerus
1477 2174 1598 2213 etiam
1614 2187 1704 2214 ma-

198 2225 260 2264 ior
287 2232 373 2265 erat
382 2241 392 2276 3
428 2226 630 2267 habebant
657 2229 761 2268 enim
784 2230 989 2270 triumviri
1015 2232 1089 2271 sub
1124 2231 1242 2284 signis
1266 2231 1439 2284 legiones
1463 2231 1610 2282 XLIII,
1656 2238 1705 2272 ut

200 2282 299 2321 adeo
319 2284 542 2335 quindecim
568 2286 738 2337 legiones
759 2288 861 2326 bello
881 2290 1063 2328 consecto
1091 2288 1417 2329 desiderarentur
1426 2304 1437 2340 3
1483 2289 1567 2330 sive
1594 2289 1706 2342 quod

199 2346 314 2378 tanta
338 2340 543 2380 hominum
567 2344 627 2382 vis
646 2345 817 2394 interiit,
860 2347 942 2386 sive
961 2346 1071 2398 quod
1099 2347 1316 2386 nonnullae
1342 2347 1514 2400 legiones
1540 2346 1590 2386 ab
1616 2347 1704 2386 An-

200 2398 312 2436 tonio
344 2398 388 2436 in
415 2398 546 2438 Asiam
582 2402 776 2440 abductae
811 2410 926 2454 sunt,
983 2405 1081 2443 aliae
1114 2418 1234 2455 vero,
1280 2405 1464 2444 nondum
1497 2405 1704 2459 stipendiis

200 2455 393 2505 emeritis,
433 2456 484 2495 ad
503 2459 612 2496 nulla
629 2460 790 2498 militiae
808 2462 983 2513 praemia
1003 2462 1207 2515 adspirare
1224 2468 1435 2515 poterant3
1473 2469 1582 2503 certe
1610 2469 1703 2504 octo

199 2512 306 2550 mille
326 2526 376 2551 ex
393 2512 471 2553 hoc
487 2529 653 2555 numero
671 2525 944 2558 memorantur
963 2521 1071 2572 apud
1089 2519 1316 2574 Appianum
1333 2521 1359 2560 l.
1377 2521 1404 2560 l.
1422 2534 1461 2573 p.
1484 2522 1607 2564 1073·

314 2570 423 2609 Inter
443 2585 528 2621 eoa,
568 2586 737 2623 quorum
767 2577 849 2627 agri
867 2578 1051 2628 assignati
1075 2585 1194 2618 erant
1210 2578 1434 2628 veteranis,
1475 2579 1586 2618 fuere
1604 2579 1703 2618 Cre-

200 2640 427 2678 monenses),
466 2630 533 2680 qui
561 2638 600 2668 et
628 2632 699 2683 ipsi
729 2634 846 2671 Cassii
866 2635 1059 2687 Brutique
1084 2643 1220 2688 partes
1247 2642 1365 2675 erant
1390 2636 1562 2687 sequuti.
1619 2636 1703 2676 vid.

201 2686 312 2724 Serv.
334 2685 385 2723 ad
405 2685 483 2725 Ecl.
501 2687 579 2737 IX,
610 2691 676 2730 28.
737 2690 918 2738 Quorum
940 2694 1021 2744 agri
1041 2707 1132 2733 cum
1150 2708 1224 2747 pro
1244 2693 1417 2733 militum
1434 2693 1704 2734 immissorum

202 2756 367 2782 numero
386 2743 501 2782 nimis
521 2746 677 2795 angusti
704 2755 851 2797 essent,
890 2750 1041 2789 vicinos
1059 2751 1375 2792 Mantuanorum
1401 2764 1515 2804 agros
1542 2751 1703 2792 additos

201 2812 284 2839 esse
304 2806 483 2840 narrant.
531 2802 652 2840 Cuius
670 2804 727 2841 rei
747 2805 820 2842 etsi
838 2807 1000 2858 nullam,
1026 2817 1308 2862 praeterquam
1325 2810 1703 2860 Grammaticorum,

203 2858 483 2897 auctoritatem
500 2860 654 2911 reperio
667 2890 676 2908 ,
712 2861 832 2900 fidem
858 2869 990 2903 tamen
1019 2867 1053 2904 ei
1072 2868 1225 2907 faciunt
1243 2868 1330 2907 alia.
1388 2866 1594 2920 Appianus
1610 2867 1703 2920 qui-

204 2914 294 2954 dem
308 2915 334 2955 l.
353 2915 379 2955 l.
398 2929 436 2969 p.
460 2918 569 2958 1082
587 2918 759 2957 militum
789 2921 996 2960 avaritiam
1016 2938 1097 2962 non
1115 2938 1196 2964 sese
1224 2925 1467 2965 continuisse
1483 2925 1592 2966 intra
1609 2938 1702 2966 suos
