1768 3320
494 234 599 283 AD
631 229 1084 282 BUCOLICAx
1433 233 1539 284 253
1580 287 1585 291 ,

13 367 111 406 satis
134 363 290 418 liquido
307 361 473 416 prodita
507 362 574 402 sit.
642 360 905 400 Grammatici
929 373 1030 400 vero
1054 358 1187 398 multo
1214 359 1338 410 magis
1366 360 1540 399 turbant

12 422 346 483 dislmtah'onem,
385 434 480 460 cum
502 434 588 459 non
614 419 738 459 modo
772 419 910 472 plures
926 419 1056 459 Varos
1084 416 1339 456 confundant
1353 446 1364 466 ,
1394 431 1541 457 verum

11 489 54 522 et
71 483 248 523 Varium
271 493 366 519 eum
395 480 508 520 Varo
524 478 732 518 misceant.
792 478 939 517 Franc.
961 476 1119 516 Arisius
1144 475 1188 514 in
1207 474 1407 513 Cremona
1424 475 1539 515 litte-

9 539 163 581 ntn'r.
178 538 211 589 1,
229 552 272 592 p.
289 540 349 580 27
366 551 438 589 sq„
469 551 494 575 a
526 534 608 590 quo
635 535 738 576 haec
767 536 945 575 severius
971 540 1148 575 tractata
1182 532 1469 586 expectabam,
1500 539 1542 571 et

8 598 96 652 ipse
112 597 294 637 diversos
322 594 507 636 homines
527 595 709 646 miscuit,
737 593 1007 648 reprehensus
1023 594 1106 633 iam
1129 591 1211 630 hoc
1235 591 1397 630 nomine
1417 605 1440 628 a
1462 605 1541 644 po-

9 655 146 714 pulari
170 653 231 710 (in
261 655 456 693 Giomale
483 654 556 691 de'
586 655 785 692 Letterali
812 653 844 692 d
849 654 863 670 ’
897 653 1029 693 Italia
1060 652 1133 691 To.
1161 650 1216 699 X,
1241 663 1282 702 p.
1309 648 1396 692 264
1422 647 1540 704 sqq.).

10 714 186 768 Dignum
201 718 339 751 tamen
355 725 504 751 nomen
523 710 702 751 hominis
724 725 748 749 a
763 711 931 751 Marone
951 717 1037 753 tam
1055 708 1235 749 studiose
1253 707 1461 757 celebrati,
1492 712 1542 746 ut

9 772 151 826 paucis
168 770 221 810 de
237 783 284 810 eo
304 776 458 823 agatur.
515 770 657 809 Nescio
683 770 809 818 enim,
840 770 1046 822 quomodo
1067 766 1226 816 accidit,
1253 772 1303 804 ut
1318 765 1405 804 istis
1426 771 1541 804 aeta-

10 831 146 880 tibus,
175 829 322 882 quibus
345 842 490 881 magna
522 831 662 868 reru‘m
692 829 870 867 inversio
896 829 1005 867 facta
1027 833 1107 877 est,
1136 824 1349 877 magnique
1366 824 1467 874 viri,
1499 830 1540 862 et

9 889 134 930 rebus
160 888 281 940 gestis
307 893 349 926 et
372 887 531 939 ingenio
560 887 679 936 clari,
722 887 920 936 floruere,
959 886 1119 925 nullum
1144 895 1294 922 nomen
1324 883 1395 933 sit,
1426 881 1540 934 quod

10 961 97 989 non
125 946 307 986 animum
329 945 512 999 impellat
536 951 577 984 et
602 944 786 985 studium
816 951 1005 984 nostrum
1023 940 1064 983 in
1085 957 1126 982 se
1143 947 1370 981 convertat.
1431 941 1538 979 Tum

10 1019 134 1055 vero,
160 1004 195 1043 si
219 1004 355 1057 magni
381 1004 463 1043 viri
489 1003 627 1043 studio
659 1003 782 1042 semel
808 1009 1020 1054 tenemur,
1052 1003 1173 1041 etiam
1191 999 1340 1039 amicos
1361 999 1446 1038 eius
1467 1013 1540 1038 co-

10 1075 203 1118 gnoscere
221 1062 340 1103 avide
355 1062 552 1116 cupimus.

127 1146 392 1183 Secernamus
418 1143 551 1196 primo
575 1142 726 1192 Varus,
765 1155 867 1194 quos
888 1147 1040 1180 temere
1067 1139 1152 1180 huc
1166 1146 1369 1180 vocarunt
1390 1140 1539 1179 Gram-

11 1203 161 1244 mutiet
219 1203 270 1242 P.
302 1202 568 1254 Quinctilium
607 1202 768 1240 Varum
799 1201 847 1239 U.
877 1201 919 1239 C.
950 1202 1031 1242 761
1058 1199 1103 1238 in
1135 1199 1351 1238 Germania
1378 1211 1541 1238 caesum

10 1262 92 1302 iam
107 1261 196 1314 ipsa
215 1266 448 1313 temporum
463 1259 570 1299 ratio
590 1258 794 1309 excludit3
823 1259 856 1297 si
873 1258 1035 1311 quidem
1052 1258 1227 1297 florente
1255 1263 1386 1297 aetate
1405 1256 1539 1309 Virgi-

10 1319 90 1360 lius
109 1318 192 1372 hoc
210 1331 374 1358 carmen
392 1317 563 1371 scripsit.
602 1317 753 1356 Eadem
774 1317 824 1355 de
844 1331 983 1356 caussa
999 1317 1137 1355 locum
1155 1329 1232 1371 nec
1248 1316 1374 1355 habet
1389 1317 1442 1354 P.
1456 1315 1540 1354 Al-

0 1378 131 1432 finus
150 1375 361 1432 (scribitur
379 1382 422 1416 et
448 1375 667 1428 Alphenus
694 1381 735 1414 et
750 1374 948 1430 Alfinius)
974 1377 1111 1415 Varus
1125 1405 1137 1424 ,
1171 1375 1260 1414 Cos.
1279 1373 1377 1424 754,
1394 1372 1540 1412 nobilis

10 1436 131 1476 Ictus
142 1466 154 1486 ,
185 1434 240 1474 ad
255 1448 375 1487 quem
390 1434 495 1473 male
522 1433 701 1473 retulere
719 1433 883 1472 Horatii
903 1434 1040 1472 locum
1061 1434 1143 1472 Sat.
1161 1433 1192 1483 I,
1210 1435 1250 1482 3,
1273 1435 1368 1475 130.

127 1504 263 1544 Alium
286 1504 486 1557 Alfenum
517 1505 677 1544 Varum
702 1503 752 1541 ab
776 1502 957 1556 Augusto
978 1503 1291 1556 'transpadanae
1306 1500 1540 1555 provinciae

12 1569 54 1603 et
82 1564 186 1616 agris
217 1562 453 1602 dividundis
482 1563 753 1615 praesectum,
792 1575 844 1601 ne
869 1562 1038 1614 Virgilio
1068 1575 1161 1613 ager
1185 1561 1432 1614 eriperetur,
1464 1573 1540 1598 cu-

10 1635 141 1672 rasse,
170 1626 398 1661 memorant
415 1621 610 1670 Serviana
630 1621 685 1674 ad
703 1620 787 1660 Ecl.
808 1620 876 1670 H,
898 1623 923 1662 6
945 1626 986 1659 et
1012 1620 1056 1659 in
1081 1619 1394 1659 Pseudodonato
1414 1632 1444 1656 s,
1470 1620 1540 1660 30.

10 1680 136 1720 Hune.
167 1693 250 1718 esse
284 1679 335 1718 de
367 1693 448 1731 quo
478 1678 667 1731 Virgilius
695 1677 774 1717 hac
798 1678 882 1717 Ecl.
907 1678 974 1718 VI.
1000 1684 1086 1717 tam
1115 1677 1326 1730 magnifice
1342 1676 1539 1728 loquitur,

10 1738 221 1793 probabile
238 1737 375 1776 fieret:
406 1737 440 1776 si
455 1736 580 1776 modo
596 1737 647 1775 de
669 1736 843 1776 hominis
861 1737 984 1776 rebus
1000 1736 1107 1775 bello
1126 1737 1246 1789 gestis
1264 1735 1418 1788 aliquid
1438 1748 1539 1773 con-

11 1802 163 1847 staret,
201 1809 310 1849 quae*
329 1801 471 1835 tantae
498 1801 651 1846 essent,
694 1801 745 1837 ut
773 1795 943 1834 carmini
980 1795 1093 1848 epico
1117 1795 1328 1834 materiem
1350 1794 1541 1833 idoneam

10 1854 266 1909 praeberent.

133 1924 423 1976 Quinctilium,
466 1929 633 1963 acutum
661 1929 702 1962 et
728 1936 916 1963 severum
942 1922 1059 1962 illum
1084 1921 1272 1961 criticum
1300 1934 1364 1974 ap.
1394 1919 1540 1959 Horat.

11 1981 102 2022 Art.
118 1980 219 2033 438,
239 1981 290 2021 de
307 1982 422 2022 cuius
441 1988 575 2021 morte
592 1981 747 2021 solatur
764 1981 976 2034 Virgilium
1002 1994 1121 2020 suum
1153 1980 1351 2019 Horatius
1368 1978 1388 2018 I
1408 1979 1541 2018 carm.

11 2039 92 2091 24,
130 2046 173 2079 et
204 2053 326 2093 quem
347 2038 623 2093 Hieronymus
650 2038 801 2078 Chron.
831 2040 975 2079 Euseb.
1015 2039 1325 2078 Cremonensem
1351 2037 1541 2091 appellat,

13 2104 177 2139 enotato
201 2098 288 2138 eius
311 2112 419 2138 anno
445 2097 661 2137 emortuali
692 2097 746 2136 ad
772 2097 934 2151 Olymp.
967 2099 1064 2147 189,
1089 2100 1110 2139 1
1140 2095 1206 2152 (U.
1236 2097 1279 2136 C.
1311 2098 1411 2146 730,
1448 2102 1542 2135 ante

13 2155 87 2196 Ch.
114 2170 156 2196 n.
177 2155 274 2211 24),
313 2156 426 2195 nulla
451 2156 600 2196 idonea
635 2156 880 2195 auctoritate
924 2157 1030 2196 Van·
1063 2155 1300 2208 cognomine
1337 2154 1543 2208 appellant

13 2211 300 2264 Gramm‘atici,
342 2215 508 2254 Servius
535 2214 590 2253 ad
619 2214 700 2254 Ecl.
724 2214 771 2264 V,
805 2217 876 2264 20,
905 2220 947 2253 et
979 2212 1114 2253 SchoL
1143 2213 1290 2253 Horat.
1310 2213 1359 2253 cs.
1378 2214 1543 2253 Ruaeus

14 2272 69 2312 ad
83 2272 167 2312 Ecl.
184 2272 253 2323 VI,
281 2275 322 2315 7.

135 2343 185 2394 Q.
201 2342 348 2381 Αιίιιηι
370 2342 530 2382 Varum
561 2355 613 2380 ex
647 2341 827 2380 Caesaris
854 2341 1078 2380 Comment.
1120 2341 1171 2380 de
1194 2341 1241 2381 B.
1272 2341 1320 2381 G.
1342 2341 1444 2391 VIII,
1471 2342 1541 2383 28.

13 2400 59 2440 Β.
76 2399 163 2440 Civ.
192 2400 260 2450 ΠΙ,
289 2402 347 2442 37
375 2398 460 2439 huc
476 2406 600 2439 vocat
630 2399 795 2438 Martia.
837 2400 1011 2438 nominis
1039 2399 1304 2440 similitudine
1335 2399 1542 2439 inductus.

14 2458 66 2509 Q.
83 2458 205 2499 VAR.
228 2458 409 2498 occurrit
424 2458 470 2497 in
489 2458 619 2497 Sarda
638 2456 886 2510 Dactylioth.
906 2458 1019 2511 Lipp.
1043 2458 1077 2497 T
1080 2472 1158 2498 om.
1180 2458 1230 2508 11,
1249 2460 1291 2508 2,
1312 2459 1412 2500 219.

130 2530 187 2568 L.
228 2529 365 2568 Varus
384 2558 397 2579 ‚
440 2528 663 2581 Epicureus
681 2558 693 2578 ,
745 2527 924 2566 Caesaris
960 2526 1112 2566 amicus
1129 2557 1141 2577 ,
1191 2534 1444 2567 memoratur
1479 2541 1542 2581 ap.

15 2586 212 2636 Quinctil.
237 2586 268 2625 Ι.
294 2586 364 2625 Or.
391 2586 459 2637 VI,
488 2589 528 2637 3,
556 2588 625 2628 78.
684 2586 846 2625 Nullam
866 2584 935 2624 hic
952 2585 1135 2625 lectionis
1159 2586 1403 2625 varietatem
1419 2593 1544 2625 nota-

14 2644 262 2695 tamvide03
296 2650 346 2683 ut
364 2657 439 2683 nec
464 2644 508 2683 in
527 2644 655 2683 altero
682 2644 772 2683 loco
808 2644 862 2694 X,
893 2646 933 2693 3,
962 2646 989 2686 8
1024 2644 1250 2696 Virgilium
1270 2646 1544 2696 paucissinws

15 2703 82 2742 die
108 2703 378 2753 composuisse
400 2717 537 2742 versus
556 2711 699 2741 auctor
717 2710 774 2740 est
796 2703 945 2743 Varus,

130 2770 412 2811 Indubitatum
442 2786 605 2824 quoque
636 2774 683 2812 V
677 2773 743 2810 an·
767 2784 916 2811 nomen
946 2777 1008 2810 est
1024 2784 1087 2824 ap.
1108 2770 1255 2810 Horat.
1277 2771 1307 2821 I,
1330 2774 1383 2813 18
1411 2772 1542 2809 Carm.

18 2829 221 2889 Nullam,
242 2830 392 2893 ‘Vm-e,
431 2844 562 2869 sacra.
620 2830 675 2869 Et
704 2829 834 2883 Epod.
863 2830 922 2880 V,
951 2831 1029 2879 73,
1059 2829 1132 2868 ubi
1159 2829 1327 2869 Canidia
1356 2829 1401 2868 in
1437 2841 1541 2876 eum,

15 2891 226 2938 tamquam
238 2893 541 2926 inconstantem
560 2895 805 2938 amatorem,
833 2887 973 2927 saevit.

131 2954 242 2995 Nihil
257 2955 301 2994 in
317 2954 382 2994 his
403 2947 487 3006 est,
517 2971 598 3010 quo
617 2958 878 3009 manifestum
893 2956 979 3005 fiat,
1011 2970 1064 2995 an
1085 2955 1136 2994 de
1155 2954 1298 2994 eodem
1315 2955 1424 2994 Varo
1448 2966 1543 3005 aga-

16 3019 101 3053 tur.
162 3012 246 3063 Qui
264 3012 426 3053 Horatii
442 3015 593 3055 amicus
610 3014 708 3067 suit,
736 3017 874 3069 potuit
899 3021 942 3054 et
960 3013 1115 3067 Virgilii
1143 3026 1245 3064 esse,
1278 3012 1414 3066 potuit
1434 3011 1542 3050 idem

1504 3102 1517 3132 Ι
