1768 3320
216 241 350 276 cxxn
505 224 560 275 P.
597 222 889 273 VIRGILII
924 217 1240 271 MARONIS
1278 217 1446 267 VITA

214 355 268 395 ad
287 369 378 394 eum
402 354 504 393 solet
530 353 613 392 Ecl.
643 352 707 402 111,
730 354 785 393 90
825 351 907 401 Qui
925 350 1108 387 Bavium
1134 361 1214 384 non
1229 346 1312 384 odit
1325 375 1336 395 ,
1371 352 1480 383 amec
1498 353 1571 383 tua
1589 347 1741 384 carmi-

213 428 270 452 na
282 444 293 463 ,
328 413 503 453 Mam-i!
533 411 604 450 ubi
623 410 728 449 conf.
749 408 968 460 Philargyr.
988 412 1029 444 et
1043 404 1206 444 Domitii
1229 417 1389 453 versuS,
1432 416 1534 455 quos
1562 403 1630 442 ille
1648 403 1741 443 lau·
1758 404 1762 408 '

215 472 299 511 dat.
329 470 430 511 Vide
451 470 491 509 in
513 469 677 508 Anthol.
699 469 811 506 Tom.
831 467 859 516 Ι,
880 479 968 519 pag.
987 464 1083 506 436.

817 569 877 619 U.
916 566 971 618 C.
1007 571 1124 619 722.

427 680 509 727 Cn.
542 678 782 725 Domitius
812 673 1175 721 Ahenobarbus.
1255 672 1307 720 C.
1340 671 1519 719 Sosius,

579 776 625 807 a.
652 759 703 806 C.
730 761 809 806 32.
889 756 1083 818 Virgilii
1111 756 1257 802 38-
1276 756 1356 803 39.

328 854 556 893 Inimicitiae
573 853 679 891 inter
698 852 904 889 Caesarem
921 854 959 886 et
979 847 1032 886 M.
1052 846 1279 885 Antonium
1297 845 1350 885 ad
1368 846 1521 886 bellum
1538 853 1736 901 spectant.

211 913 345 964 Magni
372 913 559 963 utrinque
582 915 795 963 apparatus
808 939 818 957 ,
851 907 900 946 de
927 906 1073 958 quibus
1094 918 1236 944 versus
1266 905 1336 944 Ge.
1355 905 1385 956 I,
1406 905 1490 948 509
1512 919 1597 958 sqq.
1622 919 1736 959 agere

211 971 422 1009 videntur:
461 971 574 1008 Hinc
600 976 730 1007 movet
762 966 990 1017 Euphrates
1003 995 1013 1014 ,
1058 964 1171 1001 illine
1200 964 1426 1018 Germania
1446 963 1617 1012 bellum‚·
1656 966 1703 1005 V
1697 966 1735 1003 i-

211 1031 326 1067 cinae
350 1030 477 1079 ruptis
504 1029 605 1065 inter
632 1041 671 1063 se
699 1024 855 1077 legibus
886 1023 998 1061 urbes
1017 1022 1149 1061 Arma
1162 1021 1332 1073 serunt,
1363 1024 1495 1062 saevit
1510 1020 1590 1070 toto
1611 1024 1736 1062 Mars

211 1089 358 1138 impias
381 1085 478 1124 orbe.
536 1083 612 1123 Alii
631 1097 771 1124 versus
790 1082 843 1121 ad
859 1096 892 1120 a.
910 1083 994 1124 717
1014 1081 1211 1119 referunt.

787 1171 790 1174 ’
813 1185 874 1235 U.
916 1183 970 1235 C.
1008 1188 1125 1235 723.

326 1295 510 1342 Caesar
537 1293 832 1341 Octavianus
855 1291 956 1339 ΙΙΙ.
1029 1291 1102 1338 Μ.
1136 1290 1361 1336 Valerius
1382 1289 1617 1339 Messala.

583 1393 626 1423 a.
657 1375 708 1423 C.
730 1376 809 1423 31.
889 1373 1085 1436 Virgilii
1114 1370 1355 1420 39—40.

317 1469 454 1521 Pugna
489 1468 599 1521 apud
639 1467 803 1507 Actium
824 1497 835 1518 ,
877 1466 990 1519 Epiri
1021 1465 1371 1519 promontorium,
1413 1478 1447 1504 a.
1471 1463 1510 1503 d.
1539 1465 1595 1505 IV
1626 1465 1730 1505 Non.

204 1527 436 1579 Septembr.,
460 1528 572 1565 cuius
600 1526 808 1580 magnifica
827 1526 897 1564 illa
919 1530 980 1563 est
1008 1524 1050 1563 in
1072 1530 1189 1562 scuto
1217 1522 1375 1562 Aeneae
1397 1521 1616 1577 descriptio
1633 1523 1729 1563 Aen:

203 1585 301 1635 VIII,
324 1588 403 1626 671
429 1599 524 1637 sqq.,
544 1586 613 1624 ubi
635 1585 718 1624 vid.
734 1585 825 1624 Not.
854 1583 908 1623 M.
931 1582 1134 1622 Antonius
1151 1582 1285 1622 victus
1304 1582 1348 1620 in
1368 1580 1598 1635 Aegyptum
1615 1582 1729 1636 fugit.

324 1645 547 1694 Virgilium
588 1645 701 1696 sequi
747 1644 918 1682 voluisse
957 1642 1194 1694 Augustum
1232 1649 1370 1679 contra
1406 1641 1632 1680 Antonium
1673 1642 1734 1680 acl

203 1700 377 1738 Actiaca
396 1701 500 1739 bella
523 1710 826 1752 properantem,
868 1702 922 1739 ait
946 1700 1089 1752 aliquis
1107 1699 1150 1738 in
1171 1699 1374 1738 Servianis
1398 1699 1451 1738 ad
1470 1699 1553 1739 Ecl.
1576 1700 1639 1749 ΙΙΙ,
1660 1698 1728 1750 74,

204 1758 371 1806 scilicet,
413 1759 751 1810 quemadmodum
797 1759 990 1798 Horatius
1036 1757 1260 1798 Maecenati
1297 1770 1431 1796 comes
1458 1770 1541 1796 esse
1565 1758 1730 1799 volebat

204 1815 329 1869 Epod.
349 1816 378 1855 Ι.

803 1909 864 1958 U.
904 1908 960 1958 C.
996 1910 1113 1959 724.

349 2000 534 2047 Caesar
561 2001 855 2050 Octavianus
866 2004 956 2052 IV.
1033 2004 1104 2052 M.
1128 2003 1343 2049 Licinias
1367 2002 1587 2050 Crassus.

561 2100 605 2132 a.
641 2085 691 2132 C.
713 2088 793 2134 30.
872 2086 1068 2149 Virgilii
1103 2086 1258 2134 40-
1279 2085 1362 2133 41,

318 2174 460 2213 Caesar
482 2182 570 2227 post
587 2177 790 2217 Actiacam
810 2193 987 2231 pugnam
1004 2193 1095 2218 cum
1115 2180 1282 2217 Samum
1298 2177 1474 2216 insulam
1494 2177 1537 2216 in
1555 2174 1727 2216 hiberna
1747 2218 1762 2220 Ὗ

203 2244 243 2267 se
270 2233 501 2283 recepisset,
540 2236 727 2275 turbatus
758 2238 910 2276 nuntiis
941 2238 990 2276 de
1026 2237 1223 2276 seditione
1252 2236 1448 2286 militum,
1490 2248 1592 2287 quos
1624 2249 1726 2274 eon—

201 2290 305 2327 secta
336 2290 505 2329 victoria
535 2293 790 2333 Brundisium
826 2296 1110 2348 praemiserat,
1148 2295 1281 2334 media
1305 2294 1438 2334 hieme
1463 2294 1614 2347 repetit
1641 2294 1726 2333 Ita-

201 2347 315 2395 liam,
358 2355 591 2401 tempestate
617 2353 656 2390 in
688 2353 862 2392 traiectu
886 2354 946 2392 bis
978 2354 1246 2393 conflictatus.
1304 2353 1387 2392 Nec
1413 2353 1726 2405 amplius-quam

201 2405 357 2444 XXVII
396 2407 477 2445 dies
513 2409 716 2448 Brundisii
754 2419 1026 2450 commoratus
1065 2413 1110 2451 in
1145 2412 1282 2451 Asiam
1327 2411 1566 2451 revertitur.
1627 2410 1726 2450 Inde

201 2464 343 2514 spretis
365 2463 527 2504 Antonii
549 2474 588 2505 et
610 2469 839 2521 Cleopatrae
857 2470 1142 2521 legationibus,
1173 2470 1404 2524 Aegyptum
1428 2469 1553 2524 petit,
1585 2469 1724 2508 obses-

201 2534 321 2585 saque
349 2521 612 2575 Alexandria,
653 2541 732 2577 quo
764 2528 965 2567 Antonius
996 2535 1035 2567 et
1052 2530 1264 2582 Cleopatra
1289 2529 1579 2582 confugerant,
1607 2527 1725 2568 brevi

200 2584 353 2630 potitus
371 2587 441 2619 est.

314 2637 453 2688 Itaque
484 2641 755 2679 narratio'illa
785 2643 931 2681 Donat-i
957 2643 1050 2682 Vita
1083 2645 1239 2697 Virgilii
1265 2644 1308 2699 ᾗ.
1339 2645 1397 2687 42
1434 2645 1484 2683 de
1509 2643 1723 2696 praelectis

199 2694 357 2733 Caesari
378 2695 528 2734 Atellae
561 2698 815 2738 decumbenti
834 2702 1034 2753 Georgicis
1057 2703 1211 2741 nullam
1230 2703 1354 2743 fidem
1374 2703 1509 2742 habet.
1590 2745 1594 2748 ,

312 2753 494 2806 Aegypto
527 2755 569 2792 in
596 2757 826 2807 provinciae
865 2761 1033 2798 sormam
1062 2761 1250 2800 redactae
1274 2762 1510 2802 Cornelium
1546 2760 1720 2809 Gallum,

196 2811 371 2871 equitem
392 2813 452 2860 R„
474 2813 723 2852 Praefectum
744 2816 855 2854 (ledit
868 2833 878 2867 3
910 2817 958 2854 de
981 2832 1060 2869 quo
1082 2819 1164 2858 vid.
1187 2821 1239 2858 ad
1260 2821 1341 2860 Ecl.
1370 2821 1410 2859 X
1432 2826 1471 2858 et
1490 2819 1556 2867 VI,
1571 2816 1639 2860 64.
1653 2820 1720 2860 72·

197 2868 414 2908 Fontanini
432 2870 523 2909 hist.
548 2872 623 2910 litt.
646 2871 813 2924 Aquilei.
838 2889 874 2926 p.
906 2874 967 2916 14.
994 2877 1057 2918 15.
1117 2878 1268 2918 Fuerat
1289 2879 1412 2919 huius
1436 2877 1541 2917 Galli
1555 2875 1720 2928 insignis

197 2928 389 3028 opegassin
424 2928 606 2982 Aegypto
646 2932 885 2984 recipienda.
928 2933 1011 2972 vid.
1055 2935 1127 2973 Dio
1160 2937 1230 2987 LI,
1260 2940 1298 2980 9.
1329 2934 1535 2976 Plutarch.
1567 2934 1719 2973 Anton.
