1734 3320
319 179 807 257 GEofnfflcoN
840 181 983 232 LIB.
1010 182 1087 246 11,
1122 185 1345 235 48—57

70 311 301 374 Inserat,
337 317 428 359 aut
443 307 724 358 scrobibus
745 307 971 358 mandet
988 317 1190 359 mutata
1210 309 1457 374 subactis

1496 189 1595 238 401

1527 315 1596 364 50

69 379 332 430 Exuerint
350 377 648 429 silvestrem
669 377 936 438 animu1n3
974 377 1231 446 cultuque
1253 378 1529 448 frequenti

68 452 134 500 In
165 444 531 517 quascumque
551 464 713 498 voces
731 448 854 497 artis
875 447 1023 498 haud
1046 449 1196 499 tarda
1218 459 1527 531 sequentur.

67 523 182 571 Nec
199 535 314 569 non
333 527 388 568 et
410 518 627 583 steriIiS,
666 535 802 586 quae
822 518 1077 585 stirpibus
1100 519 1204 570 exit
1228 519 1331 569 ab
1317 520 1454 584 1mi5‚

68 592 198 640 Hoc
209 587 392 653 saciet,
429 604 625 639 vacuos
648 589 690 638 si
712 590 778 638 sit
798 588 999 654 digesta
1017 605 1119 655 per
1138 605 1314 655 agros·

67 662 224 711 Nunc
245 659 316 708 alt
319 675 379 710 ιο
399 656 628 709 frondes
652 668 706 709 et
727 660 863 709 rami
891 660 1075 709 matris
1098 668 1339 728 opacant,

70 729 455 797 crescentique
479 728 725 779 adimunt
743 727 910 792 fetuS‚
946 739 1190 798 uruntqu

1530 663 1598 714 55

1194 747 1223 780 c
1243 729 1530 783 ferentem.

138 802 278 866 Iam,
315 809 453 868 quae
478 799 774 850 seminibus
795 800 940 850 iactis
958 816 1016 850 se
1038 800 1248 851 sustulit
1273 799 1447 866 arbOS‚

113 929 163 965 50
183 937 226 963 ac
238 929 381 974 Menag.
400 934 439 963 et
455 928 617 964 Parrhas.
648 928 831 963 mundata
846 928 976 962 Mox-et.
998 941 1069 963 sec.
1103 930 1254 964 mandet
1269 929 1389 963 multa
1406 937 1490 963 arte
1505 928 1596 963 sub-

67 977 164 1011 actis
180 975 344 1011 Reiskius
364 975 589 1010 conficiebat.
636 978 685 1010 At
699 988 733 1010 v.
751 976 799 1012 33
814 984 1015 1022 mutatamq

747 1023 795 1058 52
817 1023 880 1057 Ad
900 1035 1140 1077 quascunque
1162 1024 1288 1069 fragm.

67 1022 112 1059 51
138 1023 240 1058 culto
265 1035 337 1070 que
356 1023 447 1057 Gnd.
473 1035 495 1057 a
520 1035 567 1057 ιιι.
598 1034 653 1068 pr.

1017 989 1063 1010 ue
1081 977 1196 1011 inszta
1215 977 1315 1011 mala
1332 979 1447 1010 Ferre
1456 964 1633 1024 pirum.

1315 1025 1445 1058 Moret.
1492 1025 1597 1059 voles

65 1070 197 1105 Medic.
215 1077 250 1104 et
267 1070 358 1105 Gud.
375 1083 399 1106 a
413 1082 460 1104 ιιι.
479 1082 548 1104 sec.
597 1072 716 1115 (artes
737 1069 868 1104 Medic.
907 1070 1002 1114 Wr.)
1051 1073 1110 1105 Sic
1130 1078 1166 1105 et
1186 1071 1291 1105 codd.
1318 1071 1413 1116 apud
1429 1070 1595 1114 Pieriam,

66 1129 133 1152 nec
156 1129 230 1151 non
252 1118 365 1158 velam
406 1117 471 1151 sed
497 1117 637 1151 doctius
665 1118 824 1152 alterum.
864 1117 958 1150 conf.
987 1118 1102 1152 Burm.
1151 1126 1358 1164 sequantur
1380 1119 1511 1153 Moret.
1538 1130 1594 1164 pr.

67 1173 277 1211 sequuntur·
293 1176 364 1199 sec.
457 1163 505 1200 54
519 1163 646 1211 saciat
658 1164 787 1198 Medic.
811 1177 832 1198 a
851 1176 896 1197 m.
913 1176 968 1209 pr.
989 1171 1026 1198 et
1044 1165 1136 1199 Gud.
1178 1164 1320 1210 (faciat
1336 1164 1457 1211 prior,
1473 1164 1596 1212 samec

66 1211 182 1246 altera
206 1211 315 1247 lectio
341 1211 470 1245 Medic.
512 1212 609 1256 Wr.)

65 1258 212 1294 Wakef.
235 1260 274 1293 P.
287 1252 391 1304 ΠΡ

658 1212 815 1246 disiecta
841 1211 897 1245 ed.
921 1213 1012 1246 Ven.

394 1257 470 1294 .45
499 1265 537 1293 et
564 1270 648 1292 mox
672 1267 846 1293 uruntve.

66 1302 178 1340 Goth.
198 1318 270 1340 sec.
293 1318 316 1340 a
332 1318 378 1339 m.
402 1318 494 1349 sec.,
520 1311 558 1340 et
580 1309 862 1352 Crescente-sque
880 1312 1032 1351 quatuor
1051 1306 1145 1352 apud
1161 1307 1345 1340 Burmann.

1108 1212 1153 1248 55
1178 1213 1292 1246 Nunc
1316 1213 1418 1266 lafae
1430 1211 1596 1258 frondes

942 1258 990 1295 56
1015 1261 1290 1305 Crescentisque
1306 1258 1481 1348 qnimffe’
1516 1271 1595 1294 cum

1425 1318 1468 1341 00
1486 1306 1594 1341 etiam

65 1353 200 1398 Regius
214 1359 252 1387 et
271 1353 475 1398 cantabrig.
493 1353 683 1387 habebant.
753 1353 799 1388 57
824 1353 921 1386 Nam
940 1353 1030 1386 Gud.
1050 1359 1087 1387 et
1106 1359 1181 1387 tres
1200 1352 1262 1387 alii
1283 1365 1340 1398 ap.
1360 1354 1499 1395 num,
1521 1353 1593 1388 duo

65 1412 124 1446 a.p
141 1400 286 1435 Martin-
308 1406 349 1434 et
371 1407 457 1434 vett.
490 1401 572 1435 edd.
606 1400 666 1446 (de
691 1406 871 1446 potestate
898 1399 1094 1445 particulae
1120 1401 1194 1434 iam
1219 1400 1290 1434 vid.
1310 1401 1356 1442 Q.
1375 1401 1419 1436 V.
1436 1401 1592 1455 XXIIII,

64 1448 100 1483 9.
130 1449 228 1494 Wr.)
277 1447 447 1494 Namque
466 1455 614 1494 uterque
635 1447 745 1482 Goth.

64 1580 188 1619 quam
207 1566 311 1606 bene
328 1564 431 1605 fiat·
419 1580 576 1619 ignoro.
629 1567 686 1605 Ut
704 1580 799 1606 mu-

65 1633 155 1664 tata
172 1625 226 1664 sit
242 1623 442 1664 mutando
452 1655 463 1675 ‚
493 1625 553 1664 ita
569 1630 619 1664 ut
634 1631 801 1664 muten-

64 1689 157 1734 tur,
185 1683 250 1723 uti
277 1689 399 1722 antea
422 1683 687 1736 accipiebam,
719 1683 801 1722 du-

62 1741 167 1781 riter
184 1741 312 1780 fieret.
371 1741 717 1794 simplicissimum
742 1747 801 1780 est

64 1808 224 1838 mutata
240 1799 420 1853 accipere
439 1800 529 1839 loco
548 1806 723 1866 mutato,
747 1813 800 1838 ex

64 1872 139 1897 suo
157 1858 248 1897 loco
264 1851 513 1911 transposita
530 1863 572 1896 et
593 1859 637 1897 in
657 1858 800 1897 scrobe

62 1916 268 1970 plantata:
296 1930 391 1956 nam
408 1916 492 1955 sola
508 1916 797 1970 transpositio-

65 1987 118 2023 ne
149 1974 343 2021 arborum
369 1974 615 2014 silvestrium
650 1980 800 2013 natura

62 2033 267 2083 mitescit,
306 2033 392 2072 solo
413 2063 425 2083 ,
470 2033 580 2072 caelo
599 2063 612 2083 ,
663 2033 800 2071 cultu:

65 2105 146 2143 qua
176 2091 227 2130 de
252 2104 299 2130 re
328 2091 413 2130 vid.
442 2097 625 2143 agentem
661 2089 800 2129 Theo-

62 2147 221 2202 phrast.
252 2149 303 2187 de
331 2149 467 2188 causs.
492 2149 624 2188 Plant.
644 2149 712 2199 III,
728 2151 798 2191 23.

62 2207 155 2246 ubi:
186 2203 292 2256 ὅλως
318 2207 364 2248 δὲ
392 2207 439 2247 αἱ
466 2206 685 2260 μεταβολαὶ
716 2209 799 2248 τῶν

64 2263 247 2319 δένδρων
270 2264 505 2318 (γίνονται)
537 2262 606 2316 διαὶ
631 2262 705 2313 vde
727 2269 800 2306 θε-

64 2323 247 2377 ραπείας.
292 2322 395 2362 Plin.
421 2323 557 2376 XVII,
590 2325 657 2373 10,
689 2337 719 2361 s,
744 2325 797 2365 12

63 2382 137 2434 qui
164 2382 355 2419 transitus
385 2383 533 2419 mirum
563 2382 607 2418 in
632 2381 798 2418 modum

62 2441 228 2491 mitigat
256 2440 381 2477 etiam
400 2439 612 2478 silvestres.
645 2438 798 2477 scrobes

63 2496 235 2546 subacti,
267 2502 318 2535 ut
348 2502 457 2535 terra
487 2497 666 2546 subacta,
693 2509 796 2549 quae

63 2554 232 2594 foditur.
273 2552 487 2608 (Opposita
505 2569 589 2594 non
607 2562 796 2594 accurate

64 2611 248 2661 elocutus
268 2619 328 2651 est
345 2612 482 2663 Mar03
518 2613 682 2652 arbores
700 2619 796 2666 post

62 2670 291 2709 insitionem
317 2677 390 2710 aut
419 2672 504 2710 solo
524 2686 598 2711 suo
626 2677 797 2724 possunt

62 2727 251 2779 relinqui,
281 2735 354 2768 aut
370 2729 447 2768 alio
464 2730 689 2779 transferri,
707 2729 749 2768 h.
762 2742 795 2768 e.

64 2786 258 2824 mandari
272 2786 471 2825 scrobibus
487 2787 674 2837 subactis,
687 2787 794 2826 mol-

63 2843 159 2882 litis.
190 2843 270 2881 Cic.
304 2844 355 2882 de
383 2846 538 2884 Senect.
581 2847 671 2896 XV,
703 2846 795 2888 51.:

65 2910 197 2952 „terra
213 2903 368 2953 gremio
388 2904 542 2941 mollito
566 2918 619 2942 ac·
631 2903 795 2942 subacto

65 2973 199 2997 semen
228 2961 436 3010 excepit.“
473 2962 545 3000 W
539 2961 603 2999 ch.
619 2959 657 3016 )¹
696 2961 796 3001 Mox

133 3028 344 3078 Vnica.
382 3028 524 3076 ΤοΜ.
560 3027 599 3077 Ι.

860 1568 1023 1604 animus
1066 1565 1267 1618 eleganter
1300 1579 1377 1619 pro
1421 1572 1591 1618 natura,

857 1624 1019 1677 ingenio
1073 1624 1279 1663 arborum.
1356 1624 1425 1667 52.
1465 1634 1590 1676 artes,

858 1682 1023 1732 modos,
1066 1682 1200 1721 cultus
1217 1680 1455 1722 artificiales.
1486 1684 1592 1722 Sua-

856 1740 983 1779 viter!
1013 1753 1286 1792 quascumque
1306 1746 1415 1779 artes
1431 1740 1485 1779 ad
1501 1755 1592 1779 ma-

856 1799 984 1837 iorem
1015 1812 1155 1837 earum
1204 1798 1362 1837 cultum
1386 1798 1592 1850 adhibeas,

856 1857 1026 1896 feliciter
1044 1856 1118 1895 tibi
1135 1856 1350 1896 succedere
1365 1856 1533 1896 videbis.

915 1915 1120 1958 53—56.
1158 1912 1272 1953 Alius
1296 1914 1443 1954 modus
1468 1915 1591 1954 silve-

857 1973 1010 2012 stribus
1047 1972 1261 2012 arboribus
1295 1973 1436 2012 mitem
1464 1979 1591 2012 natu-

855 2045 946 2070 ram
965 2030 1163 2069 induendi
1180 2036 1266 2080 est,
1296 2031 1329 2070 si
1347 2032 1524 2070 stolones
1539 2031 1590 2070 ab

855 2089 993 2128 radice
1017 2088 1266 2141 pullulantes
1296 2086 1588 2143 (v.17—19)

855 2147 900 2186 in
931 2160 1118 2199 campum
1138 2159 1316 2185 vacuum
1341 2153 1383 2185 et
1403 2147 1447 2186 in
1464 2147 1590 2186 solem

855 2205 1177 2254 transferentur,
1216 2218 1310 2243 cum
1352 2204 1449 2257 ipsis
1479 2219 1591 2244 nunc

854 2263 1001 2302 umbra
1022 2261 1167 2301 matris
1186 2268 1354 2312 noceat,
1382 2269 1434 2302 ut
1458 2262 1589 2302 adulti

856 2327 927 2360 aut
959 2321 1093 2360 nullos
1121 2320 1282 2359 fructus
1318 2321 1451 2359 serant
1463 2351 1476 2370 ,
1517 2327 1590 2360 aut

853 2380 1036 2432 maligne.
1095 2378 1212 2427 Quae
1243 2378 1384 2417 eadem
1414 2392 1479 2418 res
1511 2378 1589 2417 do—

855 2438 939 2477 cuit
966 2437 1167 2490 plantaria
1204 2442 1239 2474 et
1280 2437 1494 2476 seminaria
1521 2437 1589 2475 in-

853 2496 1041 2535 stituere:
1084 2495 1133 2534 cf.
1161 2494 1262 2533 Plin.
1288 2494 1426 2545 XVII,
1462 2497 1535 2544 10,
1557 2508 1588 2534 3.

857 2557 923 2595 12.
948 2556 1014 2595 13.
1038 2559 1078 2591 et
1111 2566 1197 2605 cap.
1223 2554 1291 2602 13,
1322 2566 1352 2592 3.
1371 2556 1442 2594 21.
1471 2554 1588 2590 steri-

853 2612 929 2650 lis.-
962 2609 1294 2650 substituendum
1307 2608 1409 2651 xmo?
1427 2608 1472 2652 τὸ
1493 2625 1589 2662 νοη-

852 2666 948 2719 τόν,
977 2669 1108 2708 arbos.
1141 2666 1309 2722 (Nune,
1338 2668 1423 2708 vid.
1443 2674 1588 2707 notata

853 2727 907 2766 ad
928 2728 1012 2766 Ecl.
1032 2727 1086 2777 X,
1104 2725 1174 2770 45.
1209 2724 1330 2780 Wr.)
1347 2726 1488 2778 fiius,
1518 2738 1588 2763 ar-

851 2786 1000 2825 borum
1022 2785 1202 2834 fructus,
1233 2796 1369 2836 saepe,
1401 2790 1448 2822 ut
1465 2795 1588 2834 supra

851 2844 882 2895 Ι,
899 2844 968 2887 55.
997 2843 1093 2882 infr.
1114 2842 1212 2884 429.
1245 2856 1355 2879 urere
1372 2854 1470 2880 vero
1490 2852 1587 2891 per-

852 2916 977 2954 quam
1008 2899 1312 2941 accommodate
1350 2898 1400 2936 de
1428 2896 1587 2936 subdu-

853 2967 920 3000 cto
938 2972 1071 3000 succe.
1101 2956 1238 3012 (um-nt
1251 2956 1455 3007 serentem
1481 2967 1587 3006 quo-

1236 3023 1305 3070 26
