<?xml version="1.0" encoding="UTF-8"?>
<!DOCTYPE html PUBLIC "-//W3C//DTD XHTML 1.0 Transitional//EN"
    "http://www.w3.org/TR/xhtml1/DTD/xhtml1-transitional.dtd">
<html xmlns="http://www.w3.org/1999/xhtml" xml:lang="en" lang="en">
 <head>
  <title>
</title>
<meta http-equiv="Content-Type" content="text/html;charset=utf-8" />
  <meta name='ocr-system' content='tesseract 3.04.00' />
  <meta name='ocr-capabilities' content='ocr_page ocr_carea ocr_par ocr_line ocrx_word'/>
</head>
<body>
  <div class='ocr_page' id='page_1' title='image "./publiusvirgilius01virguoft_0545.png"; bbox 0 0 1734 3320; ppageno 0'>
   <div class='ocr_carea' id='block_1_1' title="bbox 292 207 1376 286">
    <p class='ocr_par' dir='ltr' id='par_1_1' title="bbox 292 207 1376 286">
     <span class='ocr_line' id='line_1_1' title="bbox 292 207 1376 286; baseline 0 -17"><span class='ocrx_word' id='word_1_1' title='bbox 292 207 781 275; x_wconf 63' lang='lat' dir='ltr'><strong>oEoRfflcoN</strong></span> <span class='ocrx_word' id='word_1_2' title='bbox 814 214 957 266; x_wconf 74' lang='grc' dir='ltr'><strong>ΜΒ.</strong></span> <span class='ocrx_word' id='word_1_3' title='bbox 992 215 1041 278; x_wconf 87' lang='lat'><strong>1,</strong></span> <span class='ocrx_word' id='word_1_4' title='bbox 1079 217 1376 286; x_wconf 83' lang='lat'><strong>471-486</strong></span> 
     </span>
    </p>
   </div>
   <div class='ocr_carea' id='block_1_2' title="bbox 1492 223 1594 271">
    <p class='ocr_par' dir='ltr' id='par_1_2' title="bbox 1492 223 1594 271">
     <span class='ocr_line' id='line_1_2' title="bbox 1492 223 1594 271; baseline 0 0"><span class='ocrx_word' id='word_1_5' title='bbox 1492 223 1594 271; x_wconf 83' lang='lat'><strong>377</strong></span> 
     </span>
    </p>
   </div>
   <div class='ocr_carea' id='block_1_3' title="bbox 69 340 1493 478">
    <p class='ocr_par' dir='ltr' id='par_1_3' title="bbox 69 340 1493 478">
     <span class='ocr_line' id='line_1_3' title="bbox 70 340 1271 410; baseline -0.006 -13"><span class='ocrx_word' id='word_1_6' title='bbox 70 345 279 397; x_wconf 83' lang='lat' dir='ltr'>Proluit</span> <span class='ocrx_word' id='word_1_7' title='bbox 297 345 485 394; x_wconf 87' lang='lat' dir='ltr'><strong>insano</strong></span> <span class='ocrx_word' id='word_1_8' title='bbox 510 351 878 410; x_wconf 80' lang='lat' dir='ltr'>contorquens</span> <span class='ocrx_word' id='word_1_9' title='bbox 897 340 1096 391; x_wconf 80' lang='lat' dir='ltr'><strong>vertice</strong></span> <span class='ocrx_word' id='word_1_10' title='bbox 1117 340 1271 391; x_wconf 86' lang='lat' dir='ltr'><strong>silvas</strong></span> 
     </span>
     <span class='ocr_line' id='line_1_4' title="bbox 69 412 1493 478; baseline -0.003 -11"><span class='ocrx_word' id='word_1_11' title='bbox 69 416 388 467; x_wconf 82' lang='lat' dir='ltr'><strong>Fluviorum</strong></span> <span class='ocrx_word' id='word_1_12' title='bbox 404 430 498 464; x_wconf 85' lang='lat' dir='ltr'><strong>rex</strong></span> <span class='ocrx_word' id='word_1_13' title='bbox 515 412 803 473; x_wconf 78' lang='lat' dir='ltr'><strong>Eridanu5‚</strong></span> <span class='ocrx_word' id='word_1_14' title='bbox 841 427 1172 478; x_wconf 88' lang='lat' dir='ltr'><strong>camposque</strong></span> <span class='ocrx_word' id='word_1_15' title='bbox 1191 428 1292 477; x_wconf 89' lang='lat' dir='ltr'><strong>per</strong></span> <span class='ocrx_word' id='word_1_16' title='bbox 1316 414 1493 463; x_wconf 91' lang='lat' dir='ltr'><strong>omnis</strong></span> 
     </span>
    </p>
   </div>
   <div class='ocr_carea' id='block_1_4' title="bbox 73 481 865 538">
    <p class='ocr_par' dir='ltr' id='par_1_4' title="bbox 73 481 865 538">
     <span class='ocr_line' id='line_1_5' title="bbox 73 481 865 538; baseline -0.005 0"><span class='ocrx_word' id='word_1_17' title='bbox 73 488 214 538; x_wconf 86' lang='lat' dir='ltr'><strong>Cum</strong></span> <span class='ocrx_word' id='word_1_18' title='bbox 230 483 450 535; x_wconf 86' lang='lat' dir='ltr'><strong>stabulis</strong></span> <span class='ocrx_word' id='word_1_19' title='bbox 470 492 711 533; x_wconf 81' lang='lat' dir='ltr'><strong>armenta</strong></span> <span class='ocrx_word' id='word_1_20' title='bbox 733 481 865 534; x_wconf 81' lang='lat' dir='ltr'><strong>tulit.</strong></span> 
     </span>
    </p>
   </div>
   <div class='ocr_carea' id='block_1_5' title="bbox 936 483 1551 547">
    <p class='ocr_par' dir='ltr' id='par_1_5' title="bbox 936 483 1551 547">
     <span class='ocr_line' id='line_1_6' title="bbox 936 483 1551 547; baseline 0.003 -15"><span class='ocrx_word' id='word_1_21' title='bbox 936 485 1050 532; x_wconf 86' lang='lat' dir='ltr'><strong>Nec</strong></span> <span class='ocrx_word' id='word_1_22' title='bbox 1072 489 1326 547; x_wconf 83' lang='lat' dir='ltr'><strong>tempore</strong></span> <span class='ocrx_word' id='word_1_23' title='bbox 1350 483 1551 534; x_wconf 88' lang='lat' dir='ltr'><strong>eodem</strong></span> 
     </span>
    </p>
   </div>
   <div class='ocr_carea' id='block_1_6' title="bbox 72 551 1364 619">
    <p class='ocr_par' dir='ltr' id='par_1_6' title="bbox 72 551 1364 619">
     <span class='ocr_line' id='line_1_7' title="bbox 72 551 1364 619; baseline -0.004 -13"><span class='ocrx_word' id='word_1_24' title='bbox 72 555 337 607; x_wconf 83' lang='lat' dir='ltr'><strong>Tristibus</strong></span> <span class='ocrx_word' id='word_1_25' title='bbox 359 562 449 603; x_wconf 83' lang='lat' dir='ltr'><strong>aut</strong></span> <span class='ocrx_word' id='word_1_26' title='bbox 473 554 600 604; x_wconf 82' lang='lat' dir='ltr'><strong>extis</strong></span> <span class='ocrx_word' id='word_1_27' title='bbox 623 551 794 603; x_wconf 83' lang='lat' dir='ltr'><strong>fibrae</strong></span> <span class='ocrx_word' id='word_1_28' title='bbox 820 551 1079 619; x_wconf 83' lang='lat' dir='ltr'>adparere</span> <span class='ocrx_word' id='word_1_29' title='bbox 1101 551 1364 616; x_wconf 81' lang='lat' dir='ltr'><strong>minaceS‚</strong></span> 
     </span>
    </p>
   </div>
   <div class='ocr_carea' id='block_1_7' title="bbox 44 620 1600 839">
    <p class='ocr_par' dir='ltr' id='par_1_7' title="bbox 44 620 1600 839">
     <span class='ocr_line' id='line_1_8' title="bbox 70 620 1600 693; baseline -0.001 -16"><span class='ocrx_word' id='word_1_30' title='bbox 70 628 178 678; x_wconf 84' lang='lat' dir='ltr'><strong>Aut</strong></span> <span class='ocrx_word' id='word_1_31' title='bbox 201 624 377 693; x_wconf 81' lang='lat' dir='ltr'><strong>puteis</strong></span> <span class='ocrx_word' id='word_1_32' title='bbox 394 640 615 673; x_wconf 85' lang='lat' dir='ltr'><strong>manare</strong></span> <span class='ocrx_word' id='word_1_33' title='bbox 639 639 800 674; x_wconf 91' lang='lat' dir='ltr'><strong>cruor</strong></span> <span class='ocrx_word' id='word_1_34' title='bbox 816 621 1059 686; x_wconf 83' lang='lat' dir='ltr'><strong>cessavit,</strong></span> <span class='ocrx_word' id='word_1_35' title='bbox 1092 629 1147 671; x_wconf 82' lang='lat' dir='ltr'><strong>et</strong></span> <span class='ocrx_word' id='word_1_36' title='bbox 1168 620 1302 672; x_wconf 83' lang='lat' dir='ltr'><strong>altae</strong></span> <span class='ocrx_word' id='word_1_37' title='bbox 1496 625 1600 675; x_wconf 89' lang='lat'><strong>485</strong></span> 
     </span>
     <span class='ocr_line' id='line_1_9' title="bbox 69 691 1486 761; baseline -0.002 -14"><span class='ocrx_word' id='word_1_38' title='bbox 69 699 177 747; x_wconf 86' lang='lat' dir='ltr'><strong>Per</strong></span> <span class='ocrx_word' id='word_1_39' title='bbox 194 703 417 746; x_wconf 84' lang='lat' dir='ltr'><strong>noctem</strong></span> <span class='ocrx_word' id='word_1_40' title='bbox 433 710 689 744; x_wconf 85' lang='lat' dir='ltr'><strong>resonare</strong></span> <span class='ocrx_word' id='word_1_41' title='bbox 707 693 847 761; x_wconf 92' lang='lat' dir='ltr'><strong>lupis</strong></span> <span class='ocrx_word' id='word_1_42' title='bbox 872 691 1200 743; x_wconf 85' lang='lat' dir='ltr'><strong>ululantibus</strong></span> <span class='ocrx_word' id='word_1_43' title='bbox 1217 691 1396 744; x_wconf 83' lang='lat' dir='ltr'><strong>urbeS.</strong></span> <span class='ocrx_word' id='word_1_44' title='bbox 1479 720 1486 728; x_wconf 86' lang='lat'><strong>·</strong></span> 
     </span>
     <span class='ocr_line' id='line_1_10' title="bbox 44 775 1565 839; baseline -0.005 -8"><span class='ocrx_word' id='word_1_45' title='bbox 44 775 46 779; x_wconf 68' lang='grc'>’</span> <span class='ocrx_word' id='word_1_46' title='bbox 140 779 258 830; x_wconf 88' lang='grc'><strong>485.</strong></span> <span class='ocrx_word' id='word_1_47' title='bbox 295 791 573 839; x_wconf 76' lang='lat' dir='ltr'>GESSAV1T3</span> <span class='ocrx_word' id='word_1_48' title='bbox 656 780 773 828; x_wconf 88' lang='grc'><strong>486.</strong></span> <span class='ocrx_word' id='word_1_49' title='bbox 799 789 1112 839; x_wconf 59' lang='lat' dir='ltr'><strong>numism,</strong></span> <span class='ocrx_word' id='word_1_50' title='bbox 1182 787 1565 838; x_wconf 62' lang='lat' dir='ltr'><strong>mmmmm,</strong></span> 
     </span>
    </p>
   </div>
   <div class='ocr_carea' id='block_1_8' title="bbox 62 877 1603 2153">
    <p class='ocr_par' dir='ltr' id='par_1_8' title="bbox 62 877 1603 2153">
     <span class='ocr_line' id='line_1_11' title="bbox 116 877 1600 927; baseline -0.003 -9"><span class='ocrx_word' id='word_1_51' title='bbox 116 881 187 919; x_wconf 80' lang='lat'><strong>481</strong></span> <span class='ocrx_word' id='word_1_52' title='bbox 212 883 369 917; x_wconf 76' lang='lat' dir='ltr'><strong>Premit</strong></span> <span class='ocrx_word' id='word_1_53' title='bbox 385 882 505 917; x_wconf 88' lang='lat' dir='ltr'><strong>Schol.</strong></span> <span class='ocrx_word' id='word_1_54' title='bbox 527 882 655 927; x_wconf 87' lang='lat' dir='ltr'><strong>Cruqu.</strong></span> <span class='ocrx_word' id='word_1_55' title='bbox 681 881 808 915; x_wconf 81' lang='lat' dir='ltr'><strong>Horat.</strong></span> <span class='ocrx_word' id='word_1_56' title='bbox 829 881 941 914; x_wconf 88' lang='lat' dir='ltr'><strong>Carm.</strong></span> <span class='ocrx_word' id='word_1_57' title='bbox 958 881 1021 923; x_wconf 76' lang='lat' dir='ltr'><strong>IV,</strong></span> <span class='ocrx_word' id='word_1_58' title='bbox 1044 878 1079 915; x_wconf 85' lang='lat'><strong>4.</strong></span> <span class='ocrx_word' id='word_1_59' title='bbox 1110 877 1184 913; x_wconf 80' lang='lat' dir='ltr'><strong>vid.</strong></span> <span class='ocrx_word' id='word_1_60' title='bbox 1201 880 1319 914; x_wconf 87' lang='lat' dir='ltr'><strong>Burm.</strong></span> <span class='ocrx_word' id='word_1_61' title='bbox 1367 880 1508 914; x_wconf 74' lang='lat' dir='ltr'><strong>vortice</strong></span> <span class='ocrx_word' id='word_1_62' title='bbox 1526 877 1600 913; x_wconf 84' lang='lat' dir='ltr'><strong>alii.</strong></span> 
     </span>
     <span class='ocr_line' id='line_1_12' title="bbox 71 926 1602 976; baseline -0.003 -12"><span class='ocrx_word' id='word_1_63' title='bbox 71 929 226 976; x_wconf 75' lang='lat' dir='ltr'><strong>(vertice</strong></span> <span class='ocrx_word' id='word_1_64' title='bbox 250 941 372 964; x_wconf 85' lang='lat' dir='ltr'><strong>omnes</strong></span> <span class='ocrx_word' id='word_1_65' title='bbox 391 930 496 964; x_wconf 86' lang='lat' dir='ltr'>codd.</span> <span class='ocrx_word' id='word_1_66' title='bbox 512 929 637 963; x_wconf 84' lang='lat' dir='ltr'><strong>Heins-</strong></span> <span class='ocrx_word' id='word_1_67' title='bbox 667 929 764 967; x_wconf 54' lang='lat' dir='ltr'><strong>Wr.)</strong></span> <span class='ocrx_word' id='word_1_68' title='bbox 797 928 869 961; x_wconf 84' lang='lat' dir='ltr'><strong>vid.</strong></span> <span class='ocrx_word' id='word_1_69' title='bbox 891 927 997 961; x_wconf 88' lang='lat' dir='ltr'><strong>eund.</strong></span> <span class='ocrx_word' id='word_1_70' title='bbox 1045 926 1114 973; x_wconf 78' lang='lat' dir='ltr'><strong>(Ad</strong></span> <span class='ocrx_word' id='word_1_71' title='bbox 1133 929 1220 960; x_wconf 85' lang='lat' dir='ltr'><strong>Aen.</strong></span> <span class='ocrx_word' id='word_1_72' title='bbox 1238 927 1267 969; x_wconf 92' lang='grc' dir='ltr'><strong>Ι,</strong></span> <span class='ocrx_word' id='word_1_73' title='bbox 1287 928 1390 968; x_wconf 72' lang='lat'><strong>117.‚:</strong></span> <span class='ocrx_word' id='word_1_74' title='bbox 1413 927 1602 974; x_wconf 80' lang='lat' dir='ltr'><strong>„rapidus</strong></span> 
     </span>
     <span class='ocr_line' id='line_1_13' title="bbox 70 972 1602 1024; baseline -0.003 -13"><span class='ocrx_word' id='word_1_75' title='bbox 70 985 185 1011; x_wconf 77' lang='lat' dir='ltr'><strong>vorat</strong></span> <span class='ocrx_word' id='word_1_76' title='bbox 203 989 366 1024; x_wconf 81' lang='lat' dir='ltr'><strong>aequore</strong></span> <span class='ocrx_word' id='word_1_77' title='bbox 391 979 554 1011; x_wconf 59' lang='grc' dir='ltr'><strong>νει-κατ’(</strong></span> <span class='ocrx_word' id='word_1_78' title='bbox 578 976 668 1009; x_wconf 84' lang='lat' dir='ltr'><strong>haec</strong></span> <span class='ocrx_word' id='word_1_79' title='bbox 696 974 820 1009; x_wconf 85' lang='lat' dir='ltr'><strong>scribit</strong></span> <span class='ocrx_word' id='word_1_80' title='bbox 846 974 1031 1009; x_wconf 78' lang='lat' dir='ltr'><strong>Heinsius:</strong></span> <span class='ocrx_word' id='word_1_81' title='bbox 1066 973 1278 1018; x_wconf 85' lang='lat' dir='ltr'><strong>„Mediceus</strong></span> <span class='ocrx_word' id='word_1_82' title='bbox 1307 981 1344 1008; x_wconf 91' lang='lat' dir='ltr'><strong>et</strong></span> <span class='ocrx_word' id='word_1_83' title='bbox 1373 973 1434 1007; x_wconf 85' lang='lat' dir='ltr'><strong>hic</strong></span> <span class='ocrx_word' id='word_1_84' title='bbox 1454 980 1490 1007; x_wconf 88' lang='lat' dir='ltr'><strong>et</strong></span> <span class='ocrx_word' id='word_1_85' title='bbox 1513 972 1602 1008; x_wconf 84' lang='lat' dir='ltr'><strong>alibi</strong></span> 
     </span>
     <span class='ocr_line' id='line_1_14' title="bbox 70 1021 1602 1070; baseline -0.003 -12"><span class='ocrx_word' id='word_1_86' title='bbox 70 1035 231 1070; x_wconf 78' lang='lat' dir='ltr'><strong>semper,</strong></span> <span class='ocrx_word' id='word_1_87' title='bbox 254 1023 396 1070; x_wconf 84' lang='lat' dir='ltr'><strong>quoties</strong></span> <span class='ocrx_word' id='word_1_88' title='bbox 415 1035 459 1057; x_wconf 81' lang='lat' dir='ltr'><strong>ea</strong></span> <span class='ocrx_word' id='word_1_89' title='bbox 482 1036 552 1058; x_wconf 81' lang='lat' dir='ltr'><strong>vox</strong></span> <span class='ocrx_word' id='word_1_90' title='bbox 573 1023 642 1057; x_wconf 89' lang='lat' dir='ltr'><strong>hac</strong></span> <span class='ocrx_word' id='word_1_91' title='bbox 659 1022 916 1068; x_wconf 84' lang='lat' dir='ltr'><strong>significatione</strong></span> <span class='ocrx_word' id='word_1_92' title='bbox 938 1021 1106 1065; x_wconf 84' lang='lat' dir='ltr'><strong>offertur,</strong></span> <span class='ocrx_word' id='word_1_93' title='bbox 1138 1023 1303 1055; x_wconf 75' lang='lat' dir='ltr'><strong>vertex.“</strong></span> <span class='ocrx_word' id='word_1_94' title='bbox 1349 1021 1468 1067; x_wconf 86' lang='lat' dir='ltr'><strong>anue</strong></span> <span class='ocrx_word' id='word_1_95' title='bbox 1485 1021 1602 1055; x_wconf 82' lang='lat' dir='ltr'><strong>forma</strong></span> 
     </span>
     <span class='ocr_line' id='line_1_15' title="bbox 70 1066 1599 1117; baseline -0.003 -12"><span class='ocrx_word' id='word_1_96' title='bbox 70 1070 203 1117; x_wconf 79' lang='lat' dir='ltr'><strong>ubique</strong></span> <span class='ocrx_word' id='word_1_97' title='bbox 226 1071 323 1116; x_wconf 83' lang='lat' dir='ltr'><strong>apud</strong></span> <span class='ocrx_word' id='word_1_98' title='bbox 353 1070 503 1116; x_wconf 86' lang='lat' dir='ltr'><strong>Foggin.</strong></span> <span class='ocrx_word' id='word_1_99' title='bbox 532 1077 662 1112; x_wconf 87' lang='lat' dir='ltr'><strong>exstat,</strong></span> <span class='ocrx_word' id='word_1_100' title='bbox 704 1069 774 1103; x_wconf 88' lang='lat' dir='ltr'><strong>nisi</strong></span> <span class='ocrx_word' id='word_1_101' title='bbox 803 1069 900 1115; x_wconf 92' lang='lat' dir='ltr'><strong>quod</strong></span> <span class='ocrx_word' id='word_1_102' title='bbox 923 1070 987 1104; x_wconf 88' lang='lat' dir='ltr'><strong>Ge.</strong></span> <span class='ocrx_word' id='word_1_103' title='bbox 1015 1069 1083 1111; x_wconf 93' lang='lat'>111,</span> <span class='ocrx_word' id='word_1_104' title='bbox 1109 1067 1190 1104; x_wconf 83' lang='grc'><strong>241.</strong></span> <span class='ocrx_word' id='word_1_105' title='bbox 1219 1066 1424 1102; x_wconf 70' lang='grc' dir='ltr'><strong>νον-εἰσίδω</strong></span> <span class='ocrx_word' id='word_1_106' title='bbox 1448 1067 1599 1113; x_wconf 86' lang='lat' dir='ltr'><strong>legitur;</strong></span> 
     </span>
     <span class='ocr_line' id='line_1_16' title="bbox 71 1114 1600 1164; baseline -0.003 -12"><span class='ocrx_word' id='word_1_107' title='bbox 71 1118 137 1152; x_wconf 85' lang='lat' dir='ltr'><strong>sed</strong></span> <span class='ocrx_word' id='word_1_108' title='bbox 155 1129 262 1164; x_wconf 85' lang='lat' dir='ltr'><strong>quum</strong></span> <span class='ocrx_word' id='word_1_109' title='bbox 282 1117 329 1151; x_wconf 84' lang='lat' dir='ltr'><strong>ad</strong></span> <span class='ocrx_word' id='word_1_110' title='bbox 351 1130 430 1152; x_wconf 86' lang='lat' dir='ltr'><strong>eum</strong></span> <span class='ocrx_word' id='word_1_111' title='bbox 443 1118 558 1164; x_wconf 86' lang='lat' dir='ltr'><strong>ipsum</strong></span> <span class='ocrx_word' id='word_1_112' title='bbox 574 1129 712 1151; x_wconf 85' lang='lat' dir='ltr'><strong>versum</strong></span> <span class='ocrx_word' id='word_1_113' title='bbox 735 1116 902 1150; x_wconf 74' lang='lat' dir='ltr'><strong>Heinsius</strong></span> <span class='ocrx_word' id='word_1_114' title='bbox 921 1116 1085 1157; x_wconf 84' lang='lat' dir='ltr'><strong>adnotet,</strong></span> <span class='ocrx_word' id='word_1_115' title='bbox 1108 1114 1148 1148; x_wconf 89' lang='lat' dir='ltr'><strong>in</strong></span> <span class='ocrx_word' id='word_1_116' title='bbox 1164 1114 1266 1149; x_wconf 86' lang='lat' dir='ltr'><strong>libris</strong></span> <span class='ocrx_word' id='word_1_117' title='bbox 1287 1127 1370 1149; x_wconf 87' lang='lat' dir='ltr'><strong>mss.</strong></span> <span class='ocrx_word' id='word_1_118' title='bbox 1388 1114 1463 1160; x_wconf 86' lang='lat' dir='ltr'><strong>legi</strong></span> <span class='ocrx_word' id='word_1_119' title='bbox 1480 1116 1600 1149; x_wconf 80' lang='lat' dir='ltr'><strong>verti—</strong></span> 
     </span>
     <span class='ocr_line' id='line_1_17' title="bbox 71 1161 1600 1210; baseline -0.003 -11"><span class='ocrx_word' id='word_1_120' title='bbox 71 1163 191 1207; x_wconf 72' lang='lat' dir='ltr'><strong>cibus,</strong></span> <span class='ocrx_word' id='word_1_121' title='bbox 223 1163 282 1199; x_wconf 83' lang='lat' dir='ltr'><strong>vix</strong></span> <span class='ocrx_word' id='word_1_122' title='bbox 298 1164 462 1207; x_wconf 81' lang='lat' dir='ltr'><strong>dubites,</strong></span> <span class='ocrx_word' id='word_1_123' title='bbox 493 1164 578 1210; x_wconf 89' lang='lat' dir='ltr'><strong>quin</strong></span> <span class='ocrx_word' id='word_1_124' title='bbox 595 1164 790 1209; x_wconf 87' lang='lat' dir='ltr'><strong>Fogginins</strong></span> <span class='ocrx_word' id='word_1_125' title='bbox 806 1163 843 1197; x_wconf 94' lang='lat' dir='ltr'><strong>in</strong></span> <span class='ocrx_word' id='word_1_126' title='bbox 863 1175 906 1197; x_wconf 90' lang='lat' dir='ltr'><strong>eo</strong></span> <span class='ocrx_word' id='word_1_127' title='bbox 925 1162 1143 1208; x_wconf 85' lang='lat' dir='ltr'><strong>exemplari,</strong></span> <span class='ocrx_word' id='word_1_128' title='bbox 1178 1162 1275 1208; x_wconf 89' lang='lat' dir='ltr'><strong>quod</strong></span> <span class='ocrx_word' id='word_1_129' title='bbox 1302 1162 1349 1196; x_wconf 83' lang='lat' dir='ltr'><strong>ad</strong></span> <span class='ocrx_word' id='word_1_130' title='bbox 1372 1162 1453 1196; x_wconf 86' lang='lat' dir='ltr'><strong>cod.</strong></span> <span class='ocrx_word' id='word_1_131' title='bbox 1470 1161 1600 1196; x_wconf 83' lang='lat' dir='ltr'><strong>Medic.</strong></span> 
     </span>
     <span class='ocr_line' id='line_1_18' title="bbox 71 1207 1601 1258; baseline -0.003 -12"><span class='ocrx_word' id='word_1_132' title='bbox 71 1224 94 1246; x_wconf 85' lang='lat' dir='ltr'><strong>a</strong></span> <span class='ocrx_word' id='word_1_133' title='bbox 111 1224 151 1246; x_wconf 83' lang='lat' dir='ltr'><strong>se</strong></span> <span class='ocrx_word' id='word_1_134' title='bbox 170 1218 331 1246; x_wconf 80' lang='lat' dir='ltr'><strong>exactum</strong></span> <span class='ocrx_word' id='word_1_135' title='bbox 352 1212 562 1258; x_wconf 80' lang='lat' dir='ltr'>typothetae</span> <span class='ocrx_word' id='word_1_136' title='bbox 581 1211 848 1257; x_wconf 87' lang='lat' dir='ltr'><strong>exprimendum</strong></span> <span class='ocrx_word' id='word_1_137' title='bbox 862 1210 1034 1254; x_wconf 85' lang='lat' dir='ltr'><strong>tradidit,</strong></span> <span class='ocrx_word' id='word_1_138' title='bbox 1066 1209 1270 1255; x_wconf 84' lang='lat' dir='ltr'><strong>imprudens</strong></span> <span class='ocrx_word' id='word_1_139' title='bbox 1290 1207 1495 1243; x_wconf 72' lang='lat' dir='ltr'><strong>vorticibus</strong></span> <span class='ocrx_word' id='word_1_140' title='bbox 1510 1209 1601 1243; x_wconf 86' lang='lat' dir='ltr'><strong>reli-</strong></span> 
     </span>
     <span class='ocr_line' id='line_1_19' title="bbox 71 1257 1600 1305; baseline -0.001 -12"><span class='ocrx_word' id='word_1_141' title='bbox 71 1258 197 1305; x_wconf 80' lang='lat' dir='ltr'><strong>querit.</strong></span> <span class='ocrx_word' id='word_1_142' title='bbox 245 1260 363 1301; x_wconf 76' lang='lat' dir='ltr'><strong>Quare</strong></span> <span class='ocrx_word' id='word_1_143' title='bbox 388 1259 582 1293; x_wconf 82' lang='lat' dir='ltr'><strong>consultius</strong></span> <span class='ocrx_word' id='word_1_144' title='bbox 600 1258 701 1300; x_wconf 77' lang='lat' dir='ltr'><strong>duxi,</strong></span> <span class='ocrx_word' id='word_1_145' title='bbox 727 1258 858 1304; x_wconf 83' lang='lat' dir='ltr'><strong>ubique</strong></span> <span class='ocrx_word' id='word_1_146' title='bbox 874 1267 1006 1292; x_wconf 79' lang='lat' dir='ltr'><strong>vertex</strong></span> <span class='ocrx_word' id='word_1_147' title='bbox 1023 1257 1191 1291; x_wconf 87' lang='lat' dir='ltr'><strong>retinere.</strong></span> <span class='ocrx_word' id='word_1_148' title='bbox 1225 1257 1325 1290; x_wconf 89' lang='lat' dir='ltr'><strong>Idem</strong></span> <span class='ocrx_word' id='word_1_149' title='bbox 1342 1262 1466 1290; x_wconf 88' lang='lat' dir='ltr'><strong>censet</strong></span> <span class='ocrx_word' id='word_1_150' title='bbox 1483 1257 1600 1302; x_wconf 84' lang='lat' dir='ltr'><strong>Heyn.</strong></span> 
     </span>
     <span class='ocr_line' id='line_1_20' title="bbox 70 1303 1600 1349; baseline -0.002 -9"><span class='ocrx_word' id='word_1_151' title='bbox 70 1306 118 1340; x_wconf 81' lang='lat' dir='ltr'><strong>ad</strong></span> <span class='ocrx_word' id='word_1_152' title='bbox 144 1307 210 1340; x_wconf 81' lang='lat' dir='ltr'><strong>Ge.</strong></span> <span class='ocrx_word' id='word_1_153' title='bbox 228 1307 295 1348; x_wconf 85' lang='lat'>111,</span> <span class='ocrx_word' id='word_1_154' title='bbox 324 1306 428 1348; x_wconf 62' lang='lat'><strong>241„</strong></span> <span class='ocrx_word' id='word_1_155' title='bbox 464 1306 520 1340; x_wconf 83' lang='lat' dir='ltr'><strong>cui</strong></span> <span class='ocrx_word' id='word_1_156' title='bbox 541 1305 729 1339; x_wconf 77' lang='lat' dir='ltr'><strong>assentitur</strong></span> <span class='ocrx_word' id='word_1_157' title='bbox 752 1305 941 1339; x_wconf 90' lang='lat' dir='ltr'><strong>Wunderl.</strong></span> <span class='ocrx_word' id='word_1_158' title='bbox 968 1305 1121 1338; x_wconf 83' lang='lat' dir='ltr'><strong>Praefat.</strong></span> <span class='ocrx_word' id='word_1_159' title='bbox 1151 1304 1197 1337; x_wconf 82' lang='lat' dir='ltr'><strong>ad</strong></span> <span class='ocrx_word' id='word_1_160' title='bbox 1223 1303 1317 1337; x_wconf 84' lang='lat' dir='ltr'><strong>Edit.</strong></span> <span class='ocrx_word' id='word_1_161' title='bbox 1349 1303 1434 1338; x_wconf 89' lang='lat' dir='ltr'><strong>min.</strong></span> <span class='ocrx_word' id='word_1_162' title='bbox 1461 1316 1498 1349; x_wconf 86' lang='lat' dir='ltr'><strong>p.</strong></span> <span class='ocrx_word' id='word_1_163' title='bbox 1516 1305 1600 1338; x_wconf 85' lang='lat' dir='ltr'>XII.</span> 
     </span>
     <span class='ocr_line' id='line_1_21' title="bbox 70 1349 1600 1397; baseline -0.003 -9"><span class='ocrx_word' id='word_1_164' title='bbox 70 1352 303 1389; x_wconf 81' lang='lat' dir='ltr'><strong>Weichertus</strong></span> <span class='ocrx_word' id='word_1_165' title='bbox 320 1361 437 1387; x_wconf 86' lang='lat' dir='ltr'><strong>tamen</strong></span> <span class='ocrx_word' id='word_1_166' title='bbox 456 1353 502 1387; x_wconf 89' lang='lat' dir='ltr'><strong>ad</strong></span> <span class='ocrx_word' id='word_1_167' title='bbox 518 1353 599 1387; x_wconf 87' lang='lat' dir='ltr'><strong>val.</strong></span> <span class='ocrx_word' id='word_1_168' title='bbox 619 1353 672 1387; x_wconf 91' lang='lat' dir='ltr'><strong>Fl.</strong></span> <span class='ocrx_word' id='word_1_169' title='bbox 692 1353 716 1386; x_wconf 91' lang='lat' dir='ltr'><strong>l.</strong></span> <span class='ocrx_word' id='word_1_170' title='bbox 738 1354 833 1395; x_wconf 88' lang='lat' dir='ltr'>VIII,</span> <span class='ocrx_word' id='word_1_171' title='bbox 853 1352 934 1388; x_wconf 87' lang='lat'><strong>348.</strong></span> <span class='ocrx_word' id='word_1_172' title='bbox 963 1351 1220 1397; x_wconf 87' lang='lat' dir='ltr'><strong>antiquioribus</strong></span> <span class='ocrx_word' id='word_1_173' title='bbox 1243 1349 1362 1397; x_wconf 74' lang='lat' dir='ltr'><strong>poetis</strong></span> <span class='ocrx_word' id='word_1_174' title='bbox 1374 1376 1385 1394; x_wconf 93' lang='lat'>‚</span> <span class='ocrx_word' id='word_1_175' title='bbox 1414 1357 1456 1384; x_wconf 78' lang='lat' dir='ltr'><strong>et</strong></span> <span class='ocrx_word' id='word_1_176' title='bbox 1480 1351 1519 1384; x_wconf 89' lang='lat' dir='ltr'><strong>in</strong></span> <span class='ocrx_word' id='word_1_177' title='bbox 1542 1351 1600 1385; x_wconf 82' lang='lat' dir='ltr'><strong>his</strong></span> 
     </span>
     <span class='ocr_line' id='line_1_22' title="bbox 68 1397 1601 1446; baseline -0.002 -12"><span class='ocrx_word' id='word_1_178' title='bbox 68 1399 225 1446; x_wconf 79' lang='lat' dir='ltr'><strong>Virgilio</strong></span> <span class='ocrx_word' id='word_1_179' title='bbox 239 1427 249 1443; x_wconf 91' lang='lat'>‚</span> <span class='ocrx_word' id='word_1_180' title='bbox 290 1400 441 1434; x_wconf 82' lang='lat' dir='ltr'><strong>formam</strong></span> <span class='ocrx_word' id='word_1_181' title='bbox 478 1409 611 1435; x_wconf 78' lang='lat' dir='ltr'><strong>vortex</strong></span> <span class='ocrx_word' id='word_1_182' title='bbox 646 1399 789 1434; x_wconf 71' lang='lat' dir='ltr'><strong>restitui</strong></span> <span class='ocrx_word' id='word_1_183' title='bbox 827 1399 935 1433; x_wconf 90' lang='lat' dir='ltr'><strong>iubet.</strong></span> <span class='ocrx_word' id='word_1_184' title='bbox 980 1398 1076 1442; x_wconf 80' lang='lat' dir='ltr'><strong>Wr.)</strong></span> <span class='ocrx_word' id='word_1_185' title='bbox 1195 1398 1268 1434; x_wconf 78' lang='lat'><strong>482</strong></span> <span class='ocrx_word' id='word_1_186' title='bbox 1298 1397 1601 1432; x_wconf 76' lang='lat' dir='ltr'><strong>Pronuntiandum</strong></span> 
     </span>
     <span class='ocr_line' id='line_1_23' title="bbox 70 1444 1598 1492; baseline -0.001 -11"><span class='ocrx_word' id='word_1_187' title='bbox 70 1448 302 1492; x_wconf 83' lang='lat' dir='ltr'><strong>Fluvjorum.</strong></span> <span class='ocrx_word' id='word_1_188' title='bbox 326 1447 414 1481; x_wconf 84' lang='lat' dir='ltr'><strong>facit</strong></span> <span class='ocrx_word' id='word_1_189' title='bbox 430 1448 499 1482; x_wconf 91' lang='lat' dir='ltr'><strong>hoc</strong></span> <span class='ocrx_word' id='word_1_190' title='bbox 515 1447 561 1481; x_wconf 90' lang='lat' dir='ltr'><strong>ad</strong></span> <span class='ocrx_word' id='word_1_191' title='bbox 581 1447 789 1492; x_wconf 85' lang='lat' dir='ltr'><strong>gravitatem</strong></span> <span class='ocrx_word' id='word_1_192' title='bbox 806 1459 937 1480; x_wconf 85' lang='lat' dir='ltr'><strong>versus.</strong></span> <span class='ocrx_word' id='word_1_193' title='bbox 986 1447 1040 1492; x_wconf 88' lang='lat' dir='ltr'><strong>(In</strong></span> <span class='ocrx_word' id='word_1_194' title='bbox 1056 1445 1218 1480; x_wconf 82' lang='lat' dir='ltr'><strong>Mediceo</strong></span> <span class='ocrx_word' id='word_1_195' title='bbox 1238 1446 1339 1490; x_wconf 84' lang='lat' dir='ltr'><strong>signa</strong></span> <span class='ocrx_word' id='word_1_196' title='bbox 1358 1445 1530 1491; x_wconf 86' lang='lat' dir='ltr'><strong>quaedam</strong></span> <span class='ocrx_word' id='word_1_197' title='bbox 1541 1444 1598 1479; x_wconf 80' lang='lat' dir='ltr'><strong>his</strong></span> 
     </span>
     <span class='ocr_line' id='line_1_24' title="bbox 70 1492 1603 1540; baseline -0.001 -12"><span class='ocrx_word' id='word_1_198' title='bbox 70 1494 191 1529; x_wconf 77' lang='lat' dir='ltr'><strong>verbis</strong></span> <span class='ocrx_word' id='word_1_199' title='bbox 210 1494 355 1540; x_wconf 84' lang='lat' dir='ltr'><strong>appicta</strong></span> <span class='ocrx_word' id='word_1_200' title='bbox 373 1502 473 1537; x_wconf 87' lang='lat' dir='ltr'><strong>sunt,</strong></span> <span class='ocrx_word' id='word_1_201' title='bbox 498 1507 587 1540; x_wconf 87' lang='lat' dir='ltr'><strong>quae</strong></span> <span class='ocrx_word' id='word_1_202' title='bbox 603 1496 631 1528; x_wconf 86' lang='lat' dir='ltr'>F</span> <span class='ocrx_word' id='word_1_203' title='bbox 633 1494 780 1540; x_wconf 82' lang='lat' dir='ltr'><strong>ogginio</strong></span> <span class='ocrx_word' id='word_1_204' title='bbox 799 1493 965 1539; x_wconf 77' lang='lat' dir='ltr'><strong>videntur</strong></span> <span class='ocrx_word' id='word_1_205' title='bbox 977 1505 1142 1537; x_wconf 87' lang='lat' dir='ltr'><strong>monere,</strong></span> <span class='ocrx_word' id='word_1_206' title='bbox 1167 1499 1208 1527; x_wconf 88' lang='lat' dir='ltr'><strong>ut</strong></span> <span class='ocrx_word' id='word_1_207' title='bbox 1225 1492 1385 1538; x_wconf 85' lang='lat' dir='ltr'><strong>legatur:</strong></span> <span class='ocrx_word' id='word_1_208' title='bbox 1408 1493 1603 1527; x_wconf 74' lang='lat' dir='ltr'><strong>Eridanus</strong></span> 
     </span>
     <span class='ocr_line' id='line_1_25' title="bbox 62 1540 1602 1589; baseline -0.002 -13"><span class='ocrx_word' id='word_1_209' title='bbox 62 1543 273 1589; x_wconf 84' lang='lat' dir='ltr'><strong>fluviorum</strong></span> <span class='ocrx_word' id='word_1_210' title='bbox 301 1555 378 1576; x_wconf 78' lang='lat' dir='ltr'><strong>rex.</strong></span> <span class='ocrx_word' id='word_1_211' title='bbox 426 1543 519 1575; x_wconf 91' lang='lat' dir='ltr'><strong>Tum</strong></span> <span class='ocrx_word' id='word_1_212' title='bbox 550 1554 675 1576; x_wconf 80' lang='lat' dir='ltr'><strong>omnes</strong></span> <span class='ocrx_word' id='word_1_213' title='bbox 708 1541 804 1575; x_wconf 90' lang='lat' dir='ltr'><strong>idem</strong></span> <span class='ocrx_word' id='word_1_214' title='bbox 830 1541 959 1575; x_wconf 86' lang='lat' dir='ltr'><strong>Medic.</strong></span> <span class='ocrx_word' id='word_1_215' title='bbox 1000 1541 1098 1585; x_wconf 77' lang='lat' dir='ltr'><strong>lVr.)</strong></span> <span class='ocrx_word' id='word_1_216' title='bbox 1191 1540 1263 1576; x_wconf 83' lang='lat'><strong>483</strong></span> <span class='ocrx_word' id='word_1_217' title='bbox 1289 1548 1460 1573; x_wconf 79' lang='lat' dir='ltr'><strong>armenta</strong></span> <span class='ocrx_word' id='word_1_218' title='bbox 1480 1540 1602 1574; x_wconf 67' lang='lat' dir='ltr'><strong>trahit</strong></span> 
     </span>
     <span class='ocr_line' id='line_1_26' title="bbox 69 1586 1601 1633; baseline -0.001 -11"><span class='ocrx_word' id='word_1_219' title='bbox 69 1589 201 1623; x_wconf 85' lang='lat' dir='ltr'><strong>Moret.</strong></span> <span class='ocrx_word' id='word_1_220' title='bbox 227 1601 299 1624; x_wconf 83' lang='lat' dir='ltr'><strong>sec.</strong></span> <span class='ocrx_word' id='word_1_221' title='bbox 315 1588 452 1623; x_wconf 84' lang='lat' dir='ltr'><strong>Zulich.</strong></span> <span class='ocrx_word' id='word_1_222' title='bbox 480 1588 560 1623; x_wconf 82' lang='lat' dir='ltr'><strong>edd.</strong></span> <span class='ocrx_word' id='word_1_223' title='bbox 581 1590 672 1622; x_wconf 89' lang='lat' dir='ltr'><strong>Ven.</strong></span> <span class='ocrx_word' id='word_1_224' title='bbox 693 1595 731 1622; x_wconf 91' lang='lat' dir='ltr'><strong>et</strong></span> <span class='ocrx_word' id='word_1_225' title='bbox 747 1588 893 1622; x_wconf 85' lang='lat' dir='ltr'><strong>Mediol.</strong></span> <span class='ocrx_word' id='word_1_226' title='bbox 920 1600 999 1623; x_wconf 88' lang='lat' dir='ltr'><strong>cum</strong></span> <span class='ocrx_word' id='word_1_227' title='bbox 1019 1587 1133 1633; x_wconf 89' lang='lat' dir='ltr'><strong>Regio</strong></span> <span class='ocrx_word' id='word_1_228' title='bbox 1149 1586 1296 1621; x_wconf 85' lang='lat' dir='ltr'><strong>Martini</strong></span> <span class='ocrx_word' id='word_1_229' title='bbox 1313 1594 1349 1620; x_wconf 82' lang='lat' dir='ltr'><strong>et</strong></span> <span class='ocrx_word' id='word_1_230' title='bbox 1371 1587 1465 1629; x_wconf 66' lang='lat' dir='ltr'><strong>Erf„</strong></span> <span class='ocrx_word' id='word_1_231' title='bbox 1503 1586 1601 1632; x_wconf 88' lang='lat' dir='ltr'><strong>quod</strong></span> 
     </span>
     <span class='ocr_line' id='line_1_27' title="bbox 71 1633 1599 1681; baseline -0.001 -12"><span class='ocrx_word' id='word_1_232' title='bbox 71 1635 245 1670; x_wconf 83' lang='lat' dir='ltr'><strong>sollenne.</strong></span> <span class='ocrx_word' id='word_1_233' title='bbox 275 1635 347 1670; x_wconf 81' lang='lat' dir='ltr'><strong>vid.</strong></span> <span class='ocrx_word' id='word_1_234' title='bbox 367 1637 484 1670; x_wconf 88' lang='lat' dir='ltr'><strong>Burm.</strong></span> <span class='ocrx_word' id='word_1_235' title='bbox 517 1636 599 1681; x_wconf 83' lang='lat' dir='ltr'><strong>(vid.</strong></span> <span class='ocrx_word' id='word_1_236' title='bbox 628 1638 672 1678; x_wconf 86' lang='lat' dir='ltr'><strong>Q.</strong></span> <span class='ocrx_word' id='word_1_237' title='bbox 693 1637 741 1670; x_wconf 84' lang='lat' dir='ltr'><strong>V.</strong></span> <span class='ocrx_word' id='word_1_238' title='bbox 755 1637 855 1678; x_wconf 88' lang='lat' dir='ltr'>XVI,</span> <span class='ocrx_word' id='word_1_239' title='bbox 879 1637 912 1671; x_wconf 91' lang='lat'><strong>1.</strong></span> <span class='ocrx_word' id='word_1_240' title='bbox 942 1635 1039 1678; x_wconf 85' lang='lat' dir='ltr'><strong>Wr.)</strong></span> <span class='ocrx_word' id='word_1_241' title='bbox 1065 1670 1068 1672; x_wconf 68' lang='grc'><strong>,</strong></span> <span class='ocrx_word' id='word_1_242' title='bbox 1134 1633 1206 1670; x_wconf 84' lang='grc'><strong>484</strong></span> <span class='ocrx_word' id='word_1_243' title='bbox 1230 1633 1336 1668; x_wconf 78' lang='lat' dir='ltr'><strong>haud</strong></span> <span class='ocrx_word' id='word_1_244' title='bbox 1364 1634 1421 1668; x_wconf 87' lang='lat' dir='ltr'><strong>ed.</strong></span> <span class='ocrx_word' id='word_1_245' title='bbox 1450 1633 1599 1667; x_wconf 87' lang='lat' dir='ltr'><strong>Mediol.</strong></span> 
     </span>
     <span class='ocr_line' id='line_1_28' title="bbox 72 1680 1602 1728; baseline -0.002 -11"><span class='ocrx_word' id='word_1_246' title='bbox 72 1683 227 1717; x_wconf 76' lang='lat' dir='ltr'><strong>rm&#39;nacis</strong></span> <span class='ocrx_word' id='word_1_247' title='bbox 244 1683 336 1718; x_wconf 84' lang='lat' dir='ltr'><strong>Gud.</strong></span> <span class='ocrx_word' id='word_1_248' title='bbox 384 1685 570 1717; x_wconf 82' lang='lat' dir='ltr'><strong>minantes</strong></span> <span class='ocrx_word' id='word_1_249' title='bbox 594 1683 687 1716; x_wconf 89' lang='lat' dir='ltr'><strong>alter</strong></span> <span class='ocrx_word' id='word_1_250' title='bbox 704 1683 875 1717; x_wconf 84' lang='lat' dir='ltr'><strong>Rottend.</strong></span> <span class='ocrx_word' id='word_1_251' title='bbox 969 1682 1039 1718; x_wconf 83' lang='lat'><strong>485</strong></span> <span class='ocrx_word' id='word_1_252' title='bbox 1064 1683 1172 1716; x_wconf 76' lang='lat' dir='ltr'><strong>Haut</strong></span> <span class='ocrx_word' id='word_1_253' title='bbox 1189 1694 1227 1728; x_wconf 86' lang='lat' dir='ltr'><strong>p.</strong></span> <span class='ocrx_word' id='word_1_254' title='bbox 1248 1680 1305 1714; x_wconf 90' lang='lat' dir='ltr'><strong>ed.</strong></span> <span class='ocrx_word' id='word_1_255' title='bbox 1325 1681 1474 1715; x_wconf 87' lang='lat' dir='ltr'><strong>Mediol.</strong></span> <span class='ocrx_word' id='word_1_256' title='bbox 1521 1682 1602 1715; x_wconf 84' lang='lat' dir='ltr'><strong>Nec</strong></span> 
     </span>
     <span class='ocr_line' id='line_1_29' title="bbox 65 1728 1600 1778; baseline -0.001 -14"><span class='ocrx_word' id='word_1_257' title='bbox 65 1743 110 1778; x_wconf 80' lang='lat' dir='ltr'><strong>p.</strong></span> <span class='ocrx_word' id='word_1_258' title='bbox 128 1731 246 1764; x_wconf 84' lang='lat' dir='ltr'><strong>Lutat.</strong></span> <span class='ocrx_word' id='word_1_259' title='bbox 264 1730 311 1764; x_wconf 85' lang='lat' dir='ltr'><strong>ad</strong></span> <span class='ocrx_word' id='word_1_260' title='bbox 330 1733 418 1764; x_wconf 85' lang='lat' dir='ltr'><strong>Stat.</strong></span> <span class='ocrx_word' id='word_1_261' title='bbox 435 1730 552 1764; x_wconf 86' lang='lat' dir='ltr'><strong>Theb.</strong></span> <span class='ocrx_word' id='word_1_262' title='bbox 574 1731 635 1772; x_wconf 82' lang='lat' dir='ltr'><strong>IV,</strong></span> <span class='ocrx_word' id='word_1_263' title='bbox 656 1728 737 1765; x_wconf 88' lang='lat'><strong>374.</strong></span> <span class='ocrx_word' id='word_1_264' title='bbox 771 1733 851 1764; x_wconf 77' lang='lat' dir='ltr'><strong>Aut</strong></span> <span class='ocrx_word' id='word_1_265' title='bbox 862 1730 990 1777; x_wconf 76' lang='lat' dir='ltr'><strong>putris</strong></span> <span class='ocrx_word' id='word_1_266' title='bbox 1006 1730 1130 1762; x_wconf 87' lang='lat' dir='ltr'><strong>Franc.</strong></span> <span class='ocrx_word' id='word_1_267' title='bbox 1155 1730 1206 1774; x_wconf 71' lang='lat' dir='ltr'><strong>(et</strong></span> <span class='ocrx_word' id='word_1_268' title='bbox 1225 1731 1323 1762; x_wconf 81' lang='lat' dir='ltr'><strong>Serv.</strong></span> <span class='ocrx_word' id='word_1_269' title='bbox 1344 1728 1472 1763; x_wconf 88' lang='lat' dir='ltr'><strong>Dresd.</strong></span> <span class='ocrx_word' id='word_1_270' title='bbox 1502 1728 1600 1772; x_wconf 87' lang='lat' dir='ltr'><strong>Wr.)</strong></span> 
     </span>
     <span class='ocr_line' id='line_1_30' title="bbox 71 1774 1601 1822; baseline -0.001 -11"><span class='ocrx_word' id='word_1_271' title='bbox 71 1777 174 1811; x_wconf 73' lang='lat' dir='ltr'><strong>altae</strong></span> <span class='ocrx_word' id='word_1_272' title='bbox 188 1776 311 1811; x_wconf 80' lang='lat' dir='ltr'><strong>Heins-</strong></span> <span class='ocrx_word' id='word_1_273' title='bbox 333 1790 352 1811; x_wconf 87' lang='lat' dir='ltr'><strong>e</strong></span> <span class='ocrx_word' id='word_1_274' title='bbox 370 1777 499 1811; x_wconf 84' lang='lat' dir='ltr'><strong>Medic.</strong></span> <span class='ocrx_word' id='word_1_275' title='bbox 520 1785 556 1811; x_wconf 87' lang='lat' dir='ltr'><strong>et</strong></span> <span class='ocrx_word' id='word_1_276' title='bbox 573 1777 619 1811; x_wconf 90' lang='lat' dir='ltr'><strong>al.</strong></span> <span class='ocrx_word' id='word_1_277' title='bbox 640 1777 746 1811; x_wconf 89' lang='lat' dir='ltr'><strong>codd.</strong></span> <span class='ocrx_word' id='word_1_278' title='bbox 766 1784 804 1811; x_wconf 90' lang='lat' dir='ltr'><strong>et</strong></span> <span class='ocrx_word' id='word_1_279' title='bbox 822 1777 903 1811; x_wconf 90' lang='lat' dir='ltr'><strong>edd.</strong></span> <span class='ocrx_word' id='word_1_280' title='bbox 920 1776 958 1810; x_wconf 89' lang='lat' dir='ltr'><strong>h.</strong></span> <span class='ocrx_word' id='word_1_281' title='bbox 979 1788 1136 1822; x_wconf 88' lang='lat' dir='ltr'><strong>magnae,</strong></span> <span class='ocrx_word' id='word_1_282' title='bbox 1159 1774 1306 1821; x_wconf 85' lang='lat' dir='ltr'><strong>proprie</strong></span> <span class='ocrx_word' id='word_1_283' title='bbox 1323 1775 1406 1809; x_wconf 80' lang='lat' dir='ltr'><strong>altis</strong></span> <span class='ocrx_word' id='word_1_284' title='bbox 1421 1775 1511 1811; x_wconf 87' lang='lat' dir='ltr'><strong>locis</strong></span> <span class='ocrx_word' id='word_1_285' title='bbox 1527 1787 1601 1821; x_wconf 86' lang='lat' dir='ltr'><strong>po-</strong></span> 
     </span>
     <span class='ocr_line' id='line_1_31' title="bbox 71 1822 1600 1870; baseline -0.001 -12"><span class='ocrx_word' id='word_1_286' title='bbox 71 1823 184 1867; x_wconf 78' lang='lat' dir='ltr'><strong>sitae,</strong></span> <span class='ocrx_word' id='word_1_287' title='bbox 206 1831 282 1858; x_wconf 86' lang='lat' dir='ltr'><strong>tum</strong></span> <span class='ocrx_word' id='word_1_288' title='bbox 300 1824 383 1858; x_wconf 83' lang='lat' dir='ltr'><strong>altis</strong></span> <span class='ocrx_word' id='word_1_289' title='bbox 402 1824 570 1866; x_wconf 87' lang='lat' dir='ltr'><strong>aedibus,</strong></span> <span class='ocrx_word' id='word_1_290' title='bbox 595 1823 789 1870; x_wconf 85' lang='lat' dir='ltr'><strong>murisque,</strong></span> <span class='ocrx_word' id='word_1_291' title='bbox 812 1824 1027 1864; x_wconf 56' lang='lat' dir='ltr'><strong>instructam</strong></span> <span class='ocrx_word' id='word_1_292' title='bbox 1050 1823 1193 1857; x_wconf 87' lang='lat' dir='ltr'><strong>tandem</strong></span> <span class='ocrx_word' id='word_1_293' title='bbox 1212 1822 1422 1868; x_wconf 83' lang='lat' dir='ltr'><strong>simpliciter</strong></span> <span class='ocrx_word' id='word_1_294' title='bbox 1440 1835 1600 1868; x_wconf 88' lang='lat' dir='ltr'><strong>maguae.</strong></span> 
     </span>
     <span class='ocr_line' id='line_1_32' title="bbox 73 1869 1603 1917; baseline -0.001 -12"><span class='ocrx_word' id='word_1_295' title='bbox 73 1871 190 1917; x_wconf 70' lang='lat' dir='ltr'><strong>(altae</strong></span> <span class='ocrx_word' id='word_1_296' title='bbox 214 1871 322 1905; x_wconf 82' lang='lat' dir='ltr'><strong>etiam</strong></span> <span class='ocrx_word' id='word_1_297' title='bbox 348 1874 445 1906; x_wconf 81' lang='lat' dir='ltr'><strong>Serv.</strong></span> <span class='ocrx_word' id='word_1_298' title='bbox 492 1871 628 1905; x_wconf 87' lang='lat' dir='ltr'><strong>Eodem</strong></span> <span class='ocrx_word' id='word_1_299' title='bbox 655 1871 762 1905; x_wconf 91' lang='lat' dir='ltr'><strong>modo</strong></span> <span class='ocrx_word' id='word_1_300' title='bbox 789 1871 943 1906; x_wconf 86' lang='lat' dir='ltr'><strong>variatur</strong></span> <span class='ocrx_word' id='word_1_301' title='bbox 968 1874 1054 1906; x_wconf 81' lang='lat' dir='ltr'><strong>Aen.</strong></span> <span class='ocrx_word' id='word_1_302' title='bbox 1083 1871 1144 1911; x_wconf 86' lang='lat' dir='ltr'><strong>IV,</strong></span> <span class='ocrx_word' id='word_1_303' title='bbox 1173 1869 1255 1906; x_wconf 86' lang='lat'><strong>443.</strong></span> <span class='ocrx_word' id='word_1_304' title='bbox 1302 1872 1347 1904; x_wconf 89' lang='lat' dir='ltr'><strong>Et</strong></span> <span class='ocrx_word' id='word_1_305' title='bbox 1374 1870 1455 1904; x_wconf 83' lang='lat' dir='ltr'><strong>alta</strong></span> <span class='ocrx_word' id='word_1_306' title='bbox 1479 1874 1603 1904; x_wconf 85' lang='lat' dir='ltr'><strong>Roma</strong></span> 
     </span>
     <span class='ocr_line' id='line_1_33' title="bbox 70 1916 1602 1965; baseline -0.001 -12"><span class='ocrx_word' id='word_1_307' title='bbox 70 1921 159 1953; x_wconf 78' lang='lat' dir='ltr'><strong>Aen.</strong></span> <span class='ocrx_word' id='word_1_308' title='bbox 176 1919 213 1961; x_wconf 92' lang='lat'><strong>1,</strong></span> <span class='ocrx_word' id='word_1_309' title='bbox 236 1920 271 1954; x_wconf 91' lang='grc'><strong>7.</strong></span> <span class='ocrx_word' id='word_1_310' title='bbox 320 1918 508 1965; x_wconf 73' lang='lat' dir='ltr'><strong>Carthago</strong></span> <span class='ocrx_word' id='word_1_311' title='bbox 524 1919 587 1961; x_wconf 86' lang='lat' dir='ltr'><strong>IV,</strong></span> <span class='ocrx_word' id='word_1_312' title='bbox 614 1919 673 1954; x_wconf 87' lang='lat'><strong>97.</strong></span> <span class='ocrx_word' id='word_1_313' title='bbox 713 1919 810 1963; x_wconf 84' lang='lat' dir='ltr'><strong>Wr.)</strong></span> <span class='ocrx_word' id='word_1_314' title='bbox 858 1918 952 1952; x_wconf 83' lang='lat' dir='ltr'><strong>Miro</strong></span> <span class='ocrx_word' id='word_1_315' title='bbox 982 1917 1090 1951; x_wconf 89' lang='lat' dir='ltr'><strong>modo</strong></span> <span class='ocrx_word' id='word_1_316' title='bbox 1118 1916 1173 1950; x_wconf 86' lang='lat' dir='ltr'><strong>vir</strong></span> <span class='ocrx_word' id='word_1_317' title='bbox 1200 1917 1343 1960; x_wconf 86' lang='lat' dir='ltr'><strong>doctus,</strong></span> <span class='ocrx_word' id='word_1_318' title='bbox 1378 1917 1522 1952; x_wconf 78' lang='lat' dir='ltr'><strong>Wakef.</strong></span> <span class='ocrx_word' id='word_1_319' title='bbox 1555 1917 1602 1951; x_wconf 91' lang='lat' dir='ltr'><strong>ad</strong></span> 
     </span>
     <span class='ocr_line' id='line_1_34' title="bbox 69 1964 1600 2011; baseline -0.001 -12"><span class='ocrx_word' id='word_1_320' title='bbox 69 1965 212 2000; x_wconf 73' lang='lat' dir='ltr'><strong>Lucret-</strong></span> <span class='ocrx_word' id='word_1_321' title='bbox 229 1966 292 2007; x_wconf 81' lang='lat' dir='ltr'><strong>VI,</strong></span> <span class='ocrx_word' id='word_1_322' title='bbox 310 1966 382 2001; x_wconf 89' lang='grc'><strong>580</strong></span> <span class='ocrx_word' id='word_1_323' title='bbox 410 1966 596 2011; x_wconf 87' lang='lat' dir='ltr'><strong>epitheton</strong></span> <span class='ocrx_word' id='word_1_324' title='bbox 626 1977 669 1999; x_wconf 90' lang='lat' dir='ltr'><strong>eo</strong></span> <span class='ocrx_word' id='word_1_325' title='bbox 689 1972 854 2011; x_wconf 87' lang='lat' dir='ltr'><strong>spectare</strong></span> <span class='ocrx_word' id='word_1_326' title='bbox 881 1965 1085 2007; x_wconf 77' lang='lat' dir='ltr'><strong>contendit,</strong></span> <span class='ocrx_word' id='word_1_327' title='bbox 1119 1964 1215 2010; x_wconf 89' lang='lat' dir='ltr'><strong>quod</strong></span> <span class='ocrx_word' id='word_1_328' title='bbox 1237 1964 1331 1998; x_wconf 89' lang='lat' dir='ltr'><strong>intra</strong></span> <span class='ocrx_word' id='word_1_329' title='bbox 1355 1965 1467 1998; x_wconf 79' lang='lat' dir='ltr'><strong>aedes</strong></span> <span class='ocrx_word' id='word_1_330' title='bbox 1488 1965 1600 2007; x_wconf 77' lang='lat' dir='ltr'><strong>altas,</strong></span> 
     </span>
     <span class='ocr_line' id='line_1_35' title="bbox 70 2011 1601 2057; baseline -0.001 -11"><span class='ocrx_word' id='word_1_331' title='bbox 70 2020 112 2046; x_wconf 89' lang='lat' dir='ltr'><strong>nt</strong></span> <span class='ocrx_word' id='word_1_332' title='bbox 129 2012 223 2046; x_wconf 85' lang='lat' dir='ltr'><strong>intra</strong></span> <span class='ocrx_word' id='word_1_333' title='bbox 243 2013 344 2046; x_wconf 75' lang='lat' dir='ltr'><strong>alcas</strong></span> <span class='ocrx_word' id='word_1_334' title='bbox 359 2025 563 2053; x_wconf 77' lang='lat' dir='ltr'><strong>cavernas,</strong></span> <span class='ocrx_word' id='word_1_335' title='bbox 588 2024 695 2046; x_wconf 91' lang='lat' dir='ltr'><strong>sonus</strong></span> <span class='ocrx_word' id='word_1_336' title='bbox 713 2020 874 2057; x_wconf 88' lang='lat' dir='ltr'><strong>augetur.</strong></span> <span class='ocrx_word' id='word_1_337' title='bbox 924 2012 1136 2046; x_wconf 81' lang='lat' dir='ltr'><strong>Obtinuerat</strong></span> <span class='ocrx_word' id='word_1_338' title='bbox 1151 2011 1221 2045; x_wconf 90' lang='lat' dir='ltr'><strong>hoc</strong></span> <span class='ocrx_word' id='word_1_339' title='bbox 1240 2012 1320 2045; x_wconf 85' lang='lat' dir='ltr'><strong>edd.</strong></span> <span class='ocrx_word' id='word_1_340' title='bbox 1338 2011 1423 2045; x_wconf 89' lang='lat' dir='ltr'><strong>iude</strong></span> <span class='ocrx_word' id='word_1_341' title='bbox 1444 2012 1488 2045; x_wconf 93' lang='lat' dir='ltr'><strong>ab</strong></span> <span class='ocrx_word' id='word_1_342' title='bbox 1507 2012 1601 2046; x_wconf 79' lang='lat' dir='ltr'><strong>Aldo</strong></span> 
     </span>
     <span class='ocr_line' id='line_1_36' title="bbox 70 2058 1602 2105; baseline -0.001 -11"><span class='ocrx_word' id='word_1_343' title='bbox 70 2059 248 2105; x_wconf 82' lang='lat' dir='ltr'><strong>vulgatas:</strong></span> <span class='ocrx_word' id='word_1_344' title='bbox 272 2059 415 2093; x_wconf 87' lang='lat' dir='ltr'><strong>obsedit</strong></span> <span class='ocrx_word' id='word_1_345' title='bbox 434 2059 518 2093; x_wconf 83' lang='lat' dir='ltr'><strong>inde</strong></span> <span class='ocrx_word' id='word_1_346' title='bbox 537 2061 685 2093; x_wconf 84' lang='lat' dir='ltr'><strong>Batavas</strong></span> <span class='ocrx_word' id='word_1_347' title='bbox 707 2060 789 2093; x_wconf 88' lang='lat' dir='ltr'><strong>edd.</strong></span> <span class='ocrx_word' id='word_1_348' title='bbox 838 2060 915 2094; x_wconf 70' lang='lat' dir='ltr'><strong>alte</strong></span> <span class='ocrx_word' id='word_1_349' title='bbox 931 2059 1034 2093; x_wconf 82' lang='lat' dir='ltr'><strong>initio</strong></span> <span class='ocrx_word' id='word_1_350' title='bbox 1052 2072 1073 2093; x_wconf 90' lang='lat' dir='ltr'><strong>a</strong></span> <span class='ocrx_word' id='word_1_351' title='bbox 1092 2058 1353 2092; x_wconf 82' lang='lat' dir='ltr'><strong>Pulmannianis</strong></span> <span class='ocrx_word' id='word_1_352' title='bbox 1372 2059 1483 2093; x_wconf 87' lang='lat' dir='ltr'><strong>facto.</strong></span> <span class='ocrx_word' id='word_1_353' title='bbox 1528 2059 1602 2092; x_wconf 90' lang='lat' dir='ltr'><strong>Cu-</strong></span> 
     </span>
     <span class='ocr_line' id='line_1_37' title="bbox 72 2104 1602 2153; baseline 0 -13"><span class='ocrx_word' id='word_1_354' title='bbox 72 2105 295 2152; x_wconf 82' lang='lat' dir='ltr'><strong>ningbamins</strong></span> <span class='ocrx_word' id='word_1_355' title='bbox 316 2106 520 2140; x_wconf 86' lang='lat' dir='ltr'><strong>emendarat</strong></span> <span class='ocrx_word' id='word_1_356' title='bbox 535 2107 634 2148; x_wconf 76' lang='lat' dir='ltr'><strong>alta,</strong></span> <span class='ocrx_word' id='word_1_357' title='bbox 666 2112 706 2139; x_wconf 91' lang='lat' dir='ltr'><strong>ut</strong></span> <span class='ocrx_word' id='word_1_358' title='bbox 722 2108 848 2141; x_wconf 88' lang='lat' dir='ltr'><strong>Horat.</strong></span> <span class='ocrx_word' id='word_1_359' title='bbox 868 2110 941 2141; x_wconf 85' lang='lat' dir='ltr'><strong>Sat.</strong></span> <span class='ocrx_word' id='word_1_360' title='bbox 958 2107 986 2149; x_wconf 91' lang='lat'><strong>1,</strong></span> <span class='ocrx_word' id='word_1_361' title='bbox 1008 2107 1042 2147; x_wconf 90' lang='lat'><strong>6,</strong></span> <span class='ocrx_word' id='word_1_362' title='bbox 1064 2105 1111 2142; x_wconf 83' lang='lat'><strong>43</strong></span> <span class='ocrx_word' id='word_1_363' title='bbox 1131 2118 1270 2153; x_wconf 84' lang='lat' dir='ltr'><strong>magna</strong></span> <span class='ocrx_word' id='word_1_364' title='bbox 1287 2104 1446 2140; x_wconf 76' lang='lat' dir='ltr'><strong>sonabit.</strong></span> <span class='ocrx_word' id='word_1_365' title='bbox 1493 2106 1602 2140; x_wconf 85' lang='lat' dir='ltr'><strong>Reis-</strong></span> 
     </span>
    </p>
   </div>
   <div class='ocr_carea' id='block_1_9' title="bbox 71 2153 806 2188">
    <p class='ocr_par' dir='ltr' id='par_1_9' title="bbox 71 2153 806 2188">
     <span class='ocr_line' id='line_1_38' title="bbox 71 2153 806 2188; baseline -0.001 0"><span class='ocrx_word' id='word_1_366' title='bbox 71 2153 152 2188; x_wconf 82' lang='lat' dir='ltr'><strong>kius</strong></span> <span class='ocrx_word' id='word_1_367' title='bbox 170 2153 412 2187; x_wconf 83' lang='lat' dir='ltr'><strong>coniectabat:</strong></span> <span class='ocrx_word' id='word_1_368' title='bbox 447 2154 563 2187; x_wconf 79' lang='lat' dir='ltr'><strong>altam</strong></span> <span class='ocrx_word' id='word_1_369' title='bbox 587 2166 636 2187; x_wconf 88' lang='lat' dir='ltr'><strong>sc.</strong></span> <span class='ocrx_word' id='word_1_370' title='bbox 654 2161 806 2187; x_wconf 83' lang='lat' dir='ltr'><strong>noctem.</strong></span> 
     </span>
    </p>
   </div>
   <div class='ocr_carea' id='block_1_10' title="bbox 72 2247 811 2534">
    <p class='ocr_par' dir='ltr' id='par_1_10' title="bbox 72 2247 811 2534">
     <span class='ocr_line' id='line_1_39' title="bbox 72 2247 809 2303; baseline -0.001 -13"><span class='ocrx_word' id='word_1_371' title='bbox 72 2248 158 2290; x_wconf 80' lang='lat' dir='ltr'><strong>vid.</strong></span> <span class='ocrx_word' id='word_1_372' title='bbox 174 2248 223 2288; x_wconf 91' lang='lat' dir='ltr'><strong>V.</strong></span> <span class='ocrx_word' id='word_1_373' title='bbox 234 2248 278 2288; x_wconf 91' lang='lat' dir='ltr'><strong>L.</strong></span> <span class='ocrx_word' id='word_1_374' title='bbox 297 2247 351 2287; x_wconf 88' lang='lat' dir='ltr'><strong>ad</strong></span> <span class='ocrx_word' id='word_1_375' title='bbox 366 2261 426 2288; x_wconf 86' lang='lat' dir='ltr'><strong>vs.</strong></span> <span class='ocrx_word' id='word_1_376' title='bbox 445 2248 540 2291; x_wconf 88' lang='lat'><strong>157.</strong></span> <span class='ocrx_word' id='word_1_377' title='bbox 561 2250 632 2289; x_wconf 87' lang='lat' dir='ltr'><em>W</em></span> <span class='ocrx_word' id='word_1_378' title='bbox 624 2247 680 2303; x_wconf 91' lang='lat' dir='ltr'><strong>r.)</strong></span> <span class='ocrx_word' id='word_1_379' title='bbox 710 2247 809 2291; x_wconf 86' lang='lat'><strong>480.</strong></span> 
     </span>
     <span class='ocr_line' id='line_1_40' title="bbox 74 2307 811 2360; baseline 0.001 -15"><span class='ocrx_word' id='word_1_380' title='bbox 74 2307 171 2345; x_wconf 80' lang='lat' dir='ltr'><strong>ebur</strong></span> <span class='ocrx_word' id='word_1_381' title='bbox 213 2321 409 2359; x_wconf 79' lang='lat' dir='ltr'><strong>aeraque,</strong></span> <span class='ocrx_word' id='word_1_382' title='bbox 459 2312 557 2345; x_wconf 84' lang='lat' dir='ltr'><strong>sunt</strong></span> <span class='ocrx_word' id='word_1_383' title='bbox 604 2307 713 2360; x_wconf 83' lang='lat' dir='ltr'><strong>signa</strong></span> <span class='ocrx_word' id='word_1_384' title='bbox 758 2320 811 2346; x_wconf 80' lang='lat' dir='ltr'><strong>ex</strong></span> 
     </span>
     <span class='ocr_line' id='line_1_41' title="bbox 74 2365 810 2415; baseline 0 -11"><span class='ocrx_word' id='word_1_385' title='bbox 74 2365 197 2404; x_wconf 85' lang='lat' dir='ltr'><strong>ebore</strong></span> <span class='ocrx_word' id='word_1_386' title='bbox 214 2370 255 2402; x_wconf 86' lang='lat' dir='ltr'><strong>et</strong></span> <span class='ocrx_word' id='word_1_387' title='bbox 270 2377 382 2415; x_wconf 80' lang='lat' dir='ltr'><strong>aere3</strong></span> <span class='ocrx_word' id='word_1_388' title='bbox 399 2377 446 2402; x_wconf 87' lang='lat' dir='ltr'><strong>ea</strong></span> <span class='ocrx_word' id='word_1_389' title='bbox 461 2365 703 2403; x_wconf 76' lang='lat' dir='ltr'><strong>illacrimari</strong></span> <span class='ocrx_word' id='word_1_390' title='bbox 720 2379 810 2404; x_wconf 91' lang='lat' dir='ltr'><strong>cre-</strong></span> 
     </span>
     <span class='ocr_line' id='line_1_42' title="bbox 75 2422 811 2476; baseline 0 -14"><span class='ocrx_word' id='word_1_391' title='bbox 75 2422 279 2462; x_wconf 86' lang='lat' dir='ltr'><strong>debantur</strong></span> <span class='ocrx_word' id='word_1_392' title='bbox 288 2453 300 2473; x_wconf 92' lang='lat'>‚</span> <span class='ocrx_word' id='word_1_393' title='bbox 333 2423 440 2461; x_wconf 83' lang='lat' dir='ltr'><strong>sorte</strong></span> <span class='ocrx_word' id='word_1_394' title='bbox 461 2422 560 2461; x_wconf 90' lang='lat' dir='ltr'><strong>dum</strong></span> <span class='ocrx_word' id='word_1_395' title='bbox 579 2423 720 2476; x_wconf 84' lang='lat' dir='ltr'><strong>tepido</strong></span> <span class='ocrx_word' id='word_1_396' title='bbox 739 2438 811 2462; x_wconf 93' lang='lat' dir='ltr'><strong>su-</strong></span> 
     </span>
     <span class='ocr_line' id='line_1_43' title="bbox 75 2480 811 2534; baseline 0 -14"><span class='ocrx_word' id='word_1_397' title='bbox 75 2481 231 2520; x_wconf 86' lang='lat' dir='ltr'><strong>dabant</strong></span> <span class='ocrx_word' id='word_1_398' title='bbox 248 2480 427 2519; x_wconf 79' lang='lat' dir='ltr'><strong>humore</strong></span> <span class='ocrx_word' id='word_1_399' title='bbox 442 2494 516 2534; x_wconf 92' lang='lat' dir='ltr'><strong>per</strong></span> <span class='ocrx_word' id='word_1_400' title='bbox 537 2487 696 2534; x_wconf 87' lang='lat' dir='ltr'><strong>tempus</strong></span> <span class='ocrx_word' id='word_1_401' title='bbox 715 2482 811 2534; x_wconf 87' lang='lat' dir='ltr'><strong>plu—</strong></span> 
     </span>
    </p>
   </div>
   <div class='ocr_carea' id='block_1_11' title="bbox 13 2538 811 2579">
    <p class='ocr_par' dir='ltr' id='par_1_11' title="bbox 13 2538 811 2579">
     <span class='ocr_line' id='line_1_44' title="bbox 13 2538 811 2579; baseline -0.001 0"><span class='ocrx_word' id='word_1_402' title='bbox 13 2544 20 2545; x_wconf 61' lang='grc'><em>’</em></span> <span class='ocrx_word' id='word_1_403' title='bbox 74 2539 189 2579; x_wconf 81' lang='lat' dir='ltr'><strong>vium</strong></span> <span class='ocrx_word' id='word_1_404' title='bbox 208 2539 390 2578; x_wconf 87' lang='lat' dir='ltr'><strong>collecto.</strong></span> <span class='ocrx_word' id='word_1_405' title='bbox 448 2538 562 2578; x_wconf 87' lang='lat' dir='ltr'><strong>Adeo</strong></span> <span class='ocrx_word' id='word_1_406' title='bbox 581 2539 625 2578; x_wconf 88' lang='lat' dir='ltr'><strong>in</strong></span> <span class='ocrx_word' id='word_1_407' title='bbox 643 2553 689 2578; x_wconf 90' lang='lat' dir='ltr'><strong>re</strong></span> <span class='ocrx_word' id='word_1_408' title='bbox 708 2540 811 2578; x_wconf 85' lang='lat' dir='ltr'><strong>alio-</strong></span> 
     </span>
    </p>
   </div>
   <div class='ocr_carea' id='block_1_12' title="bbox 76 2597 812 3052">
    <p class='ocr_par' dir='ltr' id='par_1_12' title="bbox 76 2597 811 2707">
     <span class='ocr_line' id='line_1_45' title="bbox 76 2597 811 2648; baseline 0.003 -13"><span class='ocrx_word' id='word_1_409' title='bbox 76 2597 148 2648; x_wconf 88' lang='lat' dir='ltr'><strong>qui</strong></span> <span class='ocrx_word' id='word_1_410' title='bbox 181 2597 277 2636; x_wconf 79' lang='lat' dir='ltr'><strong>satis</strong></span> <span class='ocrx_word' id='word_1_411' title='bbox 308 2597 428 2635; x_wconf 90' lang='lat' dir='ltr'><strong>obvia</strong></span> <span class='ocrx_word' id='word_1_412' title='bbox 468 2598 670 2636; x_wconf 86' lang='lat' dir='ltr'><strong>occaecati</strong></span> <span class='ocrx_word' id='word_1_413' title='bbox 698 2603 811 2637; x_wconf 91' lang='lat' dir='ltr'><strong>metu</strong></span> 
     </span>
     <span class='ocr_line' id='line_1_46' title="bbox 77 2654 496 2707; baseline 0.002 -14"><span class='ocrx_word' id='word_1_414' title='bbox 77 2654 201 2693; x_wconf 83' lang='lat' dir='ltr'><strong>animi</strong></span> <span class='ocrx_word' id='word_1_415' title='bbox 221 2654 496 2707; x_wconf 84' lang='lat' dir='ltr'><strong>trepidabant.</strong></span> 
     </span>
    </p>

    <p class='ocr_par' dir='ltr' id='par_1_13' title="bbox 76 2710 812 3052">
     <span class='ocr_line' id='line_1_47' title="bbox 134 2710 809 2766; baseline -0.001 -13"><span class='ocrx_word' id='word_1_416' title='bbox 134 2710 234 2754; x_wconf 86' lang='lat'><strong>481.</strong></span> <span class='ocrx_word' id='word_1_417' title='bbox 262 2712 320 2750; x_wconf 83' lang='lat' dir='ltr'><strong>De</strong></span> <span class='ocrx_word' id='word_1_418' title='bbox 339 2719 428 2752; x_wconf 88' lang='lat' dir='ltr'><strong>arte</strong></span> <span class='ocrx_word' id='word_1_419' title='bbox 444 2719 587 2766; x_wconf 88' lang='lat' dir='ltr'><strong>poetae</strong></span> <span class='ocrx_word' id='word_1_420' title='bbox 604 2713 687 2752; x_wconf 84' lang='lat' dir='ltr'><strong>vid.</strong></span> <span class='ocrx_word' id='word_1_421' title='bbox 709 2715 809 2752; x_wconf 83' lang='lat' dir='ltr'><strong>Sca-</strong></span> 
     </span>
     <span class='ocr_line' id='line_1_48' title="bbox 76 2769 812 2824; baseline 0.004 -17"><span class='ocrx_word' id='word_1_422' title='bbox 76 2769 143 2822; x_wconf 86' lang='lat' dir='ltr'><strong>lig.</strong></span> <span class='ocrx_word' id='word_1_423' title='bbox 171 2769 393 2820; x_wconf 76' lang='lat' dir='ltr'><strong>Poefic.V‚</strong></span> <span class='ocrx_word' id='word_1_424' title='bbox 422 2770 498 2821; x_wconf 87' lang='grc'><strong>14,</strong></span> <span class='ocrx_word' id='word_1_425' title='bbox 531 2785 572 2824; x_wconf 84' lang='grc' dir='ltr'><strong>Ρ.</strong></span> <span class='ocrx_word' id='word_1_426' title='bbox 599 2774 697 2814; x_wconf 77' lang='grc'><strong>278.</strong></span> <span class='ocrx_word' id='word_1_427' title='bbox 755 2771 812 2811; x_wconf 88' lang='lat' dir='ltr'><strong>Ut</strong></span> 
     </span>
     <span class='ocr_line' id='line_1_49' title="bbox 77 2827 812 2877; baseline 0.004 -12"><span class='ocrx_word' id='word_1_428' title='bbox 77 2827 161 2876; x_wconf 89' lang='lat' dir='ltr'><strong>ira,</strong></span> <span class='ocrx_word' id='word_1_429' title='bbox 190 2828 343 2877; x_wconf 84' lang='lat' dir='ltr'><strong>rabies,</strong></span> <span class='ocrx_word' id='word_1_430' title='bbox 372 2828 430 2867; x_wconf 89' lang='lat' dir='ltr'><strong>sic</strong></span> <span class='ocrx_word' id='word_1_431' title='bbox 448 2830 567 2868; x_wconf 82' lang='lat' dir='ltr'><strong>furor</strong></span> <span class='ocrx_word' id='word_1_432' title='bbox 586 2836 628 2868; x_wconf 84' lang='lat' dir='ltr'><strong>et</strong></span> <span class='ocrx_word' id='word_1_433' title='bbox 647 2832 812 2868; x_wconf 79' lang='lat' dir='ltr'><strong>insania</strong></span> 
     </span>
     <span class='ocr_line' id='line_1_50' title="bbox 78 2884 812 2926; baseline 0.005 -3"><span class='ocrx_word' id='word_1_434' title='bbox 78 2884 249 2923; x_wconf 84' lang='lat' dir='ltr'><strong>incitato</strong></span> <span class='ocrx_word' id='word_1_435' title='bbox 279 2885 437 2925; x_wconf 86' lang='lat' dir='ltr'><strong>flumini</strong></span> <span class='ocrx_word' id='word_1_436' title='bbox 464 2887 675 2926; x_wconf 75' lang='lat' dir='ltr'><strong>tribuitur.</strong></span> <span class='ocrx_word' id='word_1_437' title='bbox 730 2888 812 2926; x_wconf 91' lang='lat' dir='ltr'><strong>Lo-</strong></span> 
     </span>
     <span class='ocr_line' id='line_1_51' title="bbox 79 2943 811 2995; baseline 0.004 -14"><span class='ocrx_word' id='word_1_438' title='bbox 79 2957 172 2981; x_wconf 87' lang='lat' dir='ltr'><strong>cum</strong></span> <span class='ocrx_word' id='word_1_439' title='bbox 192 2948 286 2981; x_wconf 85' lang='lat' dir='ltr'><strong>ante</strong></span> <span class='ocrx_word' id='word_1_440' title='bbox 302 2943 439 2982; x_wconf 80' lang='lat' dir='ltr'><strong>oculos</strong></span> <span class='ocrx_word' id='word_1_441' title='bbox 452 2943 598 2983; x_wconf 85' lang='lat' dir='ltr'><strong>habuit</strong></span> <span class='ocrx_word' id='word_1_442' title='bbox 614 2945 765 2984; x_wconf 83' lang='lat' dir='ltr'><strong>Lucan.</strong></span> <span class='ocrx_word' id='word_1_443' title='bbox 780 2945 811 2995; x_wconf 95' lang='grc' dir='ltr'><strong>Ι,</strong></span> 
     </span>
     <span class='ocr_line' id='line_1_52' title="bbox 79 2999 812 3052; baseline 0.007 -15"><span class='ocrx_word' id='word_1_444' title='bbox 79 2999 165 3043; x_wconf 83' lang='grc'><strong>408</strong></span> <span class='ocrx_word' id='word_1_445' title='bbox 181 3014 266 3052; x_wconf 88' lang='lat' dir='ltr'><strong>sqq.</strong></span> <span class='ocrx_word' id='word_1_446' title='bbox 305 3000 406 3039; x_wconf 88' lang='lat' dir='ltr'><strong>Padi</strong></span> <span class='ocrx_word' id='word_1_447' title='bbox 425 3007 562 3041; x_wconf 81' lang='lat' dir='ltr'><strong>autem</strong></span> <span class='ocrx_word' id='word_1_448' title='bbox 580 3003 730 3043; x_wconf 81' lang='lat' dir='ltr'><strong>eluvies</strong></span> <span class='ocrx_word' id='word_1_449' title='bbox 744 3004 812 3042; x_wconf 86' lang='lat' dir='ltr'><strong>in—</strong></span> 
     </span>
    </p>
   </div>
   <div class='ocr_carea' id='block_1_13' title="bbox 899 2152 1436 2189">
    <p class='ocr_par' dir='ltr' id='par_1_14' title="bbox 899 2152 1436 2189">
     <span class='ocr_line' id='line_1_53' title="bbox 899 2152 1436 2189; baseline -0.006 0"><span class='ocrx_word' id='word_1_450' title='bbox 899 2153 969 2189; x_wconf 85' lang='grc'><strong>486</strong></span> <span class='ocrx_word' id='word_1_451' title='bbox 993 2155 1069 2187; x_wconf 90' lang='lat' dir='ltr'><strong>Per</strong></span> <span class='ocrx_word' id='word_1_452' title='bbox 1091 2161 1220 2187; x_wconf 78' lang='lat' dir='ltr'><strong>noctes·</strong></span> <span class='ocrx_word' id='word_1_453' title='bbox 1234 2152 1336 2186; x_wconf 80' lang='lat' dir='ltr'><strong>Leid.</strong></span> <span class='ocrx_word' id='word_1_454' title='bbox 1365 2164 1436 2187; x_wconf 90' lang='lat' dir='ltr'><strong>sec.</strong></span> 
     </span>
    </p>
   </div>
   <div class='ocr_carea' id='block_1_14' title="bbox 866 2247 1603 3058">
    <p class='ocr_par' dir='ltr' id='par_1_15' title="bbox 866 2247 1603 3058">
     <span class='ocr_line' id='line_1_54' title="bbox 868 2247 1602 2302; baseline 0 -14"><span class='ocrx_word' id='word_1_455' title='bbox 868 2249 1078 2288; x_wconf 88' lang='lat' dir='ltr'><strong>credibiles</strong></span> <span class='ocrx_word' id='word_1_456' title='bbox 1103 2261 1221 2302; x_wconf 86' lang='lat' dir='ltr'><strong>saepe</strong></span> <span class='ocrx_word' id='word_1_457' title='bbox 1249 2262 1441 2301; x_wconf 87' lang='lat' dir='ltr'><strong>agrorum</strong></span> <span class='ocrx_word' id='word_1_458' title='bbox 1463 2247 1602 2288; x_wconf 88' lang='lat' dir='ltr'><strong>homi-</strong></span> 
     </span>
     <span class='ocr_line' id='line_1_55' title="bbox 867 2307 1602 2360; baseline -0.001 -14"><span class='ocrx_word' id='word_1_459' title='bbox 867 2321 1046 2360; x_wconf 87' lang='lat' dir='ltr'><strong>numque</strong></span> <span class='ocrx_word' id='word_1_460' title='bbox 1080 2313 1229 2359; x_wconf 82' lang='lat' dir='ltr'><strong>strages</strong></span> <span class='ocrx_word' id='word_1_461' title='bbox 1262 2307 1399 2346; x_wconf 89' lang='lat' dir='ltr'><strong>fecisse</strong></span> <span class='ocrx_word' id='word_1_462' title='bbox 1435 2315 1602 2346; x_wconf 87' lang='lat' dir='ltr'><strong>narrata</strong></span> 
     </span>
     <span class='ocr_line' id='line_1_56' title="bbox 868 2364 1602 2420; baseline 0.001 -16"><span class='ocrx_word' id='word_1_463' title='bbox 868 2372 941 2405; x_wconf 78' lang='lat' dir='ltr'><strong>est.</strong></span> <span class='ocrx_word' id='word_1_464' title='bbox 1002 2364 1232 2420; x_wconf 84' lang='lat' dir='ltr'><strong>(Eridanus</strong></span> <span class='ocrx_word' id='word_1_465' title='bbox 1270 2379 1348 2404; x_wconf 81' lang='lat' dir='ltr'><strong>rex</strong></span> <span class='ocrx_word' id='word_1_466' title='bbox 1378 2365 1602 2405; x_wconf 81' lang='lat' dir='ltr'><strong>fluviorum</strong></span> 
     </span>
     <span class='ocr_line' id='line_1_57' title="bbox 869 2424 1603 2475; baseline -0.001 -12"><span class='ocrx_word' id='word_1_467' title='bbox 869 2424 950 2463; x_wconf 88' lang='lat' dir='ltr'><strong>dici</strong></span> <span class='ocrx_word' id='word_1_468' title='bbox 967 2424 1155 2473; x_wconf 82' lang='lat' dir='ltr'><strong>videtur,</strong></span> <span class='ocrx_word' id='word_1_469' title='bbox 1194 2424 1289 2475; x_wconf 87' lang='lat' dir='ltr'><strong>quia</strong></span> <span class='ocrx_word' id='word_1_470' title='bbox 1314 2424 1517 2463; x_wconf 76' lang='lat' dir='ltr'><strong>maximus</strong></span> <span class='ocrx_word' id='word_1_471' title='bbox 1541 2430 1603 2462; x_wconf 87' lang='lat' dir='ltr'><strong>est</strong></span> 
     </span>
     <span class='ocr_line' id='line_1_58' title="bbox 867 2481 1602 2534; baseline -0.001 -13"><span class='ocrx_word' id='word_1_472' title='bbox 867 2482 1090 2521; x_wconf 74' lang='lat' dir='ltr'><strong>fluviorum</strong></span> <span class='ocrx_word' id='word_1_473' title='bbox 1132 2481 1272 2520; x_wconf 82' lang='lat' dir='ltr'><strong>Italiae</strong></span> <span class='ocrx_word' id='word_1_474' title='bbox 1326 2482 1602 2534; x_wconf 85' lang='lat' dir='ltr'><strong>plurimosque</strong></span> 
     </span>
     <span class='ocr_line' id='line_1_59' title="bbox 867 2540 1603 2593; baseline 0 -14"><span class='ocrx_word' id='word_1_475' title='bbox 867 2540 1015 2579; x_wconf 84' lang='lat' dir='ltr'><strong>fluvios</strong></span> <span class='ocrx_word' id='word_1_476' title='bbox 1038 2541 1153 2579; x_wconf 85' lang='lat' dir='ltr'><strong>alveo</strong></span> <span class='ocrx_word' id='word_1_477' title='bbox 1171 2553 1243 2578; x_wconf 90' lang='lat' dir='ltr'><strong>suo</strong></span> <span class='ocrx_word' id='word_1_478' title='bbox 1263 2540 1426 2593; x_wconf 77' lang='lat' dir='ltr'><strong>excipit.</strong></span> <span class='ocrx_word' id='word_1_479' title='bbox 1468 2540 1603 2580; x_wconf 89' lang='lat' dir='ltr'><strong>Wun-</strong></span> 
     </span>
     <span class='ocr_line' id='line_1_60' title="bbox 869 2598 1601 2655; baseline -0.001 -18"><span class='ocrx_word' id='word_1_480' title='bbox 869 2598 1085 2655; x_wconf 73' lang='lat' dir='ltr'><strong>derlichius</strong></span> <span class='ocrx_word' id='word_1_481' title='bbox 1111 2605 1321 2650; x_wconf 85' lang='lat' dir='ltr'><strong>comparat</strong></span> <span class='ocrx_word' id='word_1_482' title='bbox 1354 2599 1424 2636; x_wconf 88' lang='lat' dir='ltr'><strong>Ge.</strong></span> <span class='ocrx_word' id='word_1_483' title='bbox 1445 2598 1503 2648; x_wconf 88' lang='lat' dir='ltr'><strong>H,</strong></span> <span class='ocrx_word' id='word_1_484' title='bbox 1532 2600 1601 2641; x_wconf 87' lang='lat'><strong>98.</strong></span> 
     </span>
     <span class='ocr_line' id='line_1_61' title="bbox 866 2654 1600 2710; baseline -0.004 -14"><span class='ocrx_word' id='word_1_485' title='bbox 866 2672 936 2696; x_wconf 87' lang='lat' dir='ltr'><strong>rex</strong></span> <span class='ocrx_word' id='word_1_486' title='bbox 955 2659 1040 2708; x_wconf 65' lang='lat' dir='ltr'><strong>lpse</strong></span> <span class='ocrx_word' id='word_1_487' title='bbox 1058 2656 1296 2695; x_wconf 74' lang='lat' dir='ltr'><strong>Phanaeus.</strong></span> <span class='ocrx_word' id='word_1_488' title='bbox 1337 2655 1456 2710; x_wconf 87' lang='lat' dir='ltr'><strong>Wr.)</strong></span> <span class='ocrx_word' id='word_1_489' title='bbox 1503 2654 1600 2698; x_wconf 81' lang='grc'><strong>485.</strong></span> 
     </span>
     <span class='ocr_line' id='line_1_62' title="bbox 867 2713 1602 2768; baseline -0.004 -15"><span class='ocrx_word' id='word_1_490' title='bbox 867 2715 934 2753; x_wconf 86' lang='lat' dir='ltr'><strong>Ad</strong></span> <span class='ocrx_word' id='word_1_491' title='bbox 951 2714 1135 2768; x_wconf 88' lang='lat' dir='ltr'><strong>prodigia</strong></span> <span class='ocrx_word' id='word_1_492' title='bbox 1151 2713 1253 2753; x_wconf 86' lang='lat' dir='ltr'><strong>haec</strong></span> <span class='ocrx_word' id='word_1_493' title='bbox 1266 2715 1314 2753; x_wconf 90' lang='lat' dir='ltr'><strong>cf.</strong></span> <span class='ocrx_word' id='word_1_494' title='bbox 1336 2714 1540 2766; x_wconf 72' lang='lat' dir='ltr'><strong>disputata</strong></span> <span class='ocrx_word' id='word_1_495' title='bbox 1558 2714 1602 2751; x_wconf 88' lang='lat' dir='ltr'><strong>in</strong></span> 
     </span>
     <span class='ocr_line' id='line_1_63' title="bbox 868 2772 1602 2826; baseline -0.007 -13"><span class='ocrx_word' id='word_1_496' title='bbox 868 2774 1017 2826; x_wconf 88' lang='lat' dir='ltr'><strong>Opusc.</strong></span> <span class='ocrx_word' id='word_1_497' title='bbox 1054 2773 1145 2813; x_wconf 92' lang='lat' dir='ltr'><strong>Vol.</strong></span> <span class='ocrx_word' id='word_1_498' title='bbox 1171 2773 1245 2822; x_wconf 89' lang='lat' dir='ltr'>III,</span> <span class='ocrx_word' id='word_1_499' title='bbox 1285 2772 1441 2811; x_wconf 85' lang='lat' dir='ltr'><strong>Prolus.</strong></span> <span class='ocrx_word' id='word_1_500' title='bbox 1468 2772 1530 2810; x_wconf 89' lang='lat' dir='ltr'><strong>XI</strong></span> <span class='ocrx_word' id='word_1_501' title='bbox 1560 2776 1602 2808; x_wconf 89' lang='lat' dir='ltr'><strong>et</strong></span> 
     </span>
     <span class='ocr_line' id='line_1_64' title="bbox 867 2829 1601 2885; baseline -0.01 -13"><span class='ocrx_word' id='word_1_502' title='bbox 867 2832 975 2877; x_wconf 77' lang='lat' dir='ltr'><strong>XIV.</strong></span> <span class='ocrx_word' id='word_1_503' title='bbox 1036 2829 1274 2885; x_wconf 84' lang='lat' dir='ltr'><strong>(Wunderl.</strong></span> <span class='ocrx_word' id='word_1_504' title='bbox 1305 2836 1447 2881; x_wconf 83' lang='lat' dir='ltr'><strong>negat,</strong></span> <span class='ocrx_word' id='word_1_505' title='bbox 1491 2842 1601 2867; x_wconf 84' lang='lat' dir='ltr'><strong>reso-</strong></span> 
     </span>
     <span class='ocr_line' id='line_1_65' title="bbox 867 2888 1600 2942; baseline -0.007 -14"><span class='ocrx_word' id='word_1_506' title='bbox 867 2904 965 2928; x_wconf 84' lang='lat' dir='ltr'><strong>nare</strong></span> <span class='ocrx_word' id='word_1_507' title='bbox 984 2903 1036 2928; x_wconf 81' lang='lat' dir='ltr'><strong>ex</strong></span> <span class='ocrx_word' id='word_1_508' title='bbox 1062 2889 1281 2942; x_wconf 82' lang='lat' dir='ltr'><strong>repetendo</strong></span> <span class='ocrx_word' id='word_1_509' title='bbox 1309 2888 1435 2926; x_wconf 83' lang='lat' dir='ltr'><strong>verbo</strong></span> <span class='ocrx_word' id='word_1_510' title='bbox 1464 2900 1600 2924; x_wconf 77' lang='lat' dir='ltr'><strong>cessa-</strong></span> 
     </span>
     <span class='ocr_line' id='line_1_66' title="bbox 868 2945 1596 3000; baseline -0.008 -14"><span class='ocrx_word' id='word_1_511' title='bbox 868 2956 1008 2986; x_wconf 77' lang='lat' dir='ltr'><strong>verunt</strong></span> <span class='ocrx_word' id='word_1_512' title='bbox 1034 2947 1232 3000; x_wconf 82' lang='lat' dir='ltr'><strong>pendere3</strong></span> <span class='ocrx_word' id='word_1_513' title='bbox 1262 2953 1351 2984; x_wconf 84' lang='lat' dir='ltr'><strong>tum</strong></span> <span class='ocrx_word' id='word_1_514' title='bbox 1378 2945 1484 2982; x_wconf 88' lang='lat' dir='ltr'><strong>enim</strong></span> <span class='ocrx_word' id='word_1_515' title='bbox 1508 2951 1596 2992; x_wconf 77' lang='lat' dir='ltr'><strong>aut,</strong></span> 
     </span>
     <span class='ocr_line' id='line_1_67' title="bbox 868 3004 1600 3058; baseline -0.008 -14"><span class='ocrx_word' id='word_1_516' title='bbox 868 3019 955 3044; x_wconf 88' lang='lat' dir='ltr'><strong>non</strong></span> <span class='ocrx_word' id='word_1_517' title='bbox 974 3013 1011 3043; x_wconf 80' lang='lat' dir='ltr'><strong>et</strong></span> <span class='ocrx_word' id='word_1_518' title='bbox 1026 3004 1226 3058; x_wconf 81' lang='lat' dir='ltr'><strong>postulari</strong></span> <span class='ocrx_word' id='word_1_519' title='bbox 1232 3019 1244 3054; x_wconf 77' lang='lat'>3</span> <span class='ocrx_word' id='word_1_520' title='bbox 1264 3016 1445 3041; x_wconf 79' lang='lat' dir='ltr'><strong>resonare</strong></span> <span class='ocrx_word' id='word_1_521' title='bbox 1463 3007 1600 3040; x_wconf 87' lang='lat' dir='ltr'><strong>autem</strong></span> 
     </span>
    </p>
   </div>
  </div>
 </body>
</html>
