1734 3320
135 127 138 129 ’
178 150 281 200 578
517 148 574 198 P.
618 147 966 199 VIRGILII
1008 147 1376 201 MARole

175 279 596 342 Extremamque
619 274 789 342 sequi,
815 282 904 323 aut
921 274 1109 325 medio
1131 275 1499 342 procumbere
1522 294 1714 345 campo

176 351 519 409 Pascentem,
560 354 613 395 et
635 361 785 394 serae
805 343 976 394 solam
1001 345 1272 395 decedere
1298 346 1470 398 nocti:

179 417 454 470 Continuo
480 415 693 482 culpam
714 412 865 464 ferro
897 432 1189 483 conpesce,
1226 417 1375 483 prius
1402 412 1566 484 qu'am

176 489 303 539 Dira
328 503 429 554 per
452 486 729 536 incautum
753 495 970 552 serpant
994 487 1236 551 contagia
1261 486 1462 552 volgus

176 563 302 612 Non
344 566 456 607 tam
504 556 722 619 creber,
779 571 941 621 agens
987 555 1256 622 hiemem,
1316 558 1424 608 ruit
1477 572 1715 624 aequore

972 627 1161 692 turbo,
1613 631 1715 679 470

180 701 357 761 Quam
378 695 583 746 multae
613 695 893 762 pecudum
913 706 1107 764 pestes,
1169 700 1283 749 Nec
1305 697 1510 762 singula
1533 697 1715 747 morbi

179 770 425 835 Corpora
451 765 786 832 com-ipiunt,
823 767 921 818 sed
944 776 1057 818 tota
1081 768 1274 818 aestiva
1294 777 1540 835 repente,

180 840 460 907 Spemque
493 851 827 905 gregemque
863 838 1055 904 simul,
1110 847 1470 907 cunctamque
1503 838 1567 889 ab
1607 838 1716 890 ori-

971 909 1097 975 gine
1124 919 1359 975 gentem.

249 981 368 1031 472.
406 992 762 1040 CONRIPIUNT3

223 1130 295 1166 466
320 1132 607 1176 Extremumque
631 1131 730 1173 Ven.
825 1129 898 1167 467
923 1139 961 1166 et
989 1132 1091 1166 abest
1113 1133 1157 1167 ab
1175 1145 1248 1167 uno
1264 1132 1382 1167 Mead.
1433 1133 1553 1167 solum
1573 1133 1714 1177 Menag.

176 1190 231 1225 pr.
279 1185 538 1212 sera—nocte
556 1177 719 1211 nonnulli
737 1178 832 1223 apud
851 1178 1019 1214 Pieriam.
1070 1181 1260 1214 discedere
1287 1181 1413 1225 fragm.
1434 1180 1562 1214 Moret.
1613 1193 1716 1214 rece-

179 1226 267 1259 dere
285 1226 376 1260 Ven.
404 1225 499 1259 conf.
530 1225 576 1258 ad
604 1225 726 1271 Eclog.
750 1227 854 1270 VIII,
878 1228 936 1262 28.
987 1228 1171 1262 deducere
1190 1228 1264 1262 Erf.
1343 1226 1414 1264 468
1432 1226 1596 1261 morbum
1605 1226 1717 1275 ferro

177 1273 372 1307 Zulichem.
392 1285 412 1306 a
428 1285 474 1306 m.
498 1284 568 1306 sec.
609 1271 722 1318 ferro
750 1274 897 1322 culpam
918 1274 1023 1310 Aldd.
1047 1283 1082 1309 et
1110 1275 1201 1310 aliae
1227 1275 1310 1309 hinc
1330 1275 1467 1316 editae;
1503 1275 1611 1310 etiam
1634 1275 1716 1310 edd.

178 1327 268 1354 vett.
289 1326 326 1354 et
349 1331 469 1354 omnes
499 1319 625 1365 scripti
643 1321 810 1363 Martini,
842 1322 956 1356 minus
988 1323 1171 1356 concinne.
1220 1322 1408 1356 Meliorem
1430 1322 1592 1356 ordinem
1616 1322 1719 1356 dedit

177 1368 318 1413 Egnat.,
342 1367 426 1400 hinc
446 1367 652 1401 Commelin.
748 1367 821 1404 470
849 1371 927 1403 ruit
954 1382 1119 1417 aequora
1138 1371 1243 1414 Gud.,
1276 1370 1372 1416 quod
1392 1370 1576 1404 confirmat
1593 1369 1715 1404 Heius.

178 1415 224 1448 ad
245 1418 332 1449 Aen.
350 1416 443 1456 VIII,
470 1415 516 1450 63
538 1421 573 1448 et
590 1418 678 1449 Aen.
701 1417 728 1459 Ι,
755 1414 802 1451 84
823 1423 860 1450 et
876 1417 997 1462 placet
1019 1418 1226 1460 admodum3
1251 1417 1391 1462 recepit
1408 1429 1549 1464 quoque
1569 1418 1716 1452 Wakef.

179 1462 295 1508 (Nihil
313 1462 373 1496 hic
393 1462 438 1495 de
458 1462 639 1496 concitato
657 1463 757 1506 mari,
783 1464 879 1509 quod
899 1471 994 1498 esset
1017 1468 1094 1500 ruit
1110 1478 1294 1512 aequor-(13
1322 1465 1387 1499 sed
1406 1465 1451 1498 de
1474 1466 1613 1506 crebro,
1638 1465 1662 1501 i.
1684 1477 1716 1500 e.

179 1510 304 1552 denso,
324 1509 438 1543 imbre
458 1509 549 1543 haec
566 1510 814 1556 intelligenda.
864 1515 1038 1559 Aequore
1058 1513 1210 1556 additur,
1235 1520 1274 1546 ut
1294 1525 1419 1559 saepe,
1446 1525 1552 1558 quum
1570 1512 1717 1558 procel-

178 1556 256 1591 losa
280 1564 471 1603 tempestas
496 1557 728 1600 describitur;
761 1559 910 1593 maxime
939 1560 1031 1594 enim
1058 1561 1226 1594 horridae
1248 1561 1367 1594 solent
1379 1567 1463 1594 'esse
1481 1566 1716 1606 tempestates

179 1604 217 1637 in
232 1605 331 1638 mari.
380 1606 430 1638 Ac
451 1617 562 1638 ruere
579 1617 688 1650 saepe
710 1606 755 1639 de
775 1606 906 1648 imbre;
941 1608 1058 1642 hiems
1074 1615 1268 1653 tempestas
1296 1620 1374 1641 cum
1395 1607 1507 1642 imbre
1526 1615 1588 1642 aut
1605 1620 1717 1653 gran-

179 1651 281 1693 dine;
307 1661 381 1686 tam
406 1650 532 1685 creber
559 1654 637 1686 ruit
660 1652 791 1697 turbo,
822 1654 846 1687 i.
878 1667 908 1688 e.
938 1655 1043 1689 turbo
1066 1657 1224 1690 exoritur
1253 1668 1332 1689 cum
1351 1662 1422 1689 tam
1444 1656 1570 1689 crebro
1588 1654 1715 1690 imbre.

182 1699 291 1743 Iunge
326 1699 455 1744 igitur:
499 1700 613 1741 „Non
652 1701 759 1734 turbo
793 1701 946 1735 hiemem
980 1715 1088 1748 agens
1114 1710 1186 1737 tam
1215 1703 1339 1737 creber
1374 1702 1494 1744 ruit;“
1543 1714 1616 1736 non
1644 1702 1714 1737 sic:

180 1772 202 1788 „
217 1748 300 1780 Non
320 1752 394 1779 tam
418 1746 543 1779 creber
559 1747 686 1789 turbo,
713 1748 865 1782 hiemem
885 1761 1004 1793 agens,
1029 1751 1136 1784 ruit.“
1167 1751 1265 1795 Wr.)
1316 1763 1403 1783 aere
1417 1749 1567 1784 Vratisl.
1617 1749 1718 1785 rube'ss

179 1794 329 1835 Franc.,
365 1804 432 1839 pro
461 1792 561 1827 subit
592 1794 684 1828 coni.
711 1796 897 1830 Burmann.
992 1797 1060 1833 471
1082 1799 1266 1845 pecodum
1291 1797 1383 1831 Gud.
1427 1810 1602 1845 pecorum
1622 1798 1715 1833 Ven.

179 1844 236 1875 Ac
256 1841 410 1888 singula
427 1840 538 1874 Goth.
558 1853 612 1887 pr.

179 1948 334 1989 Verum
367 1961 557 1986 sensuum
590 1948 791 1988 vocabula
822 1962 920 2002 per-

179 2012 316 2046 mutat
340 2006 471 2045 oratio
500 2006 679 2058 poetica:
718 2008 776 2046 ita
805 2014 921 2060 grata

181 2071 219 2104 et
239 2065 421 2104 iucunda
454 2070 551 2103 sunt
567 2065 738 2116 blanda,
772 2066 919 2117 dulcia,

180 2124 288 2163 lenia
309 2154 319 2173 ,
366 2123 517 2162 mollia.
561 2123 726 2163 umbrae
763 2133 919 2163 tenerae

181 2188 279 2222 sunt
317 2181 427 2234 apud
462 2182 648 2234 Propert.
684 2183 715 2232 I,
751 2185 818 2232 18,
848 2186 918 2225 21.

183 2238 364 2295 (Rectius
392 2246 531 2278 tamen
549 2240 713 2279 Vossius
732 2241 921 2280 umbram

180 2298 391 2338 mollem
421 2297 502 2336 dici
520 2299 726 2338 existimat
744 2313 767 2338 a
782 2300 920 2339 molli-

179 2357 237 2395 tie
259 2356 500 2408 quaerentis.
524 2358 595 2397 W
588 2355 644 2412 r.)
690 2356 789 2401 468.
813 2358 920 2397 Con-

182 2417 293 2453 tinuo
322 2416 489 2466 culpam
515 2429 728 2467 conpesce,
762 2415 804 2455 h.
831 2422 918 2455 sta-

180 2472 257 2512 tim
276 2473 426 2512 occide.
456 2474 638 2524 culpam,
671 2473 713 2513 h.
735 2488 918 2514 caussam

181 2531 336 2581 morbi,
375 2531 552 2580 malum,
592 2531 759 2583 vitium,
799 2530 916 2587 ἄτην.

181 2603 391 2641 conpesce,
424 2602 562 2628 coerce
578 2620 588 2640 ,
619 2603 671 2629 ne
688 2591 812 2631 latius
829 2605 917 2631 ser-

180 2653 272 2701 pat,
301 2647 439 2699 ferro,
477 2647 565 2700 ipsa
587 2649 754 2700 pecudis
781 2650 916 2689 caede.

183 2705 348 2745 Gratius
384 2705 532 2758 Cyneg.
570 2704 657 2748 410
706 2709 760 2746 In
781 2710 917 2759 primo

181 2777 348 2803 accessu
364 2765 485 2802 tristis
501 2764 716 2816 medicina,
745 2766 819 2804 sed
832 2780 918 2804 una

181 2823 386 2861 Pernicies
439 2822 674 2861 redimenda
739 2825 883 2862 anima
901 2854 913 2874 ,

181 2894 288 2933 quae
297 2882 440 2932 prima
458 2882 626 2933 sequaci
637 2881 791 2933 §joar-sa
806 2883 916 2920 malo

182 2947 240 2978 est
250 2969 263 2988 ‚
305 2953 355 2977 ne
386 2938 479 2977 dira
515 2938 681 2978 trahant
720 2942 918 2997 contagia

708 1842 780 1878 473
804 1851 957 1891 totaque
978 1843 1024 1878 ab
1049 1846 1195 1891 origine
1213 1844 1418 1897 Zulichem.(

977 1951 1165 2004 vulgum.
1197 1953 1315 1992 Conf.
1345 1952 1445 1991 ibid.
1474 1966 1516 1992 v.
1545 1953 1630 1994 369
1656 1965 1714 2004 sq.

977 2007 1076 2052 467.
1106 2024 1218 2048 serae
1258 2011 1443 2049 decedere
1486 2012 1597 2050 nocti
1611 2040 1622 2059 ‚
1665 2016 1716 2049 ut

976 2068 1110 2121 Eclog.
1136 2068 1249 2119 VIII,
1279 2071 1361 2120 88,
1400 2068 1638 2121 exquisitius
1667 2082 1716 2108 ac

975 2141 1066 2165 sera
1094 2135 1207 2165 nocte
1225 2142 1241 2175 ;
1284 2133 1332 2167 ut
1368 2127 1610 2167 adventanti
1642 2133 1715 2167 aut

978 2185 1187 2224 accedenti
1206 2185 1256 2224 de
1278 2186 1345 2226 via
1365 2185 1607 2225 decedimus.

1037 2242 1135 2285 470.
1155 2243 1253 2286 471.
1282 2244 1498 2284 Infirmum
1526 2257 1649 2298 pecus
1673 2250 1715 2283 et

976 2302 1100 2341 variis
1143 2303 1296 2342 morbis
1333 2303 1556 2342 obnoxium
1590 2316 1715 2355 pecus

977 2360 1158 2399 ovillum.
1227 2361 1366 2400 Videri
1408 2368 1545 2415 potest
1580 2361 1712 2401 Varro

975 2418 1035 2470 H,
1068 2421 1108 2468 3,
1130 2419 1169 2462 5.
1197 2420 1236 2460 8.
1266 2420 1421 2459 Colum.
1440 2420 1526 2470 VII,
1545 2419 1584 2462 5.
1605 2420 1714 2458 Geo-

973 2491 1069 2530 pon.
1099 2477 1257 2527 XVIII,
1285 2481 1324 2520 9.
1366 2478 1531 2518 Gratius
1566 2478 1712 2531 Cyneg.

975 2534 1060 2577 479
1083 2549 1169 2586 sqq.
1208 2535 1320 2574 turbo
1359 2550 1489 2588 agens
1520 2537 1708 2586 hiemem,

973 2593 1183 2646 procellas,
1212 2593 1383 2645 imbres,
1412 2609 1494 2633 non
1515 2603 1602 2633 tam
1625 2609 1711 2633 cre-

974 2651 1064 2700 ber,
1100 2651 1243 2690 crebro
1256 2681 1269 2702 ‚
1306 2654 1413 2702 ruit,
1454 2652 1496 2692 h.
1521 2667 1606 2692 non
1625 2659 1712 2692 tam

975 2709 1108 2748 crebri
1133 2723 1179 2747 ac
1206 2710 1438 2762 frequentes
1467 2712 1652 2751 turbines
1668 2711 1712 2750 in

973 2768 1079 2806 mari
1096 2768 1366 2808 exoriuntur„
1387 2768 1484 2824 (Sed
1504 2769 1589 2810 vid.
1608 2770 1655 2810 V.
1666 2770 1710 2809 L,

979 2825 1099 2881 Wr.)
1129 2827 1199 2865 Ge.
1229 2827 1296 2877 IV,
1325 2829 1394 2870 80.
1421 2830 1474 2870 81
1507 2843 1590 2866 non
1609 2828 1710 2867 den-

974 2885 1057 2923 sior
1077 2899 1169 2923 aere
1196 2885 1358 2937 grando
1397 2886 1492 2924 Nec
1529 2886 1579 2925 de
1611 2901 1709 2925 con-
1732 2888 1734 2892 ’

973 2957 1092 2982 cassa
1110 2951 1270 2982 tantam
1285 2945 1399 2996 pluit
1416 2945 1508 2984 ilice
1519 2945 1704 2997 glandis.
