1768 3320
323 245 428 305 AD
466 242 862 293 VCARMINA
913 243 1337 303 BUCOLICA
1531 253 1597 298 39

79 370 224 427 cium
259 378 560 423 moverent.
639 371 753 419 Iam
797 369 1116 420 Octavianus
1154 368 1360 419 bellum
1404 371 1599 421 sensim

78 438 377 506 apparabat.
456 439 705 506 Denique
741 438 879 488 duae
914 437 1153 503 legiones
1192 442 1470 488 Anconam
1505 440 1600 490 de-

76 507 359 561 ducendae
393 509 448 559 in
480 509 748 559 coloniam
776 508 973 559 iudicio
1003 508 1173 572 diem,
1210 508 1393 558 locum
1424 509 1598 558 Gabiis

74 578 291 649 utrique
311 588 616 631 statuerant.
659 579 851 629 Lucius
872 578 1084 628 insidias
1104 579 1302 629 veritus
1330 595 1392 628 ex
1410 578 1597 629 itinere

75 649 292 716 incepto
336 648 497 699 rediit
538 653 841 701 Praeneste.
927 650 1043 699 Iam
1099 648 1269 700 edicta
1326 649 1597 715 utrimque

77 719 290 782 emissa,
324 719 731 770 mordacissima
753 718 991 786 quidem.

212 791 454 840 Exeunte
469 789 695 840 Octobri
716 798 771 839 et
793 790 1013 839 ineunte
1024 791 1157 840 Nov.
1174 788 1495 838 Octavianus
1509 805 1600 855 pe-

76 859 256 911 eunias
272 858 486 925 collegit
513 868 566 909 et
581 859 834 921 militem3
857 859 1087 909 militem
1108 859 1269 908 etiam
1283 858 1490 922 Luciu5‚
1517 859 1598 907 cui

74 929 249 981 maior
266 929 445 980 Italiae
466 946 588 996 pars
606 928 831 981 favebat.
875 930 1124 997 Denique
1147 937 1422 978 senatores
1443 927 1598 993 legati

74 1003 363 1050 Praeneste
375 1001 521 1050 missi
532 1025 545 1062 3
558 999 655 1050 sed
666 999 873 1052 frustra.
895 1000 1215 1050 Octavianus
1223 1001 1399 1050 Roma
1413 998 1480 1048 ad
1489 997 1600 1048 bel-

74 1068 192 1123 lum
212 1068 488 1136 profectus
515 1069 786 1120 adAlbam
812 1072 1055 1135 Longam
1077 1069 1207 1119 duas
1232 1068 1471 1134 legiones
1493 1071 1599 1118 Lu-

76 1139 140 1190 cii
164 1139 233 1191 ad
256 1139 556 1207 sepellexit,
575 1140 838 1193 Furnium
848 1141 1013 1190 Lucio
1035 1141 1212 1206 copias
1235 1139 1598 1189 adducentem

30 1266 33 1269 ,
74 1209 294 1277 pepulit,
306 1210 591 1263 Sentinum
601 1219 655 1260 et
662 1211 925 1273 Nursiam,
936 1210 1190 1262 Umbriae
1206 1209 1419 1278 oppida,
1432 1226 1599 1275 oppu-

73 1281 263 1345 gnavit.
294 1281 487 1330 Lucius
510 1297 539 1330 e
560 1280 683 1330 loco
706 1281 846 1330 inter
869 1283 1157 1330 Praeneste
1183 1289 1237 1329 et
1251 1278 1442 1329 Albam
1453 1282 1598 1328 Lon-

2 1376 5 1380 ¹
73 1366 196 1416 gam
222 1348 339 1400 fere
370 1350 555 1400 medio
580 1353 816 1401 Romam
844 1351 1019 1417 petiit3
1057 1366 1167 1417 quo
1194 1348 1337 1398 facto
1364 1348 1598 1415 Lepidus

77 1421 240 1471 evasit
259 1419 328 1470 ad
341 1421 708 1472 Octavianum.
730 1421 922 1470 Lucius
932 1420 1138 1486 populo
1162 1428 1458 1469 convocato
1471 1435 1598 1485 pro-

74 1491 218 1543 misit
232 1491 627 1543 triumviratum
651 1491 968 1555 abrogatum
993 1490 1070 1554 iri,
1092 1491 1389 1557 imperator
1406 1488 1599 1538 saluta-

75 1569 176 1624 tm,
198 1558 475 1628 profectus
499 1570 580 1611 est
601 1570 786 1611 contra
799 1561 1166 1624 Octavianum,
1180 1559 1375 1609 milites
1401 1576 1431 1609 e
1451 1558 1599 1608 colo-

77 1631 500 1682 niisAntonianis
529 1631 740 1696 collegit
760 1647 1062 1698 eorumque
1083 1629 1282 1697 oppida
1300 1629 1540 1681 munivit.

215 1701 537 1752 Octavianus
563 1700 751 1751 relicto
790 1700 858 1754 ad
887 1701 1172 1751 Sentinum
1207 1699 1344 1749 duce
1364 1701 1598 1751 Romam

75 1770 246 1823 rediit.
290 1772 483 1821 Lucius
503 1772 707 1822 interea
724 1773 903 1822 Roma
927 1770 1232 1821 Salvidieno
1260 1769 1473 1819 obviam
1494 1768 1598 1828 ivit,

78 1859 142 1891 ex
164 1841 354 1902 Gallia,
392 1851 446 1891 et
466 1841 730 1892 Placentia
750 1841 973 1908 quidem
992 1883 1005 1900 ,
1055 1839 1332 1904 redeunti,
1383 1857 1411 1889 a
1446 1848 1598 1903 tergo

78 1913 391 1978 impugnato
409 1928 507 1978 per
528 1911 836 1963 Ventidium
861 1920 915 1961 et
926 1910 1494 1972 AsiniumPollionem,
1510 1908 1599 1976 qui

55 1982 356 2049 ‘hucusque
389 1999 516 2032 eum
551 1983 625 2032 ibi
659 1991 939 2032 vexaverat
971 1991 1024 2031 et
1052 1982 1359 2032 retinuerat.
1441 1981 1601 2030 Octa-

77 2053 261 2103 vianus
280 2053 487 2102 maiore
522 2052 761 2102 custodia
792 2055 1002 2103 Romae
1036 2051 1207 2118 posita
1237 2052 1435 2100 iterum
1463 2050 1599 2100 abiit.

78 2123 307 2189 Agrippa
331 2123 594 2186 Sutrium,
615 2123 859 2172 Etruriae
888 2122 1179 2189 oppidum,
1214 2122 1270 2171 in
1291 2122 1374 2170 via
1397 2120 1543 2170 Lucii
1573 2136 1600 2167 a

77 2202 230 2257 tergo
251 2194 411 2244 situm
442 2193 743 2260 occupavit,
777 2202 839 2242 ut
859 2193 1053 2242 Lucius
1084 2208 1141 2241 se
1168 2209 1197 2241 a
1226 2200 1379 2256 tergo
1424 2191 1602 2256 impu-

76 2271 299 2328 gnatum
319 2263 383 2312 iri
403 2264 639 2313 sentiens
667 2279 780 2312 non
810 2272 993 2330 posset
1013 2271 1197 2312 contra
1238 2260 1603 2312 Salvidienum

77 2348 319 2399 pergere.
389 2336 656 2384 Reversus
688 2342 978 2399 propterea
1007 2349 1197 2382 mense
1223 2331 1513 2382 Decembri
1543 2347 1604 2380 ex

78 2403 160 2452 via
189 2403 244 2452 in
279 2402 502 2454 Galliam
532 2402 852 2468 Cisalpinam
886 2420 1010 2452 cum
1050 2401 1303 2454 Ventidio
1336 2411 1389 2451 et
1420 2402 1601 2451 Asinio

7 2495 15 2501 ·
78 2472 323 2523 Pollione
346 2474 453 2522 iam
474 2474 529 2522 in
550 2474 818 2524 Etruriam
844 2474 1138 2539 progressis
1168 2470 1603 2538 copias'coniun-

28 2593 31 2595 ,
79 2558 207 2607 gere
229 2542 411 2595 voluit.
468 2543 579 2593 Sed
598 2560 669 2592 ne
689 2544 1137 2593 circumvenirent
1155 2543 1386 2608 Agrippa
1414 2551 1466 2591 et
1490 2540 1604 2590 Sal-

81 2612 348 2675 vidienus,
394 2614 614 2673 timenS,
668 2614 922 2680 utrinque
955 2614 1275 2663 imminente
1306 2611 1462 2660 hoste
1503 2614 1604 2660 Pe-

82 2683 279 2732 rusiam
303 2681 543 2746 deflexit,
579 2684 895 2734 Ventidium
920 2693 974 2733 et
1000 2682 1306 2734 Pollionem
1339 2690 1605 2747 exspecta-

83 2760 246 2803 turus,
293 2752 403 2802 Sed
422 2754 654 2820 Agrippa
678 2771 705 2802 a
726 2753 971 2816 meridie,
993 2752 1326 2803 Salvidienus
1341 2769 1369 2800 a
1391 2760 1606 2817 septen-

83 2822 285 2885 trione,
347 2823 668 2876 Octavianus
704 2824 769 2873 ab
806 2825 1015 2873 oriente
1055 2823 1225 2872 tribus
1259 2821 1415 2870 simul
1459 2836 1606 2869 exer-

86 2891 273 2940 citibus
293 2893 567 2942 Perusiam
590 2902 645 2942 et
664 2903 828 2943 castra
853 2894 998 2943 Lucii
1024 2892 1370 2942 obsederunt.
1447 2891 1605 2938 Octa—

86 2963 270 3011 vianus
299 2961 540 3028 undique
579 2965 880 3013 convocatis
916 2964 1079 3029 copiis
1122 2962 1242 3012 alias
1266 2959 1519 3011 Ventidio
1555 2965 1606 3005 et
