<?xml version="1.0" encoding="UTF-8"?>
<!DOCTYPE html PUBLIC "-//W3C//DTD XHTML 1.0 Transitional//EN"
    "http://www.w3.org/TR/xhtml1/DTD/xhtml1-transitional.dtd">
<html xmlns="http://www.w3.org/1999/xhtml" xml:lang="en" lang="en">
 <head>
  <title>
</title>
<meta http-equiv="Content-Type" content="text/html;charset=utf-8" />
  <meta name='ocr-system' content='tesseract 3.04.00' />
  <meta name='ocr-capabilities' content='ocr_page ocr_carea ocr_par ocr_line ocrx_word'/>
</head>
<body>
  <div class='ocr_page' id='page_1' title='image "./publiusvirgilius01virguoft_0557.png"; bbox 0 0 1734 3320; ppageno 0'>
   <div class='ocr_carea' id='block_1_1' title="bbox 390 190 1592 264">
    <p class='ocr_par' dir='ltr' id='par_1_1' title="bbox 390 190 1592 264">
     <span class='ocr_line' id='line_1_1' title="bbox 390 190 1592 264; baseline 0.004 -17"><span class='ocrx_word' id='word_1_1' title='bbox 390 197 492 247; x_wconf 88' lang='lat' dir='ltr'><strong>AD</strong></span> <span class='ocrx_word' id='word_1_2' title='bbox 531 190 1028 258; x_wconf 59' lang='lat' dir='ltr'><strong>GEORGJCON</strong></span> <span class='ocrx_word' id='word_1_3' title='bbox 1062 192 1203 264; x_wconf 73' lang='lat' dir='ltr'><strong>Lm,</strong></span> <span class='ocrx_word' id='word_1_4' title='bbox 1239 195 1266 244; x_wconf 92' lang='lat'><em>1</em></span> <span class='ocrx_word' id='word_1_5' title='bbox 1492 204 1592 252; x_wconf 85' lang='lat'><strong>387</strong></span> 
     </span>
    </p>
   </div>
   <div class='ocr_carea' id='block_1_2' title="bbox 67 322 1594 1543">
    <p class='ocr_par' dir='ltr' id='par_1_2' title="bbox 67 322 1594 1543">
     <span class='ocr_line' id='line_1_2' title="bbox 74 322 1593 381; baseline -0.002 -13"><span class='ocrx_word' id='word_1_6' title='bbox 74 327 189 368; x_wconf 84' lang='lat' dir='ltr'><strong>haud</strong></span> <span class='ocrx_word' id='word_1_7' title='bbox 214 331 411 381; x_wconf 83' lang='lat' dir='ltr'><strong>spectant.</strong></span> <span class='ocrx_word' id='word_1_8' title='bbox 478 324 570 364; x_wconf 86' lang='lat' dir='ltr'><strong>Non</strong></span> <span class='ocrx_word' id='word_1_9' title='bbox 595 323 682 363; x_wconf 80' lang='lat' dir='ltr'><strong>sine</strong></span> <span class='ocrx_word' id='word_1_10' title='bbox 707 323 846 362; x_wconf 84' lang='lat' dir='ltr'><strong>fructu</strong></span> <span class='ocrx_word' id='word_1_11' title='bbox 871 322 1092 375; x_wconf 80' lang='lat' dir='ltr'>inspexeris</span> <span class='ocrx_word' id='word_1_12' title='bbox 1123 322 1177 360; x_wconf 89' lang='lat' dir='ltr'><strong>ad</strong></span> <span class='ocrx_word' id='word_1_13' title='bbox 1203 322 1244 362; x_wconf 98' lang='grc'><strong>11.</strong></span> <span class='ocrx_word' id='word_1_14' title='bbox 1272 324 1298 363; x_wconf 92' lang='lat' dir='ltr'><strong>l.</strong></span> <span class='ocrx_word' id='word_1_15' title='bbox 1323 325 1451 365; x_wconf 88' lang='lat' dir='ltr'><strong>vossii</strong></span> <span class='ocrx_word' id='word_1_16' title='bbox 1481 328 1528 367; x_wconf 81' lang='lat' dir='ltr'><strong>V.</strong></span> <span class='ocrx_word' id='word_1_17' title='bbox 1550 329 1593 369; x_wconf 85' lang='lat' dir='ltr'><strong>C.</strong></span> 
     </span>
     <span class='ocr_line' id='line_1_3' title="bbox 75 377 1594 439; baseline 0 -13"><span class='ocrx_word' id='word_1_18' title='bbox 75 387 344 426; x_wconf 80' lang='lat' dir='ltr'><strong>Commentar.</strong></span> <span class='ocrx_word' id='word_1_19' title='bbox 360 383 406 423; x_wconf 90' lang='lat' dir='ltr'><strong>in</strong></span> <span class='ocrx_word' id='word_1_20' title='bbox 426 379 649 436; x_wconf 83' lang='lat' dir='ltr'>Georgica.)</span> <span class='ocrx_word' id='word_1_21' title='bbox 710 377 846 434; x_wconf 83' lang='lat' dir='ltr'><strong>(Quae</strong></span> <span class='ocrx_word' id='word_1_22' title='bbox 877 380 1005 419; x_wconf 83' lang='lat' dir='ltr'><strong>suerit</strong></span> <span class='ocrx_word' id='word_1_23' title='bbox 1023 380 1150 419; x_wconf 75' lang='lat' dir='ltr'><strong>aratri</strong></span> <span class='ocrx_word' id='word_1_24' title='bbox 1170 393 1194 418; x_wconf 88' lang='lat' dir='ltr'><strong>a</strong></span> <span class='ocrx_word' id='word_1_25' title='bbox 1212 380 1377 434; x_wconf 89' lang='lat' dir='ltr'>Virgilio</span> <span class='ocrx_word' id='word_1_26' title='bbox 1403 384 1594 439; x_wconf 85' lang='lat' dir='ltr'>descripti</span> 
     </span>
     <span class='ocr_line' id='line_1_4' title="bbox 74 438 1593 496; baseline -0.001 -11"><span class='ocrx_word' id='word_1_27' title='bbox 74 445 225 494; x_wconf 81' lang='lat' dir='ltr'><strong>forma,</strong></span> <span class='ocrx_word' id='word_1_28' title='bbox 255 456 382 496; x_wconf 89' lang='lat' dir='ltr'><strong>quum</strong></span> <span class='ocrx_word' id='word_1_29' title='bbox 400 441 590 494; x_wconf 83' lang='lat' dir='ltr'><strong>imagines</strong></span> <span class='ocrx_word' id='word_1_30' title='bbox 610 444 798 479; x_wconf 84' lang='lat' dir='ltr'><strong>veterum</strong></span> <span class='ocrx_word' id='word_1_31' title='bbox 816 444 1069 489; x_wconf 70' lang='lat' dir='ltr'><strong>aratrorum,</strong></span> <span class='ocrx_word' id='word_1_32' title='bbox 1101 451 1205 490; x_wconf 89' lang='lat' dir='ltr'><strong>quae</strong></span> <span class='ocrx_word' id='word_1_33' title='bbox 1229 438 1273 477; x_wconf 89' lang='lat' dir='ltr'><strong>in</strong></span> <span class='ocrx_word' id='word_1_34' title='bbox 1291 440 1390 479; x_wconf 87' lang='lat' dir='ltr'><strong>artis</strong></span> <span class='ocrx_word' id='word_1_35' title='bbox 1407 444 1593 494; x_wconf 87' lang='lat' dir='ltr'>operibus</span> 
     </span>
     <span class='ocr_line' id='line_1_5' title="bbox 74 496 1593 551; baseline -0.001 -9"><span class='ocrx_word' id='word_1_36' title='bbox 74 501 278 542; x_wconf 75' lang='lat' dir='ltr'><strong>exhibitae</strong></span> <span class='ocrx_word' id='word_1_37' title='bbox 306 505 490 550; x_wconf 77' lang='lat' dir='ltr'><strong>exstant,</strong></span> <span class='ocrx_word' id='word_1_38' title='bbox 519 512 605 538; x_wconf 89' lang='lat' dir='ltr'><strong>non</strong></span> <span class='ocrx_word' id='word_1_39' title='bbox 628 497 748 551; x_wconf 87' lang='lat' dir='ltr'><strong>plane</strong></span> <span class='ocrx_word' id='word_1_40' title='bbox 781 509 875 536; x_wconf 91' lang='lat' dir='ltr'><strong>cum</strong></span> <span class='ocrx_word' id='word_1_41' title='bbox 899 496 970 536; x_wconf 84' lang='lat' dir='ltr'><strong>illa</strong></span> <span class='ocrx_word' id='word_1_42' title='bbox 985 496 1196 549; x_wconf 88' lang='lat' dir='ltr'><strong>Virgiliani</strong></span> <span class='ocrx_word' id='word_1_43' title='bbox 1219 498 1345 537; x_wconf 84' lang='lat' dir='ltr'><strong>aratri</strong></span> <span class='ocrx_word' id='word_1_44' title='bbox 1362 500 1593 541; x_wconf 84' lang='lat' dir='ltr'><strong>conforma-</strong></span> 
     </span>
     <span class='ocr_line' id='line_1_6' title="bbox 73 554 1593 612; baseline -0.001 -12"><span class='ocrx_word' id='word_1_45' title='bbox 73 559 185 600; x_wconf 85' lang='lat' dir='ltr'><strong>tione</strong></span> <span class='ocrx_word' id='word_1_46' title='bbox 205 564 449 612; x_wconf 80' lang='lat' dir='ltr'><strong>congruant,</strong></span> <span class='ocrx_word' id='word_1_47' title='bbox 480 555 747 596; x_wconf 85' lang='lat' dir='ltr'><strong>coniectando</strong></span> <span class='ocrx_word' id='word_1_48' title='bbox 773 554 931 607; x_wconf 77' lang='lat' dir='ltr'><strong>assequi</strong></span> <span class='ocrx_word' id='word_1_49' title='bbox 950 555 1201 594; x_wconf 80' lang='lat' dir='ltr'><strong>studuerunt</strong></span> <span class='ocrx_word' id='word_1_50' title='bbox 1214 554 1300 594; x_wconf 87' lang='lat' dir='ltr'><strong>Viri</strong></span> <span class='ocrx_word' id='word_1_51' title='bbox 1319 556 1448 597; x_wconf 86' lang='lat' dir='ltr'><strong>Docti.</strong></span> <span class='ocrx_word' id='word_1_52' title='bbox 1507 559 1593 598; x_wconf 90' lang='lat' dir='ltr'><strong>Ita-</strong></span> 
     </span>
     <span class='ocr_line' id='line_1_7' title="bbox 74 612 1592 671; baseline -0.001 -14"><span class='ocrx_word' id='word_1_53' title='bbox 74 631 153 671; x_wconf 91' lang='lat' dir='ltr'><strong>que</strong></span> <span class='ocrx_word' id='word_1_54' title='bbox 180 623 230 658; x_wconf 87' lang='lat' dir='ltr'><strong>ut</strong></span> <span class='ocrx_word' id='word_1_55' title='bbox 257 616 392 669; x_wconf 84' lang='lat' dir='ltr'><strong>aliqua</strong></span> <span class='ocrx_word' id='word_1_56' title='bbox 419 614 640 670; x_wconf 87' lang='lat' dir='ltr'><strong>probabilis</strong></span> <span class='ocrx_word' id='word_1_57' title='bbox 669 613 753 653; x_wconf 86' lang='lat' dir='ltr'><strong>eius</strong></span> <span class='ocrx_word' id='word_1_58' title='bbox 780 613 928 667; x_wconf 89' lang='lat' dir='ltr'><strong>species</strong></span> <span class='ocrx_word' id='word_1_59' title='bbox 953 613 1078 653; x_wconf 91' lang='lat' dir='ltr'><strong>oculis</strong></span> <span class='ocrx_word' id='word_1_60' title='bbox 1106 612 1321 666; x_wconf 86' lang='lat' dir='ltr'><strong>legentium</strong></span> <span class='ocrx_word' id='word_1_61' title='bbox 1340 615 1592 669; x_wconf 89' lang='lat' dir='ltr'><strong>obiiceretur,</strong></span> 
     </span>
     <span class='ocr_line' id='line_1_8' title="bbox 73 671 1594 724; baseline 0 -9"><span class='ocrx_word' id='word_1_62' title='bbox 73 675 157 715; x_wconf 83' lang='lat' dir='ltr'><strong>aeri</strong></span> <span class='ocrx_word' id='word_1_63' title='bbox 173 674 432 715; x_wconf 82' lang='lat' dir='ltr'><strong>incidendam</strong></span> <span class='ocrx_word' id='word_1_64' title='bbox 456 673 597 714; x_wconf 86' lang='lat' dir='ltr'><strong>curavi</strong></span> <span class='ocrx_word' id='word_1_65' title='bbox 624 678 715 712; x_wconf 90' lang='lat' dir='ltr'><strong>tum</strong></span> <span class='ocrx_word' id='word_1_66' title='bbox 744 684 832 711; x_wconf 88' lang='lat' dir='ltr'><strong>eam</strong></span> <span class='ocrx_word' id='word_1_67' title='bbox 853 671 978 710; x_wconf 85' lang='lat' dir='ltr'><strong>aratri</strong></span> <span class='ocrx_word' id='word_1_68' title='bbox 1005 672 1196 721; x_wconf 85' lang='lat' dir='ltr'><strong>formam,</strong></span> <span class='ocrx_word' id='word_1_69' title='bbox 1227 685 1348 724; x_wconf 83' lang='lat' dir='ltr'><strong>quam</strong></span> <span class='ocrx_word' id='word_1_70' title='bbox 1371 673 1402 713; x_wconf 90' lang='lat' dir='ltr'><strong>I.</strong></span> <span class='ocrx_word' id='word_1_71' title='bbox 1419 673 1471 714; x_wconf 91' lang='lat' dir='ltr'><strong>H.</strong></span> <span class='ocrx_word' id='word_1_72' title='bbox 1489 674 1594 715; x_wconf 87' lang='lat' dir='ltr'><strong>Vos-</strong></span> 
     </span>
     <span class='ocr_line' id='line_1_9' title="bbox 72 728 1593 787; baseline 0 -14"><span class='ocrx_word' id='word_1_73' title='bbox 72 733 157 773; x_wconf 77' lang='lat' dir='ltr'><strong>sius</strong></span> <span class='ocrx_word' id='word_1_74' title='bbox 174 733 229 773; x_wconf 86' lang='lat' dir='ltr'><strong>ad</strong></span> <span class='ocrx_word' id='word_1_75' title='bbox 241 731 282 773; x_wconf 87' lang='grc'><strong>11.</strong></span> <span class='ocrx_word' id='word_1_76' title='bbox 298 733 327 773; x_wconf 92' lang='grc'><strong>1.</strong></span> <span class='ocrx_word' id='word_1_77' title='bbox 347 731 579 787; x_wconf 85' lang='lat' dir='ltr'><strong>proposuit,</strong></span> <span class='ocrx_word' id='word_1_78' title='bbox 609 735 699 770; x_wconf 87' lang='lat' dir='ltr'><strong>tum</strong></span> <span class='ocrx_word' id='word_1_79' title='bbox 719 743 820 781; x_wconf 85' lang='lat' dir='ltr'><strong>eam,</strong></span> <span class='ocrx_word' id='word_1_80' title='bbox 849 743 972 782; x_wconf 90' lang='lat' dir='ltr'><strong>quam</strong></span> <span class='ocrx_word' id='word_1_81' title='bbox 989 729 1034 770; x_wconf 82' lang='lat' dir='ltr'><strong>F.</strong></span> <span class='ocrx_word' id='word_1_82' title='bbox 1054 728 1130 770; x_wconf 88' lang='lat' dir='ltr'><strong>Th.</strong></span> <span class='ocrx_word' id='word_1_83' title='bbox 1147 728 1295 769; x_wconf 86' lang='lat' dir='ltr'><strong>Schulz</strong></span> <span class='ocrx_word' id='word_1_84' title='bbox 1314 730 1531 774; x_wconf 84' lang='lat' dir='ltr'><strong>delineavit</strong></span> <span class='ocrx_word' id='word_1_85' title='bbox 1550 733 1593 773; x_wconf 89' lang='lat' dir='ltr'><strong>in</strong></span> 
     </span>
     <span class='ocr_line' id='line_1_10' title="bbox 70 787 1594 844; baseline -0.001 -13"><span class='ocrx_word' id='word_1_86' title='bbox 70 790 207 832; x_wconf 89' lang='lat' dir='ltr'><strong>libello</strong></span> <span class='ocrx_word' id='word_1_87' title='bbox 225 791 358 831; x_wconf 83' lang='lat' dir='ltr'><strong>bonae</strong></span> <span class='ocrx_word' id='word_1_88' title='bbox 376 790 503 844; x_wconf 83' lang='lat' dir='ltr'><strong>frugis</strong></span> <span class='ocrx_word' id='word_1_89' title='bbox 519 788 773 843; x_wconf 79' lang='lat' dir='ltr'><strong>plenissimo,</strong></span> <span class='ocrx_word' id='word_1_90' title='bbox 803 788 869 827; x_wconf 89' lang='lat' dir='ltr'><strong>cui</strong></span> <span class='ocrx_word' id='word_1_91' title='bbox 885 787 1127 842; x_wconf 85' lang='lat' dir='ltr'><strong>inscriptum</strong></span> <span class='ocrx_word' id='word_1_92' title='bbox 1146 793 1226 827; x_wconf 87' lang='lat' dir='ltr'><strong>est:</strong></span> <span class='ocrx_word' id='word_1_93' title='bbox 1254 790 1324 828; x_wconf 86' lang='lat' dir='ltr'><strong>De</strong></span> <span class='ocrx_word' id='word_1_94' title='bbox 1342 790 1485 830; x_wconf 80' lang='lat' dir='ltr'><strong>Aratn&#39;</strong></span> <span class='ocrx_word' id='word_1_95' title='bbox 1502 792 1594 830; x_wconf 84' lang='lat' dir='ltr'><strong>Ro·-</strong></span> 
     </span>
     <span class='ocr_line' id='line_1_11' title="bbox 73 846 1593 903; baseline 0.001 -14"><span class='ocrx_word' id='word_1_96' title='bbox 73 852 191 889; x_wconf 82' lang='lat' dir='ltr'><strong>mani</strong></span> <span class='ocrx_word' id='word_1_97' title='bbox 213 849 355 903; x_wconf 69' lang='lat' dir='ltr'><strong>forma</strong></span> <span class='ocrx_word' id='word_1_98' title='bbox 390 856 427 888; x_wconf 76' lang='lat' dir='ltr'><strong>et</strong></span> <span class='ocrx_word' id='word_1_99' title='bbox 456 849 756 901; x_wconf 77' lang='lat' dir='ltr'><strong>compositione.</strong></span> <span class='ocrx_word' id='word_1_100' title='bbox 798 848 924 886; x_wconf 85' lang='lat' dir='ltr'><strong>Ienae</strong></span> <span class='ocrx_word' id='word_1_101' title='bbox 953 848 1077 889; x_wconf 79' lang='lat'><strong>1820.</strong></span> <span class='ocrx_word' id='word_1_102' title='bbox 1107 848 1146 902; x_wconf 63' lang='grc' dir='ltr'><strong>8ἔ</strong></span> <span class='ocrx_word' id='word_1_103' title='bbox 1204 846 1261 885; x_wconf 90' lang='lat' dir='ltr'><strong>De</strong></span> <span class='ocrx_word' id='word_1_104' title='bbox 1287 860 1335 886; x_wconf 88' lang='lat' dir='ltr'><strong>ea</strong></span> <span class='ocrx_word' id='word_1_105' title='bbox 1351 861 1397 887; x_wconf 89' lang='lat' dir='ltr'><strong>re</strong></span> <span class='ocrx_word' id='word_1_106' title='bbox 1413 849 1481 902; x_wconf 91' lang='lat' dir='ltr'><strong>qui</strong></span> <span class='ocrx_word' id='word_1_107' title='bbox 1498 856 1593 903; x_wconf 87' lang='lat' dir='ltr'><strong>post</strong></span> 
     </span>
     <span class='ocr_line' id='line_1_12' title="bbox 72 903 1593 961; baseline -0.001 -13"><span class='ocrx_word' id='word_1_108' title='bbox 72 907 261 948; x_wconf 77' lang='lat' dir='ltr'><strong>vossium</strong></span> <span class='ocrx_word' id='word_1_109' title='bbox 279 907 549 961; x_wconf 77' lang='lat' dir='ltr'><strong>scripserunt,</strong></span> <span class='ocrx_word' id='word_1_110' title='bbox 579 910 869 945; x_wconf 87' lang='lat' dir='ltr'><strong>commemorat</strong></span> <span class='ocrx_word' id='word_1_111' title='bbox 886 903 995 944; x_wconf 89' lang='lat' dir='ltr'><strong>idem</strong></span> <span class='ocrx_word' id='word_1_112' title='bbox 1013 903 1224 944; x_wconf 84' lang='lat' dir='ltr'><strong>Schulzius</strong></span> <span class='ocrx_word' id='word_1_113' title='bbox 1247 918 1342 959; x_wconf 72' lang='lat' dir='ltr'><strong>pag:</strong></span> <span class='ocrx_word' id='word_1_114' title='bbox 1356 909 1394 949; x_wconf 85' lang='lat'><strong>3.</strong></span> <span class='ocrx_word' id='word_1_115' title='bbox 1405 921 1417 958; x_wconf 91' lang='lat'>;</span> <span class='ocrx_word' id='word_1_116' title='bbox 1447 908 1593 960; x_wconf 90' lang='lat' dir='ltr'><strong>quibus</strong></span> 
     </span>
     <span class='ocr_line' id='line_1_13' title="bbox 71 963 1594 1006; baseline 0 0"><span class='ocrx_word' id='word_1_117' title='bbox 71 965 181 1006; x_wconf 80' lang='lat' dir='ltr'><strong>addo</strong></span> <span class='ocrx_word' id='word_1_118' title='bbox 200 965 368 1006; x_wconf 80' lang='lat' dir='ltr'><strong>Arndtii</strong></span> <span class='ocrx_word' id='word_1_119' title='bbox 386 964 645 1005; x_wconf 82' lang='lat' dir='ltr'><strong>Itinerarium</strong></span> <span class='ocrx_word' id='word_1_120' title='bbox 664 963 944 1003; x_wconf 72' lang='lat' dir='ltr'><strong>Braehstiicke</strong></span> <span class='ocrx_word' id='word_1_121' title='bbox 964 977 1042 1002; x_wconf 73' lang='lat' dir='ltr'><strong>aus</strong></span> <span class='ocrx_word' id='word_1_122' title='bbox 1065 964 1175 1002; x_wconf 80' lang='lat' dir='ltr'><strong>einer</strong></span> <span class='ocrx_word' id='word_1_123' title='bbox 1193 964 1316 1002; x_wconf 71' lang='lat' dir='ltr'><strong>Reise</strong></span> <span class='ocrx_word' id='word_1_124' title='bbox 1335 964 1462 1004; x_wconf 72' lang='lat' dir='ltr'><strong>dum-h</strong></span> <span class='ocrx_word' id='word_1_125' title='bbox 1480 968 1594 1006; x_wconf 74' lang='lat' dir='ltr'><strong>einen</strong></span> 
     </span>
     <span class='ocr_line' id='line_1_14' title="bbox 77 1020 1593 1076; baseline 0.001 -13"><span class='ocrx_word' id='word_1_126' title='bbox 77 1024 199 1064; x_wconf 76' lang='lat' dir='ltr'><strong>Theil</strong></span> <span class='ocrx_word' id='word_1_127' title='bbox 223 1025 396 1064; x_wconf 68' lang='lat' dir='ltr'><strong>Italian-³</strong></span> <span class='ocrx_word' id='word_1_128' title='bbox 422 1022 512 1063; x_wconf 90' lang='lat' dir='ltr'><strong>Vol.</strong></span> <span class='ocrx_word' id='word_1_129' title='bbox 541 1022 573 1062; x_wconf 91' lang='grc' dir='ltr'><strong>Ι.</strong></span> <span class='ocrx_word' id='word_1_130' title='bbox 603 1035 691 1076; x_wconf 84' lang='lat' dir='ltr'><strong>pag.</strong></span> <span class='ocrx_word' id='word_1_131' title='bbox 720 1022 819 1064; x_wconf 81' lang='lat'><strong>253.</strong></span> <span class='ocrx_word' id='word_1_132' title='bbox 875 1020 925 1060; x_wconf 89' lang='lat' dir='ltr'><strong>In</strong></span> <span class='ocrx_word' id='word_1_133' title='bbox 958 1033 1024 1071; x_wconf 85' lang='lat' dir='ltr'><strong>ea,</strong></span> <span class='ocrx_word' id='word_1_134' title='bbox 1055 1033 1174 1073; x_wconf 82' lang='lat' dir='ltr'><strong>quam</strong></span> <span class='ocrx_word' id='word_1_135' title='bbox 1205 1021 1368 1062; x_wconf 74' lang='lat' dir='ltr'><strong>Vossius</strong></span> <span class='ocrx_word' id='word_1_136' title='bbox 1395 1022 1593 1076; x_wconf 86' lang='lat' dir='ltr'><strong>exhibuit,</strong></span> 
     </span>
     <span class='ocr_line' id='line_1_15' title="bbox 73 1078 1593 1135; baseline 0.001 -13"><span class='ocrx_word' id='word_1_137' title='bbox 73 1082 200 1122; x_wconf 81' lang='lat' dir='ltr'><strong>aratri</strong></span> <span class='ocrx_word' id='word_1_138' title='bbox 216 1081 427 1135; x_wconf 75' lang='lat' dir='ltr'><strong>virgiliani</strong></span> <span class='ocrx_word' id='word_1_139' title='bbox 444 1081 576 1120; x_wconf 84' lang='lat' dir='ltr'><strong>forma</strong></span> <span class='ocrx_word' id='word_1_140' title='bbox 594 1079 698 1119; x_wconf 86' lang='lat' dir='ltr'><strong>duae</strong></span> <span class='ocrx_word' id='word_1_141' title='bbox 716 1078 891 1118; x_wconf 80' lang='lat' dir='ltr'><strong>maxime</strong></span> <span class='ocrx_word' id='word_1_142' title='bbox 908 1090 973 1118; x_wconf 86' lang='lat' dir='ltr'><strong>res</strong></span> <span class='ocrx_word' id='word_1_143' title='bbox 993 1078 1218 1132; x_wconf 86' lang='lat' dir='ltr'><strong>displicent,</strong></span> <span class='ocrx_word' id='word_1_144' title='bbox 1247 1093 1302 1119; x_wconf 90' lang='lat' dir='ltr'><strong>ro</strong></span> <span class='ocrx_word' id='word_1_145' title='bbox 1313 1087 1364 1120; x_wconf 85' lang='lat' dir='ltr'><strong>ta</strong></span> <span class='ocrx_word' id='word_1_146' title='bbox 1375 1094 1416 1132; x_wconf 93' lang='lat' dir='ltr'><strong>e,</strong></span> <span class='ocrx_word' id='word_1_147' title='bbox 1443 1083 1593 1135; x_wconf 84' lang='lat' dir='ltr'><strong>quibus</strong></span> 
     </span>
     <span class='ocr_line' id='line_1_16' title="bbox 72 1137 1592 1192; baseline 0.001 -12"><span class='ocrx_word' id='word_1_148' title='bbox 72 1140 249 1181; x_wconf 83' lang='lat' dir='ltr'><strong>caruisse</strong></span> <span class='ocrx_word' id='word_1_149' title='bbox 275 1140 345 1180; x_wconf 85' lang='lat' dir='ltr'><strong>illo</strong></span> <span class='ocrx_word' id='word_1_150' title='bbox 372 1145 556 1192; x_wconf 90' lang='lat' dir='ltr'><strong>tempore</strong></span> <span class='ocrx_word' id='word_1_151' title='bbox 581 1144 763 1177; x_wconf 88' lang='lat' dir='ltr'><strong>aratrum</strong></span> <span class='ocrx_word' id='word_1_152' title='bbox 793 1137 1041 1188; x_wconf 81' lang='lat' dir='ltr'><strong>Romanum,</strong></span> <span class='ocrx_word' id='word_1_153' title='bbox 1071 1143 1161 1177; x_wconf 89' lang='lat' dir='ltr'><strong>tum</strong></span> <span class='ocrx_word' id='word_1_154' title='bbox 1178 1138 1384 1180; x_wconf 84' lang='lat' dir='ltr'><strong>silentium</strong></span> <span class='ocrx_word' id='word_1_155' title='bbox 1407 1146 1592 1181; x_wconf 91' lang='lat' dir='ltr'><strong>veterum</strong></span> 
     </span>
     <span class='ocr_line' id='line_1_17' title="bbox 75 1194 1592 1252; baseline 0 -14"><span class='ocrx_word' id='word_1_156' title='bbox 75 1198 322 1252; x_wconf 83' lang='lat' dir='ltr'><strong>scriptorum</strong></span> <span class='ocrx_word' id='word_1_157' title='bbox 348 1197 498 1252; x_wconf 88' lang='lat' dir='ltr'><strong>probat</strong></span> <span class='ocrx_word' id='word_1_158' title='bbox 513 1227 524 1248; x_wconf 94' lang='lat'>‚</span> <span class='ocrx_word' id='word_1_159' title='bbox 561 1202 652 1236; x_wconf 88' lang='lat' dir='ltr'><strong>tum</strong></span> <span class='ocrx_word' id='word_1_160' title='bbox 676 1194 904 1236; x_wconf 82' lang='lat' dir='ltr'><strong>certissimis</strong></span> <span class='ocrx_word' id='word_1_161' title='bbox 935 1195 1163 1236; x_wconf 88' lang='lat' dir='ltr'><strong>rationibus</strong></span> <span class='ocrx_word' id='word_1_162' title='bbox 1199 1197 1350 1237; x_wconf 80' lang='lat' dir='ltr'><strong>evincit</strong></span> <span class='ocrx_word' id='word_1_163' title='bbox 1382 1198 1592 1248; x_wconf 77' lang='lat' dir='ltr'><strong>Schulzius</strong></span> 
     </span>
     <span class='ocr_line' id='line_1_18' title="bbox 68 1253 1592 1311; baseline 0.001 -15"><span class='ocrx_word' id='word_1_164' title='bbox 68 1269 157 1310; x_wconf 79' lang='lat' dir='ltr'><strong>pag.</strong></span> <span class='ocrx_word' id='word_1_165' title='bbox 181 1255 249 1299; x_wconf 81' lang='grc'><strong>34.</strong></span> <span class='ocrx_word' id='word_1_166' title='bbox 278 1268 363 1309; x_wconf 89' lang='lat' dir='ltr'><strong>sqq.</strong></span> <span class='ocrx_word' id='word_1_167' title='bbox 422 1255 524 1295; x_wconf 83' lang='lat' dir='ltr'><strong>Nam</strong></span> <span class='ocrx_word' id='word_1_168' title='bbox 552 1253 670 1294; x_wconf 86' lang='lat' dir='ltr'><strong>Plinii</strong></span> <span class='ocrx_word' id='word_1_169' title='bbox 706 1254 833 1294; x_wconf 73' lang='lat' dir='ltr'><strong>verba</strong></span> <span class='ocrx_word' id='word_1_170' title='bbox 872 1254 922 1293; x_wconf 89' lang='lat' dir='ltr'><strong>ab</strong></span> <span class='ocrx_word' id='word_1_171' title='bbox 950 1253 1108 1307; x_wconf 85' lang='lat' dir='ltr'><strong>Heynio</strong></span> <span class='ocrx_word' id='word_1_172' title='bbox 1138 1254 1257 1293; x_wconf 86' lang='lat' dir='ltr'><strong>allata</strong></span> <span class='ocrx_word' id='word_1_173' title='bbox 1293 1268 1369 1296; x_wconf 88' lang='lat' dir='ltr'><strong>nec</strong></span> <span class='ocrx_word' id='word_1_174' title='bbox 1401 1258 1592 1311; x_wconf 89' lang='lat' dir='ltr'><strong>probant,</strong></span> 
     </span>
     <span class='ocr_line' id='line_1_19' title="bbox 68 1312 1592 1368; baseline 0.001 -14"><span class='ocrx_word' id='word_1_175' title='bbox 68 1313 225 1367; x_wconf 88' lang='lat' dir='ltr'><strong>Virgilii</strong></span> <span class='ocrx_word' id='word_1_176' title='bbox 250 1314 332 1354; x_wconf 88' lang='lat' dir='ltr'><strong>iam</strong></span> <span class='ocrx_word' id='word_1_177' title='bbox 368 1320 501 1354; x_wconf 86' lang='lat' dir='ltr'><strong>aetate</strong></span> <span class='ocrx_word' id='word_1_178' title='bbox 531 1313 707 1353; x_wconf 87' lang='lat' dir='ltr'><strong>adiectas</strong></span> <span class='ocrx_word' id='word_1_179' title='bbox 733 1312 853 1351; x_wconf 82' lang='lat' dir='ltr'><strong>fuisse</strong></span> <span class='ocrx_word' id='word_1_180' title='bbox 882 1317 994 1351; x_wconf 85' lang='lat' dir='ltr'><strong>rotas</strong></span> <span class='ocrx_word' id='word_1_181' title='bbox 1021 1318 1179 1363; x_wconf 85' lang='lat' dir='ltr'><strong>aratro,</strong></span> <span class='ocrx_word' id='word_1_182' title='bbox 1228 1319 1268 1352; x_wconf 91' lang='lat' dir='ltr'><strong>et</strong></span> <span class='ocrx_word' id='word_1_183' title='bbox 1298 1322 1491 1368; x_wconf 85' lang='lat' dir='ltr'><strong>corrupta</strong></span> <span class='ocrx_word' id='word_1_184' title='bbox 1526 1316 1592 1356; x_wconf 85' lang='lat' dir='ltr'><strong>vi-</strong></span> 
     </span>
     <span class='ocr_line' id='line_1_20' title="bbox 69 1369 1591 1425; baseline 0.002 -14"><span class='ocrx_word' id='word_1_185' title='bbox 69 1371 158 1412; x_wconf 87' lang='lat' dir='ltr'><strong>deri</strong></span> <span class='ocrx_word' id='word_1_186' title='bbox 182 1377 375 1425; x_wconf 87' lang='lat' dir='ltr'><strong>possunt,</strong></span> <span class='ocrx_word' id='word_1_187' title='bbox 415 1377 463 1412; x_wconf 89' lang='lat' dir='ltr'><strong>ut</strong></span> <span class='ocrx_word' id='word_1_188' title='bbox 495 1370 582 1411; x_wconf 79' lang='lat' dir='ltr'><strong>visa</strong></span> <span class='ocrx_word' id='word_1_189' title='bbox 607 1376 705 1410; x_wconf 90' lang='lat' dir='ltr'><strong>sunt</strong></span> <span class='ocrx_word' id='word_1_190' title='bbox 725 1369 988 1423; x_wconf 83' lang='lat' dir='ltr'><strong>Richtsteigio</strong></span> <span class='ocrx_word' id='word_1_191' title='bbox 1001 1400 1012 1420; x_wconf 92' lang='lat'><strong>,</strong></span> <span class='ocrx_word' id='word_1_192' title='bbox 1050 1382 1170 1422; x_wconf 87' lang='lat' dir='ltr'><strong>quem</strong></span> <span class='ocrx_word' id='word_1_193' title='bbox 1200 1371 1342 1412; x_wconf 88' lang='lat' dir='ltr'><strong>laudat</strong></span> <span class='ocrx_word' id='word_1_194' title='bbox 1369 1372 1591 1415; x_wconf 76' lang='lat' dir='ltr'><strong>Schulzius.</strong></span> 
     </span>
     <span class='ocr_line' id='line_1_21' title="bbox 67 1427 1590 1484; baseline 0.001 -14"><span class='ocrx_word' id='word_1_195' title='bbox 67 1431 281 1470; x_wconf 84' lang='lat' dir='ltr'><strong>Praeterea</strong></span> <span class='ocrx_word' id='word_1_196' title='bbox 315 1431 359 1472; x_wconf 90' lang='lat' dir='ltr'><strong>in</strong></span> <span class='ocrx_word' id='word_1_197' title='bbox 388 1429 584 1471; x_wconf 82' lang='lat' dir='ltr'><strong>Vossiana</strong></span> <span class='ocrx_word' id='word_1_198' title='bbox 621 1428 910 1481; x_wconf 85' lang='lat' dir='ltr'><strong>descriptione,</strong></span> <span class='ocrx_word' id='word_1_199' title='bbox 958 1427 1057 1481; x_wconf 83' lang='lat' dir='ltr'><strong>quid</strong></span> <span class='ocrx_word' id='word_1_200' title='bbox 1091 1428 1145 1469; x_wconf 85' lang='lat' dir='ltr'><strong>sit</strong></span> <span class='ocrx_word' id='word_1_201' title='bbox 1178 1429 1331 1481; x_wconf 79' lang='lat' dir='ltr'><strong>duplex</strong></span> <span class='ocrx_word' id='word_1_202' title='bbox 1369 1431 1590 1484; x_wconf 75' lang='lat' dir='ltr'><strong>dorsum,</strong></span> 
     </span>
     <span class='ocr_line' id='line_1_22' title="bbox 68 1486 1591 1543; baseline 0.003 -16"><span class='ocrx_word' id='word_1_203' title='bbox 68 1502 153 1528; x_wconf 89' lang='lat' dir='ltr'><strong>non</strong></span> <span class='ocrx_word' id='word_1_204' title='bbox 190 1495 371 1543; x_wconf 87' lang='lat' dir='ltr'><strong>apparet.</strong></span> <span class='ocrx_word' id='word_1_205' title='bbox 428 1489 571 1542; x_wconf 86' lang='lat' dir='ltr'><strong>Itaque</strong></span> <span class='ocrx_word' id='word_1_206' title='bbox 597 1487 782 1541; x_wconf 86' lang='lat' dir='ltr'><strong>proxime</strong></span> <span class='ocrx_word' id='word_1_207' title='bbox 816 1486 870 1526; x_wconf 85' lang='lat' dir='ltr'><strong>ad</strong></span> <span class='ocrx_word' id='word_1_208' title='bbox 903 1498 1048 1526; x_wconf 82' lang='lat' dir='ltr'><strong>verum</strong></span> <span class='ocrx_word' id='word_1_209' title='bbox 1078 1487 1284 1527; x_wconf 78' lang='lat' dir='ltr'><strong>accessisse</strong></span> <span class='ocrx_word' id='word_1_210' title='bbox 1315 1495 1418 1543; x_wconf 85' lang='lat' dir='ltr'><strong>puto</strong></span> <span class='ocrx_word' id='word_1_211' title='bbox 1444 1490 1591 1531; x_wconf 85' lang='lat' dir='ltr'><strong>Schul-</strong></span> 
     </span>
    </p>
   </div>
   <div class='ocr_carea' id='block_1_3' title="bbox 69 1545 347 1603">
    <p class='ocr_par' dir='ltr' id='par_1_3' title="bbox 69 1545 347 1603">
     <span class='ocr_line' id='line_1_23' title="bbox 69 1545 347 1603; baseline 0.004 -18"><span class='ocrx_word' id='word_1_212' title='bbox 69 1546 188 1587; x_wconf 82' lang='lat' dir='ltr'><strong>zium.</strong></span> <span class='ocrx_word' id='word_1_213' title='bbox 226 1549 298 1589; x_wconf 88' lang='lat' dir='ltr'><em>W</em></span> <span class='ocrx_word' id='word_1_214' title='bbox 290 1545 347 1603; x_wconf 81' lang='lat' dir='ltr'><strong>r.)</strong></span> 
     </span>
    </p>
   </div>
   <div class='ocr_carea' id='block_1_4' title="bbox 484 1694 1183 1736">
    <p class='ocr_par' dir='ltr' id='par_1_4' title="bbox 484 1694 1183 1736">
     <span class='ocr_line' id='line_1_24' title="bbox 484 1694 1183 1736; baseline 0 -1"><span class='ocrx_word' id='word_1_215' title='bbox 484 1694 795 1736; x_wconf 83' lang='lat' dir='ltr'><strong>Aratrum</strong></span> <span class='ocrx_word' id='word_1_216' title='bbox 840 1696 1183 1736; x_wconf 80' lang='lat' dir='ltr'><strong>Romanum</strong></span> 
     </span>
    </p>
   </div>
   <div class='ocr_carea' id='block_1_5' title="bbox 65 1776 1326 2164">
    <p class='ocr_par' dir='ltr' id='par_1_5' title="bbox 65 1776 1326 2164">
     <span class='ocr_line' id='line_1_25' title="bbox 683 1776 979 1830; baseline 0.003 -15"><span class='ocrx_word' id='word_1_217' title='bbox 683 1789 707 1815; x_wconf 88' lang='lat' dir='ltr'><strong>a</strong></span> <span class='ocrx_word' id='word_1_218' title='bbox 727 1790 766 1830; x_wconf 89' lang='lat' dir='ltr'><strong>p.</strong></span> <span class='ocrx_word' id='word_1_219' title='bbox 810 1776 848 1817; x_wconf 89' lang='lat' dir='ltr'><strong>V</strong></span> <span class='ocrx_word' id='word_1_220' title='bbox 869 1790 893 1816; x_wconf 91' lang='lat' dir='ltr'><strong>o</strong></span> <span class='ocrx_word' id='word_1_221' title='bbox 911 1790 931 1817; x_wconf 89' lang='lat' dir='ltr'><strong>s</strong></span> <span class='ocrx_word' id='word_1_222' title='bbox 949 1790 979 1816; x_wconf 86' lang='lat' dir='ltr'><strong>s.</strong></span> 
     </span>
     <span class='ocr_line' id='line_1_26' title="bbox 65 1877 1326 1925; baseline 0.002 -6"><span class='ocrx_word' id='word_1_223' title='bbox 65 1877 136 1919; x_wconf 82' lang='lat' dir='ltr'><strong>AB</strong></span> <span class='ocrx_word' id='word_1_224' title='bbox 165 1878 284 1919; x_wconf 73' lang='lat' dir='ltr'><strong>buris.</strong></span> <span class='ocrx_word' id='word_1_225' title='bbox 858 1881 935 1921; x_wconf 82' lang='lat' dir='ltr'><strong>GH</strong></span> <span class='ocrx_word' id='word_1_226' title='bbox 963 1881 1020 1925; x_wconf 86' lang='lat' dir='ltr'><strong>IK</strong></span> <span class='ocrx_word' id='word_1_227' title='bbox 1048 1881 1167 1921; x_wconf 82' lang='lat' dir='ltr'><strong>binae</strong></span> <span class='ocrx_word' id='word_1_228' title='bbox 1196 1896 1326 1922; x_wconf 70' lang='lat' dir='ltr'><strong>aure-9.</strong></span> 
     </span>
     <span class='ocr_line' id='line_1_27' title="bbox 67 1937 1075 1993; baseline 0.004 -18"><span class='ocrx_word' id='word_1_229' title='bbox 67 1937 134 1976; x_wconf 89' lang='lat' dir='ltr'><strong>CD</strong></span> <span class='ocrx_word' id='word_1_230' title='bbox 166 1945 283 1977; x_wconf 87' lang='lat' dir='ltr'><strong>temo.</strong></span> <span class='ocrx_word' id='word_1_231' title='bbox 856 1940 888 1979; x_wconf 92' lang='lat' dir='ltr'>L</span> <span class='ocrx_word' id='word_1_232' title='bbox 917 1942 1075 1993; x_wconf 76' lang='lat' dir='ltr'><strong>iugum.</strong></span> 
     </span>
     <span class='ocr_line' id='line_1_28' title="bbox 67 1995 1081 2038; baseline 0.002 -3"><span class='ocrx_word' id='word_1_233' title='bbox 67 1995 176 2035; x_wconf 87' lang='lat' dir='ltr'><strong>GEK</strong></span> <span class='ocrx_word' id='word_1_234' title='bbox 205 1995 402 2035; x_wconf 78' lang='lat' dir='ltr'><strong>dentalia.</strong></span> <span class='ocrx_word' id='word_1_235' title='bbox 857 1998 936 2038; x_wconf 90' lang='lat' dir='ltr'><strong>MN</strong></span> <span class='ocrx_word' id='word_1_236' title='bbox 964 2001 1081 2038; x_wconf 73' lang='lat' dir='ltr'><strong>stiva.</strong></span> 
     </span>
     <span class='ocr_line' id='line_1_29' title="bbox 69 2053 1147 2095; baseline 0 -2"><span class='ocrx_word' id='word_1_237' title='bbox 69 2053 135 2093; x_wconf 91' lang='lat' dir='ltr'><strong>PE</strong></span> <span class='ocrx_word' id='word_1_238' title='bbox 163 2068 309 2093; x_wconf 75' lang='lat' dir='ltr'><strong>vomer.</strong></span> <span class='ocrx_word' id='word_1_239' title='bbox 855 2056 892 2095; x_wconf 91' lang='lat' dir='ltr'>N</span> <span class='ocrx_word' id='word_1_240' title='bbox 921 2056 1147 2095; x_wconf 79' lang='lat' dir='ltr'><strong>manicula.</strong></span> 
     </span>
     <span class='ocr_line' id='line_1_30' title="bbox 66 2111 1180 2164; baseline 0 -13"><span class='ocrx_word' id='word_1_241' title='bbox 66 2111 101 2151; x_wconf 78' lang='lat' dir='ltr'>F</span> <span class='ocrx_word' id='word_1_242' title='bbox 130 2112 267 2151; x_wconf 78' lang='lat' dir='ltr'><strong>culter.</strong></span> <span class='ocrx_word' id='word_1_243' title='bbox 856 2114 897 2164; x_wconf 84' lang='lat' dir='ltr'>Q</span> <span class='ocrx_word' id='word_1_244' title='bbox 926 2128 1064 2153; x_wconf 73' lang='lat' dir='ltr'><strong>cur-tus</strong></span> <span class='ocrx_word' id='word_1_245' title='bbox 1092 2115 1180 2152; x_wconf 76' lang='lat' dir='ltr'><strong>imi.</strong></span> 
     </span>
    </p>
   </div>
   <div class='ocr_carea' id='block_1_6' title="bbox 123 2260 1592 2505">
    <p class='ocr_par' dir='ltr' id='par_1_6' title="bbox 123 2260 1592 2505">
     <span class='ocr_line' id='line_1_31' title="bbox 473 2260 1184 2302; baseline 0.003 -2"><span class='ocrx_word' id='word_1_246' title='bbox 473 2260 786 2302; x_wconf 82' lang='lat' dir='ltr'><strong>Aratrum</strong></span> <span class='ocrx_word' id='word_1_247' title='bbox 836 2263 1184 2302; x_wconf 84' lang='lat' dir='ltr'><strong>Romanum</strong></span> 
     </span>
     <span class='ocr_line' id='line_1_32' title="bbox 634 2343 1014 2397; baseline 0.005 -15"><span class='ocrx_word' id='word_1_248' title='bbox 634 2356 716 2397; x_wconf 85' lang='lat' dir='ltr'><strong>ap.</strong></span> <span class='ocrx_word' id='word_1_249' title='bbox 761 2343 1014 2385; x_wconf 85' lang='lat' dir='ltr'><strong>Schulz.</strong></span> 
     </span>
     <span class='ocr_line' id='line_1_33' title="bbox 123 2443 1592 2505; baseline 0.006 -21"><span class='ocrx_word' id='word_1_250' title='bbox 123 2443 267 2498; x_wconf 83' lang='lat' dir='ltr'><strong>Fig.1.</strong></span> <span class='ocrx_word' id='word_1_251' title='bbox 315 2443 570 2486; x_wconf 83' lang='lat' dir='ltr'><strong>Aratrum</strong></span> <span class='ocrx_word' id='word_1_252' title='bbox 598 2447 889 2489; x_wconf 89' lang='lat' dir='ltr'><strong>Romanum</strong></span> <span class='ocrx_word' id='word_1_253' title='bbox 927 2449 1160 2502; x_wconf 85' lang='lat' dir='ltr'><strong>simplex.</strong></span> <span class='ocrx_word' id='word_1_254' title='bbox 1221 2446 1264 2503; x_wconf 89' lang='lat'><strong>1)</strong></span> <span class='ocrx_word' id='word_1_255' title='bbox 1296 2446 1485 2490; x_wconf 83' lang='lat' dir='ltr'><strong>dentalia.</strong></span> <span class='ocrx_word' id='word_1_256' title='bbox 1542 2449 1592 2505; x_wconf 83' lang='lat'><strong>2)-</strong></span> 
     </span>
    </p>
   </div>
   <div class='ocr_carea' id='block_1_7' title="bbox 66 2501 1589 2620">
    <p class='ocr_par' dir='ltr' id='par_1_7' title="bbox 66 2501 1589 2620">
     <span class='ocr_line' id='line_1_34' title="bbox 66 2501 1589 2563; baseline 0.003 -21"><span class='ocrx_word' id='word_1_257' title='bbox 66 2501 191 2543; x_wconf 90' lang='lat' dir='ltr'><strong>buris.</strong></span> <span class='ocrx_word' id='word_1_258' title='bbox 250 2501 296 2558; x_wconf 83' lang='lat'><strong>3)</strong></span> <span class='ocrx_word' id='word_1_259' title='bbox 325 2510 448 2543; x_wconf 89' lang='lat' dir='ltr'><strong>temo.</strong></span> <span class='ocrx_word' id='word_1_260' title='bbox 506 2503 551 2559; x_wconf 79' lang='lat'><strong>4)</strong></span> <span class='ocrx_word' id='word_1_261' title='bbox 572 2506 677 2561; x_wconf 78' lang='lat' dir='ltr'><strong>stiva</strong></span> <span class='ocrx_word' id='word_1_262' title='bbox 698 2521 792 2547; x_wconf 88' lang='lat' dir='ltr'><strong>cum</strong></span> <span class='ocrx_word' id='word_1_263' title='bbox 812 2507 1027 2547; x_wconf 88' lang='lat' dir='ltr'><strong>manicula.</strong></span> <span class='ocrx_word' id='word_1_264' title='bbox 1086 2505 1132 2562; x_wconf 88' lang='lat'><strong>5)</strong></span> <span class='ocrx_word' id='word_1_265' title='bbox 1153 2520 1306 2547; x_wconf 78' lang='lat' dir='ltr'><strong>vomer.</strong></span> <span class='ocrx_word' id='word_1_266' title='bbox 1368 2506 1413 2563; x_wconf 91' lang='lat'><strong>6)</strong></span> <span class='ocrx_word' id='word_1_267' title='bbox 1439 2508 1589 2562; x_wconf 89' lang='lat' dir='ltr'><strong>iugum,</strong></span> 
     </span>
     <span class='ocr_line' id='line_1_35' title="bbox 69 2561 1400 2620; baseline 0.004 -20"><span class='ocrx_word' id='word_1_268' title='bbox 69 2574 104 2601; x_wconf 87' lang='lat' dir='ltr'><strong>a.</strong></span> <span class='ocrx_word' id='word_1_269' title='bbox 129 2561 354 2613; x_wconf 83' lang='lat' dir='ltr'><strong>funiculus,</strong></span> <span class='ocrx_word' id='word_1_270' title='bbox 414 2562 455 2602; x_wconf 92' lang='lat' dir='ltr'><strong>b.</strong></span> <span class='ocrx_word' id='word_1_271' title='bbox 483 2563 641 2615; x_wconf 86' lang='lat' dir='ltr'><strong>clavus,</strong></span> <span class='ocrx_word' id='word_1_272' title='bbox 701 2579 734 2605; x_wconf 92' lang='lat' dir='ltr'><strong>c.</strong></span> <span class='ocrx_word' id='word_1_273' title='bbox 769 2565 937 2617; x_wconf 86' lang='lat' dir='ltr'><strong>collare,</strong></span> <span class='ocrx_word' id='word_1_274' title='bbox 996 2565 1036 2605; x_wconf 87' lang='lat' dir='ltr'><strong>d.</strong></span> <span class='ocrx_word' id='word_1_275' title='bbox 1063 2563 1400 2620; x_wconf 78' lang='lat' dir='ltr'><strong>lora-(subiugia).</strong></span> 
     </span>
    </p>
   </div>
   <div class='ocr_carea' id='block_1_8' title="bbox 68 2648 1587 2763">
    <p class='ocr_par' dir='ltr' id='par_1_8' title="bbox 68 2648 1587 2763">
     <span class='ocr_line' id='line_1_36' title="bbox 182 2648 1587 2702; baseline 0.004 -16"><span class='ocrx_word' id='word_1_276' title='bbox 182 2648 264 2701; x_wconf 84' lang='lat' dir='ltr'><strong>Fig.</strong></span> <span class='ocrx_word' id='word_1_277' title='bbox 294 2648 342 2688; x_wconf 92' lang='grc' dir='ltr'><strong>Π.</strong></span> <span class='ocrx_word' id='word_1_278' title='bbox 390 2648 632 2702; x_wconf 87' lang='lat' dir='ltr'><strong>Vulgaris</strong></span> <span class='ocrx_word' id='word_1_279' title='bbox 664 2651 737 2691; x_wconf 91' lang='lat' dir='ltr'><strong>Ro</strong></span> <span class='ocrx_word' id='word_1_280' title='bbox 749 2666 1016 2692; x_wconf 88' lang='lat' dir='ltr'><strong>manorum</strong></span> <span class='ocrx_word' id='word_1_281' title='bbox 1045 2664 1160 2692; x_wconf 87' lang='lat' dir='ltr'><strong>vom</strong></span> <span class='ocrx_word' id='word_1_282' title='bbox 1172 2665 1234 2691; x_wconf 91' lang='lat' dir='ltr'><strong>er.</strong></span> <span class='ocrx_word' id='word_1_283' title='bbox 1293 2651 1440 2692; x_wconf 83' lang='lat' dir='ltr'><strong>Hicin</strong></span> <span class='ocrx_word' id='word_1_284' title='bbox 1470 2659 1587 2692; x_wconf 88' lang='lat' dir='ltr'><strong>ante-</strong></span> 
     </span>
     <span class='ocr_line' id='line_1_37' title="bbox 68 2704 1402 2763; baseline 0.004 -19"><span class='ocrx_word' id='word_1_285' title='bbox 68 2705 176 2744; x_wconf 87' lang='lat' dir='ltr'><strong>riore</strong></span> <span class='ocrx_word' id='word_1_286' title='bbox 197 2704 369 2746; x_wconf 87' lang='lat' dir='ltr'><strong>dentalis</strong></span> <span class='ocrx_word' id='word_1_287' title='bbox 384 2713 503 2760; x_wconf 88' lang='lat' dir='ltr'><strong>parte</strong></span> <span class='ocrx_word' id='word_1_288' title='bbox 520 2708 671 2761; x_wconf 85' lang='lat' dir='ltr'><strong>figitur,</strong></span> <span class='ocrx_word' id='word_1_289' title='bbox 688 2710 854 2763; x_wconf 87' lang='lat' dir='ltr'><strong>eiusque</strong></span> <span class='ocrx_word' id='word_1_290' title='bbox 875 2717 1096 2763; x_wconf 83' lang='lat' dir='ltr'><strong>utrumque</strong></span> <span class='ocrx_word' id='word_1_291' title='bbox 1120 2710 1228 2749; x_wconf 87' lang='lat' dir='ltr'><strong>latus</strong></span> <span class='ocrx_word' id='word_1_292' title='bbox 1245 2710 1402 2750; x_wconf 88' lang='lat' dir='ltr'><strong>eminet.</strong></span> 
     </span>
    </p>
   </div>
   <div class='ocr_carea' id='block_1_9' title="bbox 183 2790 1110 2845">
    <p class='ocr_par' dir='ltr' id='par_1_9' title="bbox 183 2790 1110 2845">
     <span class='ocr_line' id='line_1_38' title="bbox 183 2790 1110 2845; baseline 0.008 -15"><span class='ocrx_word' id='word_1_293' title='bbox 183 2790 361 2845; x_wconf 81' lang='lat' dir='ltr'><strong>Fig.111.</strong></span> <span class='ocrx_word' id='word_1_294' title='bbox 402 2793 651 2835; x_wconf 86' lang='lat' dir='ltr'><strong>Dentalia</strong></span> <span class='ocrx_word' id='word_1_295' title='bbox 681 2797 857 2836; x_wconf 89' lang='lat' dir='ltr'><strong>aratri</strong></span> <span class='ocrx_word' id='word_1_296' title='bbox 884 2796 1110 2838; x_wconf 85' lang='lat' dir='ltr'><strong>Romani.</strong></span> 
     </span>
    </p>
   </div>
   <div class='ocr_carea' id='block_1_10' title="bbox 70 2877 1587 2977">
    <p class='ocr_par' dir='ltr' id='par_1_10' title="bbox 70 2877 1587 2977">
     <span class='ocr_line' id='line_1_39' title="bbox 185 2877 1587 2938; baseline 0 -19"><span class='ocrx_word' id='word_1_297' title='bbox 185 2877 350 2930; x_wconf 85' lang='lat' dir='ltr'><strong>Fig.1v.</strong></span> <span class='ocrx_word' id='word_1_298' title='bbox 387 2878 560 2922; x_wconf 83' lang='lat' dir='ltr'><strong>Aratri</strong></span> <span class='ocrx_word' id='word_1_299' title='bbox 591 2884 752 2924; x_wconf 83' lang='lat' dir='ltr'><strong>auriti</strong></span> <span class='ocrx_word' id='word_1_300' title='bbox 782 2884 991 2938; x_wconf 87' lang='lat' dir='ltr'><strong>species.</strong></span> <span class='ocrx_word' id='word_1_301' title='bbox 1049 2884 1187 2923; x_wconf 82' lang='lat' dir='ltr'><strong>Partes</strong></span> <span class='ocrx_word' id='word_1_302' title='bbox 1212 2886 1251 2925; x_wconf 86' lang='lat'><strong>7.</strong></span> <span class='ocrx_word' id='word_1_303' title='bbox 1273 2885 1313 2924; x_wconf 91' lang='lat'><strong>7.</strong></span> <span class='ocrx_word' id='word_1_304' title='bbox 1334 2881 1495 2921; x_wconf 86' lang='lat' dir='ltr'><strong>tabulae</strong></span> <span class='ocrx_word' id='word_1_305' title='bbox 1516 2893 1587 2920; x_wconf 91' lang='lat' dir='ltr'><strong>seu</strong></span> 
     </span>
     <span class='ocr_line' id='line_1_40' title="bbox 70 2935 1108 2977; baseline -0.002 -4"><span class='ocrx_word' id='word_1_306' title='bbox 70 2947 187 2974; x_wconf 84' lang='lat' dir='ltr'><strong>aures</strong></span> <span class='ocrx_word' id='word_1_307' title='bbox 209 2935 412 2977; x_wconf 84' lang='lat' dir='ltr'><strong>dicuntur.</strong></span> <span class='ocrx_word' id='word_1_308' title='bbox 1106 2947 1108 2949; x_wconf 93' lang='lat'>·</span> 
     </span>
    </p>
   </div>
   <div class='ocr_carea' id='block_1_11' title="bbox 1195 3005 1307 3053">
    <p class='ocr_par' dir='ltr' id='par_1_11' title="bbox 1195 3005 1307 3053">
     <span class='ocr_line' id='line_1_41' title="bbox 1195 3005 1307 3053; baseline 0 0"><span class='ocrx_word' id='word_1_309' title='bbox 1195 3005 1307 3053; x_wconf 81' lang='lat'><strong>25*</strong></span> 
     </span>
    </p>
   </div>
  </div>
 </body>
</html>
