1768 3320
232 204 360 239 cvm
519 189 575 237 P.
611 186 902 238 VIRGILII
937 183 1253 234 MARONIS
1290 182 1456 232 VITA

231 317 510 367 contendunt,
541 316 610 368 qui
626 330 738 355 nunc
757 314 837 354 duo
860 314 982 353 millia
999 326 1188 366 passuum
1218 311 1267 350 ab
1286 310 1388 349 urbe
1406 309 1595 361 dissitus,
1632 311 1754 363 vulgo

233 376 384 416 dicitur
402 375 562 414 Pletola
575 391 586 412 :
619 387 659 414 v.
677 374 835 412 Cluver.
856 373 943 411 Ital.
963 378 1044 410 ant.
1061 385 1100 423 p.
1117 370 1213 412 257.
1273 369 1335 406 Ex
1361 381 1475 407 more
1504 374 1642 407 tamen
1659 369 1756 408 satis

233 433 438 486 frequenti
459 433 567 472 inter
597 439 767 480 veteres,
809 431 858 469 de
888 444 967 481 quo
1000 429 1064 469 vel
1088 427 1232 466 Catulli
1255 427 1439 479 exemplo
1468 433 1641 476 constat,
1672 428 1754 479 qui,

233 492 275 531 in
306 491 436 531 insula
459 491 606 529 Benaci
636 490 833 529 Sirmione
860 494 999 538 natus,
1038 486 1277 526 Veronensis
1309 485 1560 538 appellatur,
1598 485 1765 538 Virgilii-

235 549 404 602 origines
434 548 486 587 ad
515 548 721 587 Mantuam
746 548 873 600 ipsam
903 546 1156 594 reseruntur,
1194 549 1242 582 ut
1271 543 1321 581 ab
1350 543 1438 596 ipso
1457 549 1583 596 poeta
1601 539 1754 583 factu'm

234 620 316 646 esse
335 607 500 647 videtur
527 607 596 645 Ge.
619 607 683 654 III,
718 609 790 655 103
822 605 896 642 alia
920 604 1088 642 aliorum
1109 603 1198 641 loca
1218 615 1257 640 v.
1277 616 1339 655 ap.
1363 602 1524 641 Cluver.
1543 601 1569 641 l.
1587 601 1614 642 l.
1654 602 1755 642 Erat

233 665 402 704 Mantua
418 666 461 703 in
482 664 608 703 Gallia
628 664 835 716 Cisalpina.
901 664 1096 703 Venetam
1113 667 1248 699 tamen
1265 660 1442 713 appellat
1456 655 1570 714 ¹apud
1591 660 1753 701 Macro-

232 724 343 762 bium
376 723 620 775 Euangelus,
661 724 742 760 Sat.
772 722 818 771 V,
850 723 889 770 2,
920 720 990 758 sed
1020 733 1112 757 cum
1141 719 1347 768 irrisione,
1385 725 1434 758 ut
1464 719 1613 758 scilieet
1634 725 1753 758 tanto

178 819 180 822 ,
231 782 355 833 magis
384 795 474 820 eum
505 796 527 818 a
553 781 666 818 cultu
696 781 939 818 Graecarum
967 778 1196 816 litterarum
1237 777 1412 817 alienum
1443 777 1634 831 fingeret3
1677 777 1754 816 nisi

231 839 452 878 secundum
485 838 716 892 posterioris
747 836 933 877 Venetiae
979 835 1079 874 fines
1123 835 1279 875 dietum
1310 835 1536 887 existimes,
1574 835 1659 888 ‘qui
1700 835 1753 875 ad

231 897 419 936 Adduam
448 910 574 948 usque
608 896 759 934 flumen
789 894 1124 934 extendebantur.
1192 893 1347 933 Phocas
1377 894 1673 933 Grammaticus
1708 894 1753 933 in

230 956 323 995 Vita
344 955 479 1006 Virgil.
502 957 554 995 21
588 956 633 994 V
628 962 734 991 alem
754 955 968 991 Elmsczcm
994 952 1170 1005 appellat
1202 959 1243 991 et
1268 967 1308 992 v.
1343 951 1369 996 5
1398 953 1577 992 Aemula
1605 954 1651 994 V
1646 955 1751 1005 irgi—

233 1015 336 1051 lium
360 1015 474 1051 tellus
503 1014 583 1049 nisi
616 1014 747 1050 Tusca
785 1011 968 1049 dedisset.
1040 1011 1169 1049 Possit
1199 1011 1243 1050 id
1274 1011 1327 1050 ad
1354 1011 1526 1064 origines
1558 1010 1751 1050 Mantuae

227 1071 388 1121 referri,
427 1084 466 1109 v.
496 1070 592 1109 Exc.
622 1070 641 1108 I
668 1069 720 1108 ad
749 1068 847 1108 Aen.
871 1070 923 1108 X.
953 1070 1024 1108 sed
1052 1069 1125 1109 vix
1154 1075 1239 1108 tam
1269 1069 1389 1109 docte
1413 1070 1589 1110 scribere
1616 1070 1751 1110 voluit

226 1129 390 1168 Phocas.

341 1187 397 1224 De
423 1186 558 1224 Idibus
588 1185 752 1224 Octobr.
774 1199 855 1223 non
882 1185 1004 1224 modo
1033 1199 1083 1223 ex
1114 1184 1333 1238 Phlegonte
1359 1186 1385 1226 l.
1412 1187 1438 1226 l.
1460 1200 1606 1226 verum
1629 1187 1750 1225 etiam

229 1258 279 1283 ex
309 1244 489 1283 Martiale
514 1244 615 1293 XII,
648 1246 702 1286 68
734 1250 912 1282 constat:
979 1243 1165 1282 Octobres
1192 1247 1320 1283 Maro
1358 1247 1606 1284 consecravit
1634 1245 1748 1284 idas.

228 1303 343 1341 Adde
364 1302 512 1341 Auson.
530 1302 646 1354 Idyll.
664 1301 710 1351 V,
741 1305 809 1343 26.
868 1301 903 1340 A
923 1302 1020 1341 viris
1046 1302 1178 1341 doctis
1204 1316 1269 1341 eas
1291 1303 1400 1342 inter
1427 1303 1510 1342 dies
1530 1304 1652 1342 festos
1668 1301 1749 1341 ha—

226 1361 329 1399 bitas
354 1361 495 1409 fuisse,
528 1374 617 1398 cum
649 1373 699 1398 ex
723 1360 800 1398 illis
830 1360 925 1398 locis
954 1367 1142 1413 apparet,
1174 1362 1376 1400 tum-Silii
1405 1362 1533 1401 Italici
1564 1355 1748 1415 exemplo

227 1418 335 1471 apud
354 1419 451 1457 Plin.
471 1418 591 1471 Epist.
615 1418 678 1468 111,
709 1420 736 1459 7
755 1419 927 1456 multum
947 1418 1415 1472 ubique—imaginum,
1446 1435 1550 1474 quas
1565 1435 1647 1459 non
1667 1420 1749 1459 ha-

226 1476 339 1514 bebat
357 1476 486 1525 modo,
518 1491 654 1515 verum
674 1477 796 1514 etiam
817 1476 1082 1515 venerabatur
1087 1492 1103 1525 ;
1142 1478 1315 1530 Virgilii
1332 1487 1427 1516 ante
1448 1493 1598 1529 omnes,
1632 1481 1748 1517 cuias

225 1535 403 1572 nalalem
422 1535 649 1585 relig-iosias
672 1549 796 1586 quam
813 1550 932 1572 suum
954 1534 1189 1574 celebrabat.
1229 1536 1379 1576 Natum
1399 1537 1622 1589 Virgilium,
1650 1551 1748 1585 *cum

226 1592 293 1631 Sol
316 1605 366 1629 ex
388 1592 549 1643 Virgine
572 1592 613 1630 in
635 1591 774 1630 Chelas
791 1599 976 1646 receptus
1004 1599 1127 1643 esset,
1157 1593 1198 1633 h.
1230 1595 1275 1633 in
1302 1595 1438 1634 locum
1457 1595 1600 1634 Librae
1630 1595 1747 1634 dein-

227 1663 316 1702 ceps
349 1650 609 1699 destinatum,
651 1649 802 1689 Phocas
831 1665 869 1690 v.
897 1654 964 1693 21.
994 1654 1050 1693 22
1077 1659 1289 1692 memorat.
1348 1652 1520 1707 Augusti
1551 1667 1650 1694 aevo
1677 1654 1747 1693 Sol

225 1708 384 1746 Libram
405 1708 540 1746 adibat
559 1708 646 1746 Kal.
669 1709 744 1747 XII
765 1709 929 1749 Octobr.
950 1710 1055 1749 conf.
1080 1710 1133 1749 ad
1155 1711 1225 1750 Ge.
1245 1712 1275 1762 I,
1312 1714 1381 1754 32.

338 1776 395 1814 De
414 1778 777 1818 Grammaticorum
800 1779 914 1832 nugis
947 1780 1054 1818 circa
1086 1781 1239 1820 natales
1257 1787 1463 1837 poetaenv.
1485 1796 1573 1836 sup.
1594 1782 1657 1825 ad.
1671 1782 1745 1823 Vi-

224 1841 310 1873 tam
328 1835 470 1873 Donati
501 1850 529 1874 s.
549 1838 587 1877 3.
610 1835 648 1877 4.

339 1892 395 1930 De
413 1893 609 1946 scriptura
628 1894 798 1934 nominis
820 1895 1024 1948 digladiati
1053 1904 1149 1937 sunt
1169 1898 1276 1937 inter
1296 1912 1337 1937 se
1369 1913 1462 1938 cum
1477 1905 1635 1939 veteres
1654 1905 1746 1939 tum

226 1950 466 1989 recentiores
496 1952 763 1991 Grammatici.
823 1954 988 2007 Lapides
1022 1961 1062 1994 et
1101 1956 1257 1995 codices
1284 1963 1503 2009 utrumque
1537 1957 1744 2010 exhibent.

226 2008 358 2046 Etiam
379 2009 518 2047 Graeci
536 2010 656 2049 modo
681 2007 913 2064 Ουίργίλιος
930 2013 1051 2053 modo
1075 2011 1310 2069 Οὐεργίλιος
1329 2015 1533 2055 scribunt:
1573 2022 1614 2055 et
1639 2018 1744 2056 Ver-

224 2067 352 2116 gilias
365 2096 374 2114 ‚
406 2067 603 2106 Mediceus
615 2099 625 2118 ,
657 2069 773 2107 Pierii
792 2071 995 2110 Romanus
1007 2103 1017 2122 ,
1050 2079 1091 2111 et
1111 2073 1429 2113 vetustissimum
1447 2073 1479 2112 F
1480 2088 1605 2127 ragm.
1622 2073 1745 2127 Aspri

229 2123 337 2175 apud
354 2124 628 2164 Benedictinos
648 2128 785 2166 Nozw.
814 2130 879 2166 Tr.
902 2130 950 2167 de
974 2132 1203 2181 Diplomat.
1224 2132 1337 2171 Tom.
1357 2132 1420 2171 ΙΙΙ.
1448 2146 1488 2185 Ρ.
1510 2133 1604 2175 152.
1666 2133 1743 2171 Ce-

227 2187 361 2219 terum
391 2183 504 2232 vide,
536 2184 567 2222 si
595 2185 698 2223 tanti
725 2192 804 2234 est,
846 2187 1012 2227 Corrad.
1040 2189 1084 2227 in
1107 2189 1199 2229 Vita
1228 2190 1384 2242 Virgilii
1413 2205 1475 2243 pr.
1509 2190 1744 2243 adde'quos

227 2238 365 2276 laudat
384 2239 538 2280 Fabi-ic.
566 2242 752 2282 Biblioth.
773 2244 857 2283 Lat.
876 2245 964 2285 Vol.
987 2247 1034 2297 ΙΙ,
1064 2261 1104 2299 p.
1136 2251 1233 2291 226.
1274 2249 1496 2288 Burmann.
1524 2247 1742 2302 Antholog.

226 2296 272 2356 Τ.
299 2297 327 2345 Ι,
357 2311 396 2348 p.
417 2300 512 2340 399.
546 2300 714 2350 Pierius,
747 2302 887 2352 Cerda,
918 2305 1138 2345 Burmann.
1162 2307 1215 2345 ad
1244 2307 1380 2359 Virgil.
1400 2308 1543 2360 Georg.
1564 2307 1619 2347 IV
1637 2313 1741 2347 extr.

226 2354 385 2413 Ruaeus
406 2355 496 2393 Vita
518 2357 667 2409 Virgilii
685 2374 745 2411 pr.
804 2361 837 2398 N
842 2362 964 2400 omini
984 2363 1027 2401 in
1049 2365 1254 2404 veteribus
1272 2366 1478 2405 nonnullis
1498 2366 1612 2405 libris
1633 2367 1743 2405 Par—

224 2411 379 2450 llzenias
400 2413 583 2454 additur:
621 2430 660 2455 v.
685 2431 771 2470 sup.
794 2419 846 2456 ad
864 2419 1008 2460 Donat.
1032 2420 1074 2474 §-
1095 2425 1163 2464 22.

337 2481 524 2521 Parentes
554 2485 739 2537 Virgilius
774 2487 963 2528 honestos
998 2491 1181 2543 quidem,
1232 2493 1370 2545 quales
1397 2495 1551 2534 nobiles
1579 2500 1743 2534 nostros

223 2538 442 2589 villaticas,
475 2542 545 2580 sed
562 2548 696 2581 tamen
720 2545 909 2585 obscuros
939 2554 978 2585 et
994 2549 1037 2587 in
1063 2564 1157 2602 agro
1178 2565 1251 2590 suo
1276 2552 1447 2591 colendo
1467 2554 1595 2592 vitam
1620 2566 1744 2605 agen-

224 2602 305 2645 tes,
344 2596 497 2637 habuit.
563 2601 677 2638 Unde
708 2602 875 2642 ductum
902 2605 1004 2644 illud
1034 2622 1096 2660 ap.
1126 2609 1304 2649 Maerob.
1334 2611 1392 2661 V,
1422 2614 1450 2653 2
1491 2611 1608 2650 Unde
1635 2613 1743 2649 enim

231 2656 381 2693 Veneto
399 2659 555 2694 rusticis
567 2660 802 2708 parentibus
819 2671 913 2700 nato
925 2694 936 2713 ,
968 2667 1068 2703 inter
1091 2668 1217 2706 silvas
1241 2677 1278 2706 et
1287 2668 1463 2720 snclices
1479 2670 1619 2708 educto
1631 2699 1644 2719 ,
1677 2670 1745 2708 vel

224 2713 323 2749 levis
350 2713 597 2752 Graecarum
614 2720 755 2755 ηοίίίία
779 2720 1030 2761 litterarum?
1070 2723 1194 2772 Quod.
1222 2732 1358 2765 autem
1374 2726 1564 2779 figulum
1578 2736 1742 2779 patrem

223 2782 307 2807 esse
330 2777 522 2834 narrant,
552 2772 594 2810 id
618 2787 760 2813 vereor
779 2790 828 2813 ne
847 2777 970 2830 inepti
994 2782 1181 2821 monachi
1207 2784 1341 2833 afilia
1361 2785 1743 2837 caminafingente

223 2826 438 2878 duxermt5
469 2829 528 2867 uti
547 2830 672 2869 altera
692 2834 870 2872 narratio
892 2837 940 2873 cle
963 2847 1082 2887 patre
1106 2845 1347 2881 mercenario
1365 2857 1450 2882 non
1472 2843 1635 2884 aliunde
1662 2857 1740 2882 na—

218 2890 439 2982 {a'dflduam
456 2887 570 2983 {luod
598 2889 784 2942 Tityrum
814 2892 857 2930 in
877 2893 1006 2945 prima
1027 2896 1169 2951 Ecloga
1187 2898 1341 2953 Virgilii
1366 2907 1526 2955 patrem
1555 2901 1743 2941 nonnulli

237 2956 283 2981 ra
313 2957 327 2981 1
359 2956 454 2983 eran
477 2974 485 2983 .
