1768 3320
142 171 172 206 c
584 156 730 206 TIB.
770 154 879 205 CL.
913 152 1241 204 DONATI

142 299 236 327 core
259 286 392 326 Ennii.
451 285 587 325 Habet
617 285 724 325 enim
753 290 875 338 poeta
904 284 972 323 ille
1003 282 1177 336 egregias
1205 279 1426 319 sententias
1451 280 1528 320 sub
1544 281 1681 321 verbis

83 353 130 388 72
143 361 228 386 non
246 346 424 385 multum
454 344 622 384 ornatis.
681 343 954 396 Interroganti
980 340 1184 394 Augusto,
1216 352 1298 392 quo
1319 343 1439 391 pacto
1460 339 1604 396 civitas
1619 341 1681 379 fe-

142 405 275 444 liciter
301 404 618 457 gubernaretur:
659 403 706 441 Si
724 402 1025 455 prudentiores,
1064 398 1219 450 inquit,
1251 406 1449 436 temonem
1464 400 1677 450 tenuerint,

144 472 182 502 et
208 463 304 502 boni
328 463 457 500 malis
478 469 812 513 praeponantur:
854 462 990 512 itaque
1013 459 1158 509 optimi
1180 470 1275 495 suos
1300 454 1479 495 habeant
1498 456 1680 508 honores,

85 534 132 570 73
144 522 250 561 nulli
280 530 415 560 tamen
446 521 621 558 aliorum
649 520 791 557 iniusti
812 518 1035 572 quidquam
1040 516 1142 565 fiat.
1203 514 1259 554 At
1282 514 1516 555 Maecenas:
1551 516 1677 568 Quid,

144 580 299 632 inquit,
345 580 393 619 V
387 579 523 631 irgili,
561 579 788 616 satietatem
816 576 973 614 homini
1001 589 1081 612 non
1112 572 1278 625 adfert?
1322 573 1519 612 Omnium
1535 588 1681 626 rerum,

143 637 357 692 respondit
371 667 382 688 ,
414 644 487 675 aut
506 635 727 674 similitudo
748 642 821 672 aut
847 633 1062 672 multitudo
1090 630 1347 670 stomachum
1358 631 1477 684 facit
1483 662 1495 683 ,
1517 642 1685 685 praeter

85 700 133 736 74
144 698 378 749 intelligere.
421 694 531 734 Idem
558 693 844 745 interrogavit:
891 693 980 743 Quo
1006 699 1131 743 pacto
1164 692 1255 744 quis
1280 691 1413 730 altam
1430 690 1682 745 felicemque

136 756 354 809 fortunam
372 768 529 792 servare
537 760 670 805 potest
681 753 703 790 ?
733 751 807 790 Cui
820 750 957 790 Maro:
991 750 1049 800 Si,
1076 757 1276 802 quantum
1295 748 1442 788 honore
1458 764 1510 788 ac
1526 749 1683 789 divitiis

145 816 242 853 aliis
266 813 545 865 praestantior
571 812 623 849 sit
638 840 648 859 ‚
693 817 808 848 tanta
835 808 1077 848 liberalitate
1110 815 1147 846 et
1175 808 1332 846 iustitia
1355 808 1461 846 alios
1492 810 1682 861 superare

87 882 133 917 75
144 875 308 911 nitatur.
367 870 518 909 solitus
545 874 631 908 erat
661 867 816 906 dicere:
854 867 1036 906 Nullam
1057 867 1244 905 virtutem
1272 866 1583 906 commodiorem
1602 867 1681 906 ἢο-

145 932 249 969 mini
266 944 348 967 esse
357 929 563 981 patientia
574 943 590 975 ,·
623 941 674 964 ac
693 926 853 964 nullam
873 939 1064 977 asperam
1081 924 1183 963 adeo
1205 938 1288 963 esse
1293 924 1530 977 sommam,
1552 940 1682 979 quam

136 988 357 1041 prudenter
384 985 581 1038 patiendo
623 987 686 1023 vir
699 984 826 1037 sortis
854 998 935 1022 non
962 985 1116 1023 vincat.
1187 982 1324 1032 Quam
1363 984 1609 1024 sententiam
1635 985 1679 1024 in

145 1047 289 1100 quinto
310 1045 507 1085 Aeneidos
525 1043 716 1083 inseruit:

370 1129 482 1167 Nate
499 1127 576 1165 dea
589 1157 600 1176 ,
635 1141 713 1179 quo
725 1125 831 1179 sata
850 1125 1015 1164 trahunt
1030 1124 1317 1178 retrahuntque
1331 1155 1342 1175 ,
1377 1136 1621 1178 sequamur,-

377 1185 590 1239 Quidquid
606 1186 700 1236 erit,
735 1185 967 1237 supercmda
986 1185 1116 1222 omnis
1124 1183 1302 1236 fortuna
1310 1183 1486 1236 ferendo
1507 1193 1579 1224 est.

87 1269 134 1303 76
148 1268 248 1306 Cum
266 1265 430 1318 quidam
447 1267 529 1306 eius
552 1266 704 1305 amicus
731 1265 936 1305 Cornificii
963 1265 1005 1304 in
1027 1278 1119 1305 eum
1141 1265 1358 1305 maledicta
1387 1272 1428 1306 et
1451 1266 1682 1307 inimicitias

146 1326 221 1365 sibi
259 1331 488 1365 enarraret:
541 1325 678 1376 Quam
700 1334 831 1377 putas
846 1355 856 1375 ,
907 1323 1065 1376 inquit,
1107 1339 1189 1362 esse
1220 1324 1343 1363 liuius
1371 1326 1682 1366 malevolentiae

145 1384 368 1422 caussam?
399 1385 519 1422 ,Nam
537 1398 663 1436 neque
684 1397 867 1436 unquam
896 1383 1156 1433 Cornificium
1177 1383 1357 1438 offendi,
1392 1392 1430 1423 et
1452 1399 1543 1423 eum
1566 1384 1678 1424 amo.

144 1443 234 1492 An,
274 1441 428 1493 inquit,
469 1443 646 1480 Hesiodi
672 1444 891 1480 sententiae
921 1456 1002 1480 non
1030 1443 1275 1496 meministi,
1317 1442 1389 1481 ubi
1417 1445 1501 1494 ait,
1542 1444 1683 1483 amhi-
1740 1447 1759 1459 ”“

144 1509 290 1539 tectum
311 1500 526 1539 architecto
550 1500 752 1550 invidere,
795 1509 834 1539 et
855 1509 1027 1552 poetam
1049 1501 1231 1553 poetae?
1263 1501 1332 1539 De
1351 1502 1503 1552 malis,
1535 1502 1682 1555 inquit,

147 1559 329 1597 Graecus
359 1559 427 1597 ille
458 1560 655 1598 intellexit
668 1576 679 1597 .·
719 1574 817 1597 nam
843 1558 938 1597 boni
958 1559 1189 1598 eruditiores
1207 1568 1363 1599 amant.
1423 1561 1507 1599 Sed
1523 1575 1683 1615 magna

146 1631 239 1655 cum
254 1616 375 1655 laude
393 1625 428 1654 et
448 1618 585 1669 gloria
606 1618 829 1666 vindictam
849 1619 892 1656 in
908 1633 1037 1656 manu
1057 1617 1201 1657 habeo.
1266 1620 1433 1657 Maiore
1454 1621 1563 1658 enim
1584 1616 1683 1660 cura

147 1676 284 1714 virtuti
302 1675 510 1714 intendam
518 1691 534 1723 ,·
568 1684 689 1729 atque
710 1691 788 1729 quo
811 1677 1037 1729 elegantior
1054 1690 1129 1729 ego
1141 1676 1257 1726 fiam
1271 1706 1282 1726 ,
1316 1691 1361 1716 eo
1394 1677 1684 1718 vehementiore

90 1739 134 1773 77
148 1733 305 1772 invidia
327 1743 542 1785 rumpetur.
602 1735 702 1773 Erat
718 1734 901 1787 Augusto
919 1735 1127 1775 familiaris
1150 1734 1341 1774 Philistus
1360 1735 1526 1788 quidam
1540 1767 1552 1788 ,
1587 1752 1684 1777 ora-

146 1798 216 1830 tor
244 1797 284 1830 et
315 1791 455 1844 poesin
483 1791 742 1833 mediocriter
772 1794 938 1845 doetus,
980 1794 1045 1833 cui
1066 1794 1284 1847 multiplex
1304 1794 1547 1847 variumque
1567 1796 1684 1850 inge-

147 1850 262 1888 nium
283 1856 395 1900 erat,
436 1851 584 1902 quique
614 1852 794 1891 omnium
814 1853 949 1892 omnia
967 1853 1077 1892 dicta
1105 1848 1404 1906 reprehendere
1429 1855 1683 1895 conabatur:

149 1922 233 1947 non
256 1914 304 1947 ut
330 1921 473 1947 verum
507 1909 780 1962 dignosceret,
823 1912 935 1963 quod
963 1913 1151 1951 Socrates
1178 1911 1311 1951 facere
1345 1913 1581 1966 consuevit,
1611 1914 1686 1953 sed

149 1973 199 2005 ut
220 1965 419 2006 eruditior
446 1967 669 2008 videretur.
727 1970 806 2008 Hic
834 1970 1068 2023 Virgilium,
1099 1971 1347 2022 ubicumque
1368 1971 1585 2012 convenire
1606 1972 1684 2011 da-

148 2025 294 2074 batur,
326 2025 548 2065 maledictis
582 2028 808 2080 salibusque
831 2030 1023 2069 vexabat.
1084 2029 1224 2079 Quare
1247 2030 1314 2068 ille
1337 2043 1454 2083 saepe
1487 2037 1560 2071 aut
1578 2032 1685 2071 taci-

149 2083 314 2123 bundus
340 2083 590 2136 discedebat,
630 2092 702 2125 aut
729 2087 903 2127 suffusus
931 2088 1092 2142 pudore
1131 2088 1305 2128 tacebat.
1372 2089 1547 2141 Verum,
1590 2104 1685 2130 cum

151 2141 334 2193 Augusto
365 2142 552 2182 audiente
585 2144 782 2197 elinguem
806 2146 920 2186 illum
943 2147 1116 2198 diceret,
1149 2154 1190 2187 et
1215 2161 1395 2187 caussam
1415 2148 1535 2188 etiam
1553 2162 1683 2201 suam,

151 2201 184 2239 si
222 2200 400 2253 linguam
428 2200 620 2252 haberet,
671 2204 887 2244 defendere
914 2207 1104 2258 nequire:
1156 2208 1287 2257 Tace,
1327 2207 1483 2259 inquit,
1523 2207 1683 2248 rabula.

154 2259 276 2297 Nam
293 2259 395 2297 haec
414 2274 506 2298 mea
524 2264 777 2301 taciturnitas
797 2264 1045 2316 defensorem
1070 2279 1311 2303 caussarum
1327 2280 1511 2304 mearum
1529 2266 1684 2320 Augu-

151 2324 257 2355 stum
275 2317 383 2369 fecit
410 2326 446 2356 et
471 2321 780 2369 Maecenatem;
823 2330 860 2360 et
878 2338 927 2362 ea
945 2323 1042 2362 tuba
1059 2354 1071 2374 ,
1105 2338 1199 2362 cum
1228 2325 1319 2363 volo
1332 2354 1344 2374 ,
1378 2325 1544 2378 loquor,
1578 2339 1703 2379 quae

152 2374 297 2427 ubique
328 2383 366 2413 et
405 2375 627 2416 diutissime
655 2380 856 2419 audietur.
935 2383 998 2420 Tu
1036 2383 1283 2436 loquacitate
1310 2398 1392 2421 non
1417 2383 1536 2422 modo
1565 2399 1688 2423 aures

151 2432 385 2483 hominum,
436 2435 508 2472 sed
541 2451 674 2475 muros
710 2440 877 2490 rumpis.
953 2440 1159 2493 Augustus
1188 2454 1287 2481 vero
1318 2440 1535 2481 Philistum
1571 2442 1687 2495 gravi

153 2491 273 2530 vultu
295 2491 532 2544 increpavit.
593 2495 708 2533 Tunc
732 2496 865 2546 Maro,
907 2498 953 2536 Si
983 2508 1167 2550 tempus,
1213 2500 1388 2551 Caesar,
1430 2500 1585 2553 inquit,
1616 2509 1686 2540 ta-

153 2550 271 2588 cendi
295 2549 363 2588 liic
409 2552 544 2602 sciret,
599 2567 690 2591 raro
720 2554 956 2607 loqueretur.
1034 2558 1269 2597 Tacendum
1295 2561 1404 2598 enim
1428 2573 1588 2612 semper
1613 2568 1685 2609 est,

200 2674 232 2720 §.
260 2675 318 2710 72.
361 2673 538 2709 Videntur
570 2676 730 2712 homines
762 2679 888 2725 lepidi,
945 2684 1204 2720 commentitius
1236 2686 1551 2722 Grammaticorum
1574 2686 1685 2721 homo

153 2721 326 2769 quicquid,
345 2733 498 2768 unquam
525 2724 723 2769 pulcrarum
741 2734 888 2761 senten·
947 2742 1024 2763 esse
1045 2731 1198 2768 videtur.
1246 2734 1415 2768 Philistus
1438 2734 1556 2769 varios
1578 2747 1686 2770 enar-

151 2769 278 2803 tiarum
295 2769 515 2815 reperirent,
542 2778 577 2804 ut
597 2772 730 2805 clarum
752 2781 788 2807 et
804 2787 890 2820 gra-
946 2784 1001 2810 rat
1021 2779 1158 2814 Fabric.
1177 2781 1223 2815 ad
1243 2781 1394 2816 Dionem
1403 2782 1616 2825 XXXVIII,
1628 2783 1685 2825 18,

151 2828 230 2850 vem
245 2822 439 2852 ,auctorem
459 2817 608 2862 darent,
641 2819 678 2853 in
700 2820 890 2866 Virgilium
949 2825 979 2868 §-
1008 2826 1073 2868 89,
1107 2828 1170 2861 sed
1198 2829 1314 2863 nullus
1345 2841 1387 2862 ex
1411 2829 1455 2863 iis
1483 2828 1543 2863 hic
1568 2830 1686 2864 locum

153 2863 361 2898 cumulasse.
948 2870 1070 2906 habet.
1107 2876 1416 2931 elinguem-quod
1446 2876 1556 2920 dixit,
1580 2877 1687 2911 vide-

422 2958 458 2965 ..
819 2962 827 2969 '
948 2924 1007 2952 tur
1045 2919 1177 2956 dictum
1216 2936 1396 2971 respicere
1435 2923 1573 2959 Melissi
1607 2936 1685 2971 sup.

202 2957 233 3004 §.
254 2958 314 2994 77.
354 2958 539 2993 Philistus
572 2971 649 2994 cum
688 2972 751 2995 suo
790 2961 889 2997 dicto
949 2977 976 2999 s.
1005 2967 1065 3002 27.
