1768 3320
340 225 952 303 BueourcAfEcL.
999 226 1041 288 1,
1075 230 1269 277 7-16
1326 212 1331 220 ‘
1493 231 1559 282 57

8 400 11 402 ,
47 356 232 423 Usque
253 351 391 405 adeo
409 351 654 403 turbatur
670 351 816 416 agris,
887 353 994 415 En,
1030 350 1144 417 ipse
1169 350 1392 417 capellas

48 428 313 489 Protenus
337 437 496 488 aeger
517 437 640 487 ag03
675 420 816 472 hanc
834 421 995 472 etiam
1021 421 1126 485 vix,
1165 421 1344 484 Tityre
1359 462 1373 485 ‚
1410 420 1562 478 duco,

48 495 147 546 Hic
166 494 308 544 inter
329 492 519 544 densas
541 490 754 542 corulos
775 490 944 542 modo
968 507 1204 558 namque
1223 489 1498 556 gemeHOS,

52 566 216 632 Spem
233 563 434 630 gregiS,
458 561 553 614 ah!
589 560 733 611 silice
750 561 806 611 in
827 560 972 612 nuda
994 560 1217 611 connixa
1235 559 1464 627 reliquit.
1503 564 1566 613 15

52 636 225 703 Saepe
246 632 453 684 malum
468 631 577 682 hoc
595 631 776 698 nobiS‚
812 632 855 682 si
875 647 1032 682 mens
1061 646 1176 680 non
1197 628 1343 680 laeva
1363 627 1564 695 fuisset,

98 749 149 801 12
167 754 362 792 turbamur
386 752 489 789 multi
513 761 551 789 et
578 754 659 800 ipse
673 755 775 789 Rom.
793 767 826 788 v.
843 753 936 788 Pier.
962 759 999 787 et
1013 752 1136 787 Heius.
1171 751 1242 797 (Sic
1266 763 1286 785 e
1313 751 1417 786 codd.
1431 752 1566 787 Parisi-

52 803 194 839 ensibus
214 816 272 850 ep.
289 804 386 839 Pott.
405 802 442 838 2.
460 806 498 834 et
515 803 551 839 3.
581 801 690 846 Wr.)‚
733 801 797 835 sed
824 801 967 835 damnat
986 800 1056 834 iam
1075 802 1184 841 Serv„
1208 806 1245 832 et
1264 798 1414 833 alterum
1435 800 1567 834 confir-

49 850 125 888 m'n
144 850 313 894 Quinctil.
339 851 367 893 1,
390 847 426 891 4,
448 848 507 884 28.
595 849 640 885 13
674 850 853 883 Protinus
873 847 1033 882 nonnulli
1058 858 1116 892 ap.
1130 845 1252 880 Heius.
1273 852 1310 879 et
1327 846 1456 889 Bm,
1480 858 1568 893 quos

50 898 152 939 vide;
169 909 261 932 vanu
271 895 485 943 disputati03
503 894 684 941 utriusque
702 895 898 940 scripturae
914 894 967 929 vis
986 893 1128 934 eadem3
1146 892 1324 939 antiquior
1342 899 1463 927 tamen
1476 894 1568 928 scri-

50 951 158 992 ptura
173 946 361 980 stannus
373 949 540 988 corrupta
550 954 616 988 per
630 941 952 987 pronuntiationem
968 942 1157 976 Protinus.
1168 940 1241 974 vid.
1250 940 1339 974 Not.
1410 939 1456 977 14
1473 942 1570 974 Hinc

187 991 198 1000 ⁴
243 991 290 1026 de
300 993 453 1026 Gramm.
463 992 569 1024 Haec
576 989 658 1023 duo,
700 990 867 1024 catulos:
886 988 948 1022 alii
959 987 1105 1029 corilos,
1114 986 1171 1020 vel
1186 986 1344 1032 corylos.
1366 987 1429 1022 Nil
1438 988 1568 1028 refert3

52 1039 118 1074 sed
134 1038 250 1073 nullus
265 1037 391 1073 dubito
410 1037 589 1083 antiquam
608 1035 819 1082 scripturam
837 1035 875 1069 in
893 1035 950 1069 his
972 1041 1010 1070 et
1025 1033 1196 1068 similibus
1214 1033 1323 1067 fuisse
1342 1047 1382 1068 u:
1415 1046 1458 1068 ex
1477 1046 1568 1080 pro-

51 1085 274 1121 nuntiatione
287 1091 405 1119 autem
415 1083 524 1118 fuisse
539 1090 778 1128 comparatam
785 1095 863 1116 cum
872 1084 933 1117 Gr.
946 1096 970 1119 v
981 1096 990 1123 ;
1010 1081 1161 1127 hincque
1172 1087 1230 1114 tot
1243 1092 1349 1114 voces
1366 1093 1433 1127 per
1434 1094 1469 1127 y
1477 1081 1569 1116 scri-

51 1140 135 1180 pm
153 1132 324 1167 invasisse
340 1131 506 1166 Latinum
522 1141 730 1164 sermonem.
776 1130 973 1164 Conversae
988 1129 1073 1163 inde
1091 1129 1189 1162 fuere
1209 1128 1398 1162 nonnullae
1416 1128 1454 1162 in
1470 1130 1502 1163 i:
1527 1134 1567 1162 ut

53 1181 228 1216 lacrimae
245 1190 313 1226 pro
331 1179 531 1219 lacrumae,
547 1189 624 1211 cum
634 1178 765 1211 factum
785 1184 879 1211 esset
896 1178 976 1212 lacr
1083 1201 1092 1209 .
1141 1175 1277 1209 densos
1290 1175 1392 1209 Leid.
1404 1187 1425 1210 a
1442 1188 1488 1210 m.
1498 1187 1569 1209 sec.

55 1227 99 1265 15
123 1239 149 1261 a
166 1226 227 1270 aL,
247 1231 289 1260 ut
310 1225 387 1259 fere
406 1236 548 1270 semper
566 1224 604 1258 in
620 1223 874 1270 antiquioribus
890 1222 1120 1262 membranis;
1154 1221 1307 1256 seriores
1335 1222 1397 1256 ha.
1422 1223 1462 1256 in
1492 1235 1569 1256 me-

53 1274 119 1308 dia
135 1273 221 1308 Cod.
237 1271 348 1307 Nonii
365 1271 536 1306 Marcelli.
619 1271 729 1306 Silice
746 1272 785 1304 in
802 1271 905 1305 nuda
927 1276 1031 1305 notat
1051 1268 1218 1312 Quinctil.
1235 1270 1261 1310 1,
1282 1270 1317 1311 6,
1335 1270 1361 1306 2
1381 1269 1476 1316 quod
1490 1281 1569 1304 ma-

0 1321 1 1324 ’
52 1321 122 1356 luit
131 1325 244 1367 poeta
258 1331 328 1366 pro
345 1319 459 1354 nudo.
515 1319 651 1353 conixa
670 1330 734 1351 sex
749 1319 847 1352 MSS.
864 1317 1011 1364 antiquo
1030 1327 1140 1350 more.
1159 1328 1194 1350 v,
1215 1316 1338 1350 Heius.

55 1427 266 1468 commode
282 1427 396 1468 Voss.
413 1426 465 1466 de
482 1426 606 1466 turba
627 1426 784 1478 fugien-

56 1487 162 1526 tium
178 1485 336 1539 accipit.
370 1487 442 1526 W
433 1483 483 1539 r.)
511 1484 560 1524 In
569 1498 691 1537 prosa
709 1497 784 1537 per

54 1559 155 1583 nam
170 1544 239 1584 vel
260 1557 387 1597 quum
411 1542 656 1581 efferendum
676 1548 785 1591 erat;

55 1602 184 1641 miror
205 1608 249 1641 te
273 1607 361 1640 tam
388 1606 478 1639 tuto
500 1607 543 1639 et
569 1600 785 1651 tranquille

56 1672 194 1712 agere,
230 1672 358 1711 quum
380 1664 518 1697 tantae
544 1658 726 1709 undique
742 1657 784 1695 in

55 1718 207 1758 nostris
234 1717 338 1769 egris
351 1716 497 1756 turbae
518 1722 559 1754 et
576 1715 785 1754 calamita-

55 1782 120 1815 tes
143 1781 310 1814 exortae
326 1774 408 1814 sint
415 1789 427 1824 3
466 1787 592 1826 quum
621 1773 787 1812 immissi

56 1835 271 1874 innostra
286 1832 551 1886 possessiones
562 1832 694 1870 coloni
708 1845 787 1870 no·-

57 1899 164 1932 stros
181 1905 297 1944 agros
314 1896 525 1943 occupent,
542 1903 693 1942 nosque
713 1889 787 1927 de-

57 1950 221 2004 pellant.
280 1946 512 2002 (vocabulis
539 1948 662 1997 adeo,
692 1955 788 1985 tan-

19 2050 22 2051 ⁷
58 2017 144 2058 tuo,
172 2007 288 2055 talis,
317 2008 445 2059 iepro
462 2014 619 2055 tantus,
648 2005 789 2044 simili-

58 2066 156 2116 bus,
193 2063 382 2119 periodos
408 2064 509 2103 duas
533 2064 592 2103 ita
617 2063 790 2102 coniun-

3 2157 5 2161 .
28 2153 30 2155 >
59 2130 148 2164 ctas
163 2134 279 2175 saepe
295 2122 464 2172 videbis,
491 2128 541 2161 ut
560 2136 659 2159 nam
676 2134 790 2159 com-

59 2181 180 2222 mode
204 2179 430 2219 omittatur.
497 2179 578 2218 Sed
604 2179 675 2218 illa
699 2185 791 2217 tum

60 2237 260 2279 vocabula
275 2238 511 2290 plerumque
527 2237 570 2276 in
581 2237 697 2276 initio
715 2249 790 2289 pe-

59 2297 188 2346 riodi,
215 2296 343 2349 priori
361 2308 561 2346 annexae,
591 2293 790 2343 collocari,

60 2354 143 2395 hoc
161 2360 298 2393 autem
309 2354 400 2393 1000
414 2354 541 2393 verba
557 2367 680 2405 usque
689 2352 790 2390 adeo

60 2413 106 2452 in
134 2411 377 2466 principium
400 2425 460 2451 vs..
482 2414 547 2453 12.
579 2417 792 2464 poetarum

61 2483 177 2510 more
197 2469 348 2509 reiecta
374 2483 481 2519 esse,
527 2475 578 2507 ut
603 2470 793 2507 nimimm

64 2527 457 2635 :sm
476 2583 792 2623 W

65 2665 125 2674 -
163 2643 321 2692 Quibus
344 2643 448 2682 adde
475 2642 623 2695 Heynii
653 2647 794 2680 notam

65 2701 112 2740 in
126 2700 175 2740 V.
182 2701 227 2740 L.
243 2700 298 2740 ad
312 2700 412 2740 Aen.
428 2700 477 2750 V,
493 2699 590 2742 404.
610 2706 652 2738 et
664 2713 795 2738 meam

69 2756 285 2807 adA-XIL
308 2761 405 2801 831.
440 2759 512 2799 W
504 2756 555 2812 r.)
585 2760 695 2810 Ipse,
714 2757 796 2795 eie-

32 2829 35 2831 ’
69 2822 160 2855 ctus
203 2816 383 2868 paternis
439 2816 555 2855 bonis
572 2845 583 2865 ,
652 2814 794 2853 affecto

69 2873 252 2925 quamvis
269 2885 436 2925 corpore
463 2871 557 2927 (nisi
580 2887 703 2925 aeger
718 2886 794 2926 pro

69 2945 191 2981 aegre
208 2929 396 2982 accipias,
424 2937 475 2971 ut
490 2929 589 2969 Aen.
607 2931 644 2969 V
655 2961 666 2980 ,
696 2930 794 2972 468.

71 2988 170 3038 432,
199 3000 280 3040 quo
301 2986 415 3026 ducit
431 2988 538 3027 hanc
554 2990 678 3027 etiam
693 2986 795 3040 mlx),

841 1439 913 1478 ago
947 1424 1137 1478 capellas,
1186 1422 1286 1462 dum
1317 1422 1416 1462 hinc
1442 1421 1570 1474 migro

841 1490 917 1522 etc.
965 1481 1116 1537 (aeger
1150 1481 1301 1520 rectius
1327 1481 1379 1520 de
1404 1480 1571 1520 tristitia

841 1541 963 1580 animi
979 1541 1302 1592 interpretantur
1309 1539 1423 1579 Voss.
1438 1538 1572 1578 Wun-

842 1599 941 1638 derl.
962 1597 1113 1652 Spohn.
1132 1596 1245 1636 Iahn.
1267 1602 1309 1634 et
1324 1596 1509 1647 Doering.
1527 1595 1572 1634 in

841 1658 979 1709 Progr.
1017 1654 1176 1695 Gothae
1221 1654 1347 1696 1824.
1380 1653 1421 1695 4.
1449 1653 1571 1692 edito.

841 1715 920 1754 Pro
940 1728 1060 1767 aegn
1077 1726 1128 1752 ne
1150 1712 1384 1765 accipiatur,
1402 1717 1573 1750 notante

841 1771 1005 1823 Iahnio,
1033 1777 1162 1821 vetat,
1191 1769 1304 1821 quod.
1318 1770 1456 1809 statim
1474 1769 1573 1807 sub-

841 1831 999 1881 iicitur,
1027 1843 1118 1869 voc.
1136 1831 1219 1869 vix.
1239 1849 1298 1858 —
1346 1828 1574 1867 Pronomen

844 1891 931 1941 ipse
970 1894 1108 1927 autem
1136 1899 1259 1938 quam
1297 1887 1383 1925 vim
1410 1884 1573 1933 habeat,

845 1947 972 1986 disces
988 1960 1009 1985 e
1029 1946 1080 1995 Q.
1091 1944 1139 1984 V.
1154 1943 1298 1992 XVIII,
1327 1947 1368 1994 2,
1385 1943 1424 1982 b.
1460 1941 1572 1996 Wr.)

848 2008 915 2047 13.
944 2006 1151 2052 Pmtemw,
1167 2015 1291 2055 porro
1308 2008 1441 2051 tenus,
1456 2001 1575 2053 longe

846 2077 870 2100 a
886 2063 1054 2111 finibus,
1095 2060 1260 2100 Servius
1286 2060 1354 2100 ait.
1412 2060 1574 2111 Simpli-

847 2121 948 2159 citer
975 2119 1252 2172 accipiendum
1269 2131 1364 2171 pro:
1413 2123 1507 2156 ante
1534 2129 1575 2155 se

848 2191 984 2232 agere3
1036 2191 1128 2230 opp.
1148 2178 1208 2232 τῷ
1226 2189 1375 2225 errare,
1412 2176 1574 2227 vagari,

848 2235 961 2288 quod
988 2236 1058 2285 fit,
1099 2235 1198 2274 dum
1221 2232 1413 2285 pascendi
1436 2246 1576 2271 caussa

848 2300 1046 2346 aguntur-3
1065 2299 1107 2332 at
1120 2293 1188 2332 hic
1197 2292 1426 2344 abiguntur.
1445 2291 1576 2330 Unam

846 2365 946 2392 vero
964 2352 1086 2400 ducit,
1104 2351 1201 2390 fune
1216 2349 1358 2389 trahit.
1390 2349 1457 2391 15.
1479 2363 1575 2387 con-

847 2412 949 2448 nixa
975 2410 1155 2461 reliquit,
1205 2421 1290 2447 non
1305 2406 1428 2447 modo
1458 2409 1577 2445 enixa

849 2475 906 2506 est
915 2483 930 2516 ;
961 2468 1132 2519 reliquit,
1150 2465 1345 2505 maiorem
1362 2465 1483 2503 efiam
1498 2464 1577 2502 mi-

849 2526 1090 2564 serationem
1127 2524 1298 2563 excitat:
1355 2523 1468 2574 quod
1502 2535 1578 2560 nec

847 2584 952 2622 lacte
969 2584 1074 2622 alere
1090 2595 1166 2621 nec
1181 2595 1317 2620 secum
1335 2581 1483 2620 ducere
1501 2593 1577 2632 po-

850 2641 944 2680 tuit.
1016 2641 1127 2679 silice
1154 2642 1197 2678 in
1216 2640 1350 2689 nuda,
1379 2653 1463 2678 non
1481 2638 1578 2676 sub-

851 2699 990 2738 stratis
1005 2698 1154 2748 herbis,
1190 2698 1260 2736 Ge.
1277 2697 1350 2746 m,
1379 2699 1465 2738 297
1480 2695 1578 2733 Edi-

854 2771 902 2796 oo
928 2778 989 2786 --
1028 2764 1066 2794 et
1099 2756 1230 2794 multa
1267 2755 1414 2793 duram
1447 2754 1578 2803 stipa-

854 2815 899 2853 la
915 2814 1158 2866 filicumque
1187 2813 1381 2863 mam‘plis
1406 2811 1578 2848 Sternere

854 2871 984 2910 subter
995 2871 1175 2909 humum.
1205 2873 1269 2912 16.
1286 2870 1392 2907 Bene
1409 2867 1510 2906 haec
1527 2865 1578 2902 ad

854 2929 1178 2982 superstitionem
1203 2927 1345 2966 talium
1371 2924 1577 2964 hominum

854 2987 1068 3035 dicuntur,
1114 2998 1207 3024 cum
1236 2983 1394 3023 adversi
1429 2978 1578 3031 aliquid
