1768 3320
304 254 740 309 Buconica
774 256 942 308 ECL.
977 259 1043 321 v,
1083 262 1306 329 14-23

1461 268 1559 318 153

0 384 17 391 ²
43 380 249 433 Iudicio
272 383 460 431 nostro
482 388 691 431 tantum
710 380 806 431 tibi
827 381 969 433 cedit
987 384 1253 448 Amyntas,

4 486 25 512 ff
43 465 140 505 no,
168 450 280 501 Sed
299 459 361 501 tu
381 449 566 501 desine
585 450 761 517 plura,
806 469 967 518 puer3
1012 456 1362 504 successimus
1393 466 1559 512 antro.

108 521 441 578 Exstinctum
460 520 740 588 Nymphae
764 521 969 571 crudeli
988 521 1181 574 funere
1200 524 1471 591 Daphnim
1493 536 1561 581 20

41 589 290 643 Flebant:
324 607 421 640 vos
444 591 611 641 coruli
632 599 793 641 testes
817 601 870 642 et
886 590 1108 643 flumina
1126 593 1410 662 Nymphis:

46 663 231 724 Quum
253 660 511 728 conplexa
529 662 609 711 sui
629 678 823 728 corpus
845 663 1148 714 miserabile
1167 665 1292 729 nati,

43 733 222 799 Atque
241 729 374 781 deos
399 740 559 799 atque
579 740 713 781 astra
731 741 885 782 vocat
906 733 1141 784 crudelia
1159 743 1346 787 mater.

113 830 197 879 20.
230 827 477 876 DAPumN

93 999 141 1036 18
163 998 254 1033 mila·
278 997 414 1033 Zulich.
460 999 563 1032 cedet
586 1006 657 1033 tres
676 1011 733 1044 ap.
753 1000 870 1034 Burin.
897 1013 975 1035 cnm
994 999 1103 1036 Goth.
1124 1013 1195 1035 sec.

44 1046 214 1081 Rottend.
236 1046 463 1080 succedimus
487 1052 561 1079 tres
588 1058 664 1080 cum
682 1047 791 1081 Goth.

582 832 664 878 22.
702 827 868 888 Quum
880 866 894 890 ‚

967 842 1129 878 GNATI
1177 830 1180 832 ’

1292 1001 1336 1037 19
1365 1002 1421 1034 Τιι
1440 1000 1507 1034 sed
1525 1001 1563 1035 d.

817 1060 871 1092 pr.
963 1048 1011 1084 20
1034 1048 1223 1094 Daphnin.
1276 1047 1389 1081 Etiam
1406 1047 1464 1081 hic
1481 1051 1564 1080 Da·-

69 1093 172 1128 lnm'm
187 1092 248 1128 alii
267 1092 394 1138 scripti
415 1100 450 1126 et
471 1093 576 1127 editi:
601 1100 638 1127 at
658 1093 720 1127 inf.
738 1095 914 1141 Daphnin
929 1095 980 1128 ad
998 1103 1105 1128 astra
1114 1093 1293 1140 feremus.
1317 1095 1363 1133 cf.
1383 1095 1430 1128 ad
1441 1096 1484 1136 11,
1503 1094 1561 1131 26.

61 1140 199 1174 aedui
221 1141 418 1187 Daphnim.
464 1140 548 1174 vm.
579 1141 622 1182 Q.
653 1142 698 1174 v.
725 1142 792 1182 m,
822 1142 856 1177 3.
896 1141 992 1186 ην.)

1086 1142 1134 1178 22
1165 1144 1237 1175 Est
1262 1141 1450 1188 complexa
1476 1153 1563 1175 unus

45 1186 170 1221 Heius.
217 1188 300 1233 (Pro
318 1187 437 1234 gnati,
463 1187 558 1232 quod
578 1187 702 1229 editur,
725 1187 851 1232 scripsi
869 1190 960 1222 naci.
993 1188 1065 1222 vid.
1086 1190 1130 1230 Q.
1151 1189 1196 1222 V.
1214 1188 1434 1230 XXXVIII,
1457 1189 1492 1224 2.
1516 1207 1562 1214 --

44 1235 238 1269 Praeterea
255 1245 409 1275 comma,
442 1234 538 1279 quod
557 1242 631 1268 erat
647 1242 731 1279 post
751 1238 886 1278 Quum,
911 1235 1055 1275 sustuli,
1081 1234 1386 1269 WVunderlichium
1411 1242 1562 1278 secutus,

36 1289 160 1328 datque
181 1300 227 1307 -—
251 1289 363 1327 atque
379 1292 446 1325 pro
464 1289 501 1314 et
516 1301 561 1306 —
585 1290 641 1323 et,
666 1279 704 1317 τὲ
726 1302 772 1307 -
796 1283 879 1324 καί,
904 1295 923 1315 a
940 1282 1093 1326 Virgilio
1114 1281 1185 1315 dici
1205 1290 1391 1327 negantem
1408 1283 1561 1316 Praefat.

46 1339 129 1373 pag.
154 1329 222 1362 lx.
248 1340 302 1374 sq.
348 1327 465 1368 Vide,
500 1339 589 1373 quae
608 1327 729 1362 notavi
750 1329 795 1363 ad
815 1330 878 1363 Ge.
900 1330 959 1372 m,
980 1330 1063 1366 257.
1111 1329 1181 1363 Cfr.
1211 1329 1316 1363 etiam
1341 1329 1486 1364 Lachm.
1516 1329 1563 1363 ad

45 1375 210 1421 Propert.
228 1386 311 1421 pag.
326 1375 387 1412 39.
424 1374 521 1420 Wr.)

103 1531 175 1571 20.
211 1528 363 1567 Luctus
392 1541 514 1581 super
543 1527 778 1582 Daphnidis,

48 1585 204 1638 antiqui
225 1586 342 1626 istius
368 1586 543 1639 pastoris
564 1587 685 1626 Siculi
711 1585 777 1640 (cs.

47 1642 231 1699 Argum.)
244 1673 256 1694 ‚
305 1650 461 1694 morte,
512 1658 632 1696 quem
657 1651 778 1697 poeta

47 1715 160 1741 nunc
185 1701 374 1741 carminis
412 1709 692 1754 argumentum
714 1703 778 1740 fa-

48 1760 125 1810 cit,
147 1759 244 1798 satis
264 1759 598 1800 declarat‘lusum
617 1760 776 1812 ingenii,

47 1831 132 1857 non
160 1831 307 1857 verum
337 1818 524 1858 affectum
552 1824 595 1858 et
617 1831 777 1857 sensum

48 1889 102 1915 ex
126 1876 268 1915 funere
291 1889 405 1915 vero.
469 1876 611 1928 Itaque
642 1877 778 1915 luctus

49 1933 282 1973 declaratur
297 1933 647 1988 phantasmatibus
668 1934 778 1972 anti-

49 2005 224 2044 quorum
252 1998 483 2045 poetarum:
512 1993 661 2032 sentire
685 1998 791 2031 eum*

49 2056 92 2089 et
113 2058 297 2090 armenta
317 2056 358 2088 et
372 2051 477 2089 feras
500 2051 706 2100 25-29,
737 2056 779 2088 et

47 2108 156 2161 ipsos
184 2111 301 2160 agms
325 2122 372 2146 ac
404 2115 523 2160 prata
554 2108 609 2150 35
631 2130 689 2137 —
709 2110 777 2150 39.

49 2165 181 2206 Mater
199 2166 283 2205 eius
300 2165 379 2204 suit
396 2165 595 2219 Nympha,
626 2180 649 2203 a
668 2165 779 2204 Mer-

51 2224 164 2263 curio
188 2236 388 2276 oppressa.
447 2225 639 2262 Retracta
656 2223 779 2275 igitur

49 2295 116 2321 res
136 2281 182 2321 in
202 2287 376 2320 aetatem
403 2281 608 2321 heroicam
626 2287 668 2320 et
687 2294 781 2333 my-

49 2339 223 2379 thicam:
262 2340 397 2391 sicque
434 2343 598 2379 excuses
637 2338 781 2391 dithy-

50 2397 270 2437 rambicam
299 2398 381 2436 fere
409 2412 488 2438 vss.
518 2401 575 2440 27
594 2411 677 2449 sqq.
706 2410 781 2434 au-

53 2455 219 2494 daciam.
261 2453 480 2509 (Spohnius
510 2456 554 2494 in
589 2454 781 2507 Prolego-

50 2513 178 2552 menis
203 2513 304 2552 haec
334 2513 388 2552 ad
402 2514 614 2552 interitum
635 2513 780 2551 Caesa-

50 2571 108 2611 ris
130 2571 343 2610 reserenda
371 2584 454 2610 esse
489 2571 608 2610 docet
624 2601 635 2621 ‚
674 2571 780 2609 Vos-

52 2629 156 2668 sium
175 2636 350 2669 secutus.
412 2630 450 2668 Is
477 2628 519 2668 h.
552 2630 579 2668 1.
618 2631 677 2668 ita
696 2629 779 2668 sere

52 2687 218 2726 scribit:
258 2687 393 2737 „Iulio
426 2688 611 2737 Caesari,
648 2687 719 2739 qui
742 2700 777 2724 a.

53 2747 164 2794 710„
192 2751 408 2798 postquam
424 2760 587 2798 magnas
605 2758 670 2784 res
689 2757 779 2796 ges-

54 2808 174 2851 serat,
202 2803 419 2842 maioribus
436 2804 629 2853 intentus,
649 2804 780 2842 inter-

54 2859 182 2898 fectus
212 2866 293 2910 est,
331 2867 453 2914 poeta
478 2861 686 2900 bucolicus
704 2874 781 2913 pa-

54 2916 175 2955 storis
195 2917 326 2956 forma
349 2919 585 2971 ingenioque
605 2919 780 2971 insignis,

55 2973 126 3012 sed
151 2974 197 3013 in
223 2974 310 3028 ipso
334 2975 523 3015 iuventae
553 2977 654 3016 flore
669 2990 783 3015 mor-

55 3032 140 3081 tui,
184 3045 398 3085 personam
438 3034 585 3073 induit.-
652 3034 785 3073 Huius

833 1535 1007 1568 mortem
1046 1529 1187 1580 lugent
1218 1541 1295 1568 vss.
1327 1530 1385 1570 20
1407 1550 1464 1558 —
1490 1530 1560 1570 28.

833 1586 1044 1640 Nymphae
1070 1593 1111 1624 et
1138 1592 1268 1629 mater
1289 1608 1350 1615 —
1367 1587 1454 1623 Dei
1471 1586 1562 1626 Ra—

834 1659 1046 1684 manorum
1084 1641 1270 1682 tutelares
1287 1673 1298 1693 ,
1338 1658 1412 1691 ac,
1458 1657 1562 1695 quae

828 1717 982 1755 parens
1009 1702 1145 1742 Iuliae
1169 1704 1303 1753 gentis
1321 1700 1561 1750 credebatur,

839 1763 979 1801 Venus
995 1781 1055 1790 —
1077 1765 1167 1798 tum
1203 1758 1347 1810 reliqui
1381 1764 1563 1811 pastores

835 1832 927 1857 cum
951 1817 1134 1870 gregibus
1165 1817 1246 1855 suis
1264 1838 1321 1847 —-
1340 1818 1563 1868 magistra-

833 1885 898 1915 tus
932 1891 1025 1915 cum
1049 1875 1207 1927 populo
1233 1896 1292 1904 —
1310 1880 1431 1927 atque
1454 1874 1563 1926 ipsae

832 1935 940 1974 serae
982 1933 1132 1972 bestiae
1154 1954 1213 1961 —
1248 1932 1424 1970 domitae
1457 1946 1563 1983 gen-

834 2001 891 2031 tes
906 2014 964 2021 -
976 2022 987 2031 .
1043 1991 1174 2043 Ipsam
1193 1990 1320 2039 enim,
1350 1995 1399 2029 ut
1416 1988 1564 2028 Bacchi

834 2050 989 2099 cultor,
1019 2063 1079 2088 vs.
1105 2050 1160 2090 29
1186 2070 1245 2077 -
1269 2050 1337 2089 31.
1375 2054 1564 2086 naturam

835 2108 947 2160 quasi
957 2107 1158 2145 mitiorem
1177 2119 1224 2143 ac
1241 2105 1562 2155 mansuetiorem,

836 2172 878 2204 et
898 2165 1079 2203 homines
1095 2162 1278 2202 reddidit
1294 2162 1562 2202 humaniores.

835 2224 905 2262 [ue
927 2223 1050 2261 decus
1062 2227 1262 2270 nostrum,
1281 2235 1341 2260 vs.
1353 2223 1408 2263 32
1416 2243 1474 2250 -—
1482 2220 1563 2269 34„

838 2294 963 2332 eoque
990 2280 1109 2319 terris
1142 2285 1304 2332 erepto,
1344 2293 1404 2318 vs,
1435 2279 1490 2320 34
1506 2299 1564 2308 —·

838 2342 927 2388 39.,
959 2351 1147 2390 agrorum
1177 2337 1406 2375 miseranda
1436 2336 1564 2375 vasti-

837 2403 900 2435 tas
920 2402 1146 2435 consecuta.
1205 2394 1343 2443 Quare
1370 2394 1484 2446 agite,
1504 2407 1562 2433 VS.

837 2454 893 2496 40
911 2476 969 2484 --
985 2453 1066 2503 44„
1097 2466 1210 2491 sacra
1232 2453 1417 2491 funebria
1437 2453 1473 2490 ei
1498 2452 1564 2490 in-

835 2512 1051 2551 stituamus
1071 2511 1317 2562 bustumque
1335 2510 1564 2549 faciamus.“

842 2571 911 2610 JV
905 2568 960 2624 r.)
989 2592 991 2594 ·
1016 2569 1169 2607 crudeli
1185 2569 1335 2620 fimet-e
1348 2598 1359 2617 ,
1398 2567 1563 2620 simplic,

836 2628 979 2666 acerba
1006 2633 1149 2666 morte.
1201 2625 1274 2680 (De
1301 2638 1563 2664 numerorum

834 2685 1028 2737 elegantia
1059 2699 1118 2723 vs.
1151 2686 1220 2725 21.
1253 2684 1407 2722 dictum
1438 2684 1489 2731 Q.
1516 2682 1562 2720 V.

833 2744 939 2793 XIII,
958 2747 998 2793 2,
1020 2743 1060 2781 d.
1086 2739 1204 2796 Wr.)
1263 2744 1331 2783 23.
1361 2750 1471 2779 astra
1490 2754 1564 2778 νο-

836 2810 903 2840 cat
919 2801 1098 2839 crudelia
1111 2830 1122 2849 ‚
1155 2798 1197 2838 h.
1217 2798 1383 2838 invocat
1396 2829 1407 2847 ,
1436 2797 1563 2836 incla-

837 2865 935 2909 mat,
966 2859 1061 2897 deos
1078 2864 1119 2896 et
1136 2864 1244 2895 astra
1260 2857 1428 2895 incusat.
1457 2854 1563 2893 Ieiu-

838 2931 939 2957 num
956 2923 1037 2966 est,
1067 2915 1179 2967 quod
1198 2914 1318 2966 vulgo
1338 2914 1468 2951 aiunt:
1500 2910 1563 2948 di·—

841 2975 897 3013 cit
926 2981 1035 3013 astra
1066 2987 1147 3011 esse
1180 2971 1368 3011 crudelia.
1438 2968 1564 3022 (Inte-—

839 3032 920 3072 rim
941 3063 952 3082 ,
1000 3032 1129 3071 donec
1174 3029 1391 3082 probatum
1430 3025 1567 3074 suerit,
