1734 3320
169 133 271 185 586

500 133 555 183 P.
592 132 951 183 VIRGILII
984 132 1368 185 MARONIS

167 259 363 310 Purior
384 257 584 309 electro
611 275 865 327 campum
888 259 1025 327 petit
1049 260 1242 312 amnis:
1281 269 1332 311 at
1355 261 1482 324 ima,

170 330 465 380 Solvuntur
486 329 666 394 latera,
690 339 851 397 atque
872 329 1062 380 oculos
1080 339 1271 398 stupor
1286 341 1484 397 urguet
1505 331 1705 396 inertiS,

167 400 252 452 Ad
275 410 586 468 terramque
609 399 728 450 fluit
753 400 959 451 devexo
985 400 1235 467 pondere
1261 403 1448 454 cervix„

170 471 314 536 Quid
356 471 534 536 labor,
585 479 675 521 aut
710 469 994 522 benefacta
1032 471 1251 524 iuvant?
1308 471 1441 541 quid
1478 488 1704 523 vomere

963 550 1133 591 terras
1601 544 1704 596 525

167 612 456 662 Invertisse
480 611 684 677 gravis?
721 610 867 677 atqui
887 627 1002 661 non
1023 612 1243 663 Massica
1263 611 1458 663 Bacchi

166 686 419 747 Munera,
458 699 573 732 non
598 681 699 731 illis
722 680 916 748 epulae
941 698 1182 733 nocuere
1203 691 1483 750 repostae3

214 835 285 870 522
310 835 461 878 etReg.
481 833 636 868 Martini.
690 835 761 879 (—
792 833 874 871 523.
910 835 1053 869 inertes
1079 834 1209 870 Medic.
1239 834 1336 879 Wr.)

1431 831 1516 872 -524
1538 834 1616 868 ruit
1630 834 1703 868 Erf.

168 883 218 928 (et
246 885 344 916 Serv.
375 882 500 915 Dresd.
539 881 636 926 er.)
686 882 832 928 deflexo
861 883 1000 927 Menag.
1038 882 1098 916 alt.
1155 884 1292 917 vertice
1320 881 1453 927 Regius
1483 881 1648 924 Martini,
1684 894 1704 915 e

167 930 297 975 glossa.

393 929 461 964 525
488 928 697 974 benefacta
727 928 787 962 alii
808 928 1026 974 distinguunt
1039 956 1048 972 ‚
1084 937 1122 964 ut
1143 929 1215 963 sint
1236 930 1333 963 fucta
1352 929 1547 975 praeclara.
1596 929 1705 975 Atqui

167 982 374 1010 enarrantur
393 988 476 1010 mox
495 977 669 1010 beneficia
697 976 734 1009 in
758 975 931 1011 homines.
980 978 1110 1011 iuvent
1135 976 1273 1010 Nonius
1295 977 1483 1010 Marcellus
1501 976 1538 1010 in
1558 978 1702 1024 gravis.

167 1037 239 1070 qao
266 1036 414 1057 vomere
443 1023 649 1065 Zulichem.,
682 1036 756 1057 non
782 1024 895 1067 male,
929 1031 968 1058 ut
1001 1037 1072 1071 quo
1092 1036 1158 1069 pro
1176 1025 1222 1057 ad
1246 1024 1331 1070 quid
1353 1023 1408 1058 vel
1435 1023 1521 1070 quid
1539 1031 1704 1070 ponatur,

166 1078 205 1104 ut
223 1071 371 1112 millies3
398 1071 462 1104 sed
483 1070 563 1116 quia
583 1070 783 1116 ambiguum
801 1071 888 1105 facit
905 1083 1065 1113 sensum,
1099 1071 1239 1105 retineo
1259 1071 1359 1118 quid.
1386 1072 1572 1105 Burmann.
1622 1079 1703 1105 ter-

166 1131 232 1152 ras
256 1131 300 1152 ne
328 1125 497 1165 sequatur
522 1124 608 1164 post
634 1127 774 1152 terram
798 1119 944 1154 Wakef.
978 1119 1142 1153 emendat
1172 1117 1304 1166 glebas
1323 1131 1365 1152 ex
1386 1120 1529 1154 Lucret.
1552 1120 1580 1162 1,
1621 1120 1702 1154 212.

167 1165 252 1212 (vid.
270 1172 396 1200 notata
416 1166 462 1200 ad
479 1167 543 1200 Ge.
559 1168 602 1210 11,
631 1166 710 1202 125.
736 1186 781 1192 ——
815 1166 898 1203 526.
922 1179 1060 1214 graves
1078 1166 1210 1200 Medic.
1243 1168 1300 1202 W
1295 1166 1341 1211 r.)

164 1297 311 1336 salices
326 1327 337 1347 ,
393 1305 515 1350 atque
552 1295 698 1335 herbae
725 1311 810 1335 rore
836 1298 903 1335 νί-

161 1364 315 1408 genteS,
347 1356 623 1409 Fluminaque
645 1355 734 1394 ulla
755 1363 905 1408 queunt

163 1416 333 1452 summis
361 1413 542 1452 labentia
569 1416 669 1466 ripis
696 1413 904 1452 oblectare

163 1475 364 1511 animum.
440 1474 537 1516 522.
578 1474 786 1511 Electrum
814 1485 904 1511 me—

162 1531 331 1581 tallum,
362 1545 447 1570 non
477 1531 709 1581 succinum,
750 1530 902 1570 intelli-

162 1590 341 1643 gendum
375 1596 499 1643 puto,
532 1589 627 1642 quia
645 1589 749 1628 illud
766 1590 904 1642 splen—

164 1649 264 1687 dore
286 1648 480 1699 nobilius,
512 1655 553 1687 et
583 1661 798 1688 commune
820 1649 905 1687 sere

162 1708 294 1760 poetis
316 1714 398 1758 est,
431 1708 481 1746 ab
509 1713 675 1760 argento
704 1720 905 1759 aquarum

163 1766 421 1819 perlucidum
476 1766 695 1805 candorem
746 1771 902 1804 notare.

164 1824 451 1877 Adstipulatur
494 1824 625 1863 Servii
667 1823 901 1862 auctoritas.

164 1884 214 1922 cs.
228 1884 381 1922 Gallim.
399 1883 442 1922 in
462 1883 549 1922 cer.
570 1885 626 1925 29
641 1888 682 1920 et
699 1882 755 1921 ibi
769 1883 903 1935 Span-

162 1941 269 1981 hem.
329 1942 387 1981 At
408 1941 577 1995 apodosi
600 1939 643 1980 h.
662 1941 689 1980 l.
709 1940 902 1991 inservit3

163 2008 212 2039 ut
242 1996 367 2054 οἷτᾶρ,
409 1997 525 2041 ἄλλά.
586 1999 685 2042 523.
724 2000 902 2038 Solvun-

162 2067 228 2097 tur
245 2060 374 2098 later‘a
394 2062 495 2109 ima,
529 2057 786 2108 flaccescunt,
807 2071 903 2096 cor-

160 2125 376 2170 rugantur.
436 2117 517 2156 Sed
559 2123 600 2156 et
625 2116 782 2169 reliqua
810 2116 903 2155 lan-

161 2190 330 2230 guorem
349 2177 558 2216 denotant.

220 2236 373 2280 525—
395 2235 492 2279 530.
534 2236 615 2273 Sex
637 2233 789 2274 horum
806 2246 906 2272 ver-

161 2307 281 2335 suum
322 2294 642 2348 pulcritudinem
679 2292 738 2331 ita
770 2292 904 2332 admi-

161 2354 333 2394 rabatur
366 2353 547 2392 Poetices
568 2352 638 2391 lib.
657 2351 704 2402 V,
728 2365 814 2405 cap.
834 2353 901 2401 11,

160 2426 200 2466 p.
231 2411 316 2455 264
347 2413 386 2451 b.
418 2411 616 2463 Scaliger,
663 2416 714 2449 ut
759 2423 902 2448 eorum

161 2477 305 2510 auctor
323 2471 445 2509 fuisse
463 2470 614 2519 mallet,
634 2482 756 2520 quam
775 2469 902 2507 Croe-

160 2544 252 2569 sum
286 2535 357 2568 aut
391 2530 543 2582 Cyrum
574 2527 686 2566 dicto
728 2527 902 2566 audien-

159 2594 244 2628 tem
269 2587 470 2627 habuisse.
539 2586 737 2638 Equidem
763 2585 902 2623 malim

161 2653 271 2686 certe
309 2660 453 2687 versus
499 2644 702 2698 scripsisse
721 2674 731 2694 ,
779 2657 902 2695 quam

160 2720 227 2745 eos
241 2711 404 2744 tantum
424 2703 698 2756 interpretari.
736 2700 803 2740 Ad
823 2701 902 2740 mi-

160 2765 404 2805 serationem
433 2761 678 2804 movendam
700 2765 902 2799 memorat

158 2824 283 2874 haec,
315 2821 428 2875 quod
459 2834 534 2860 nec
556 2820 745 2859 laborum
764 2818 901 2857 homi-

159 2883 279 2923 nibus
306 2883 614 2921 fructuosorum
642 2877 822 2932 praemia
839 2878 901 2916 se-

159 2947 280 2993 runt,
319 2954 397 2981 nec
427 2952 479 2978 ex
518 2936 832 2992 intemperantia
860 2941 902 2975 et

960 1296 1138 1348 luxurie,
1169 1303 1220 1336 ut
1235 1296 1354 1336 multi
1372 1295 1569 1346 homines,
1589 1309 1704 1335 mor-

961 1357 1035 1396 bos
1059 1362 1099 1394 et
1118 1361 1271 1395 mortes
1291 1355 1367 1394 sibi
1389 1361 1462 1394 aut
1483 1354 1704 1394 arcessive-

961 1421 1064 1455 runt
1083 1421 1155 1454 aut
1172 1419 1446 1453 maturarunt.
1485 1413 1626 1465 Itaque
1643 1427 1703 1452 vs.

961 1474 1047 1517 528
1078 1474 1242 1527 supple:
1292 1473 1392 1524 quin
1421 1471 1558 1526 potius
1574 1471 1704 1524 fion-

961 1531 1078 1570 dibus
1102 1540 1138 1570 et
1156 1547 1195 1571 ν.
1210 1538 1493 1583 pascuntur-s.
1514 1530 1558 1568 h.
1603 1530 1701 1573 526.

963 1599 1087 1629 terras
1113 1592 1281 1643 gravis,
1330 1589 1525 1644 spissum,
1553 1588 1703 1642 pingue

962 1649 1094 1689 solum
1112 1679 1124 1700 ,
1180 1648 1292 1688 unde
1339 1647 1512 1688 djfficilis
1552 1647 1701 1696 aratio,

959 1707 1106 1761 glebae
1125 1715 1370 1758 cunctantes,
1402 1712 1450 1745 ut
1469 1706 1540 1744 Ge.
1555 1706 1586 1756 I,
1602 1708 1702 1748 236.

962 1778 1145 1818 quaeque
1175 1779 1249 1804 nec
1279 1765 1414 1805 minus
1450 1764 1551 1803 adeo
1578 1766 1705 1817 gravi

961 1838 1118 1864 vomere
1131 1854 1143 1874 ,
1171 1826 1301 1876 gravi
1319 1823 1470 1873 labore,
1504 1822 1702 1875 indigent.

962 1883 1156 1922 Massica
1186 1882 1282 1921 vina
1311 1880 1395 1921 vid.
1429 1881 1499 1921 Ge.
1530 1881 1578 1931 Π,
1606 1879 1700 1922 143.

962 1941 1060 1984 527.
1092 1941 1240 1992 epulae
1260 1948 1442 1991 repostae
1458 1939 1502 1979 in
1522 1945 1609 1978 tam
1625 1952 1702 1979 va-

961 1999 1022 2039 ria
1051 1998 1384 2052 interpretatione
1419 1997 1560 2037 malim
1594 1997 1701 2036 acci-

959 2070 1057 2111 pere
1072 2071 1149 2110 pro
1171 2057 1367 2110 simplici,
1396 2058 1581 2108 positae,
1620 2071 1702 2108 ap·-

952 2118 1137 2169 posilae,
1171 2122 1221 2155 ut
1239 2116 1309 2155 Ge.
1324 2116 1391 2166 IV,
1414 2117 1499 2157 378
1518 2123 1556 2153 et
1571 2115 1701 2166 plena

961 2182 1161 2227 reponunt
1170 2175 1340 2226 pocula.
1388 2173 1487 2212 Fert
1504 2172 1586 2212 hoc
1603 2182 1701 2212 usus

963 2233 1111 2272 saequi
1131 2232 1340 2285 Augustei,
1368 2231 1526 2284 saepius
1544 2231 1586 2270 in
1609 2230 1700 2270 Ma-

961 2306 1062 2331 rone
1082 2298 1123 2330 et
1134 2291 1308 2330 Horatio
1328 2296 1493 2330 notatus
1506 2289 1556 2328 ab
1566 2290 1700 2343 Intpp.

962 2356 1004 2390 et
1022 2351 1105 2390 iam
1122 2351 1166 2389 in
1184 2349 1373 2389 Lucretio
1390 2379 1402 2400 ,
1445 2353 1495 2387 ut
1512 2348 1578 2398 In,
1602 2347 1699 2390 347.

964 2409 1060 2452 105.
1079 2410 1132 2448 'Si
1159 2415 1298 2448 tamen
1324 2408 1387 2447 vis
1411 2409 1456 2446 in
1474 2405 1699 2459 composito

960 2467 1214 2520 quaerenda,
1263 2466 1451 2518 equidem
1489 2464 1585 2503 inde
1623 2477 1699 2517 pe-

958 2533 1065 2576 tam,
1105 2525 1219 2578 quod.
1254 2523 1400 2576 singuli
1446 2523 1699 2562 ferculorum

958 2585 1104 2624 missus
1128 2582 1247 2623 novis
1277 2582 1423 2621 mensis
1450 2582 1600 2635 apponi
1627 2595 1698 2620 so-

959 2644 1115 2683 lebant:
1145 2647 1194 2680 ut
1221 2640 1322 2679 adeo
1344 2641 1416 2679 sit:
1445 2641 1596 2680 iterum
1614 2639 1696 2678 ite-

959 2713 1132 2753 rumque
1159 2712 1374 2752 apponere.
1404 2699 1471 2738 Sic
1492 2697 1591 2738 Aen.
1610 2698 1695 2749 V11,

963 2758 1046 2802 134
1068 2760 1245 2810 reponite
1277 2759 1376 2797 vina
1398 2759 1561 2796 mensis.
1602 2755 1694 2795 Alio

957 2818 1081 2858 modo
1114 2817 1311 2856 dicuntur
1340 2825 1466 2856 vestes
1491 2823 1690 2867 repostae,

959 2882 1141 2916 servatae
1160 2876 1203 2915 in
1220 2875 1424 2915 vestiario.
1482 2872 1538 2912 At
1553 2873 1695 2927 epulae

958 2934 1003 2976 in
1035 2935 1137 2975 cella
1172 2933 1359 2975 carnaria
1396 2933 1455 2972 ita
1485 2938 1690 2983 servatae,
1723 2958 1727 2966 ,
