1768 3320
237 221 372 257 CXLII

741 202 1260 255 TESTIMONIA

939 330 1059 380 VII

326 426 402 469 De
428 426 593 470 eadem
623 442 673 469 re
701 426 865 469 veteris
895 421 1156 467 scholastici
1177 428 1349 479 poetae
1375 403 1558 473 versus}
1594 419 1681 463 sub

461 497 645 539 nomine
672 493 875 553 Augusti
905 491 1131 553 Caesaris—⁹
1170 490 1282 533 ibid.
1313 489 1405 549 Ep.
1439 489 1537 534 184.

826 561 1000 604 Donat.
1030 559 1074 614 §.
1106 561 1175 604 56.

240 657 420 714 Ergone
442 655 666 714 supremis
689 655 840 713 potuit
862 668 955 697 vox
973 653 1185 711 improba
1211 650 1353 694 verbis

238 714 354 757 Tam
380 713 528 756 dirum
556 713 766 755 mandare
787 708 939 755 nefas?
980 725 1085 767 ergo
1107 709 1187 752 ibit
1207 710 1248 751 in
1274 711 1408 767 ignes,

239 772 490 829 Magnaque
512 770 756 827 doctiloqui
780 770 1000 811 morietur
1020 768 1148 810 Musa
1173 767 1375 810 Maronis
1386 764 1414 810 Ῠ·

242 829 306 871 Ah
328 828 467 871 scelus
487 828 745 884 indignum!
780 826 981 869 solvetur
1006 825 1153 868 littera
1177 821 1326 868 dives?
1346 875 1347 878 Ἴ

240 887 296 928 Et
317 892 532 945 poterunt
552 893 749 943 spectare
773 881 923 928 oculi?
953 898 1033 926 nec
1055 898 1238 942 parcere
1259 883 1430 927 honori·

241 943 440 986 Flamma
461 958 569 994 su0,
602 943 878 999 dignumque
899 956 1024 1000 operi
1049 955 1227 984 servare
1255 939 1498 986 decorem?

239 1002 400 1043 Noster
419 1000 579 1058 Apollo
603 1008 718 1054 veta,
753 1002 908 1043 Musae
938 999 1175 1056 prohibete
1200 1000 1393 1043 Latinae.

239 1059 373 1102 Liber
396 1066 436 1101 et
453 1058 567 1100 alma
591 1057 721 1100 Ceres
740 1060 998 1100 succurrite.

242 1116 365 1158 Miles
384 1123 495 1168 erat3
539 1123 680 1158 vester
705 1116 859 1158 docilis
883 1130 966 1174 per
987 1130 1095 1157 rura
1118 1115 1320 1158 colonus.

242 1174 354 1216 Nam
376 1173 548 1220 docuit,
580 1173 685 1230 quid
709 1175 797 1216 Ver
819 1181 987 1231 ageret,
1020 1173 1128 1230 quid
1150 1181 1327 1231 cogeret
1350 1175 1524 1225 Aestas3

240 1231 361 1284 Quid
382 1231 505 1273 daret
526 1231 807 1283 Autumnus,
843 1231 947 1288 quid
975 1231 1145 1273 Bruma
1166 1231 1406 1275 novissima
1428 1230 1582 1275 ferret.

241 1291 357 1331 Arva
377 1288 662 1330 reformavit:
694 1289 874 1331 sociavit
894 1289 1053 1332 vitibus
1075 1288 1244 1332 ulmos:

239 1346 420 1388 Curavit
441 1346 646 1402 pecudes:
680 1347 838 1405 apibus
858 1362 936 1389 sua
958 1359 1099 1389 castra
1126 1347 1299 1397 dicavit.

239 1404 352 1446 Haec
374 1403 514 1457 dedit,
548 1411 596 1445 ut
620 1403 830 1462 pereant?
860 1406 1009 1462 ipsum
1032 1406 1068 1446 si
1094 1405 1236 1448 dicere
1259 1404 1324 1448 fas
1345 1412 1423 1449 est.

237 1461 356 1513 „Sed
378 1461 524 1517 legum
550 1469 611 1503 est
632 1463 842 1506 servanda
866 1463 990 1505 fides.

237 1518 369 1571 Quod
394 1518 591 1567 mandat,
621 1519 807 1577 fierique
825 1521 971 1572 iubet,
1002 1537 1161 1579 parere
1183 1537 1358 1564 necesse
1381 1525 1488 1577 est.·“

237 1576 483 1633 Frangatur
508 1578 662 1634 potius
691 1578 839 1635 legum
870 1580 1121 1622 veneranda
1150 1587 1360 1638 potestas,

237 1634 384 1686 Quam
409 1641 478 1676 tot
503 1643 732 1691 congestos
755 1645 992 1694 noctesque
1014 1638 1194 1695 diesque
1212 1637 1389 1682 labores

241 1692 441 1733 Hauserit
462 1706 548 1733 una
574 1694 688 1743 dies,
717 1709 1021 1752 supremaque
1045 1696 1160 1738 iussa
1186 1696 1386 1755 parentis

241 1749 458 1791 Amittant
479 1749 674 1806 vigilasse
694 1766 844 1794 suum.

241 1806 416 1848 Erravit
438 1806 479 1848 in
505 1816 651 1851 morte
672 1808 824 1852 dolor:
865 1811 898 1852 si
925 1811 1077 1868 lingua
1101 1811 1250 1855 locuta
1271 1819 1337 1855 est

239 1863 393 1906 Nescio
419 1864 523 1920 quid
546 1866 762 1909 titubante
782 1869 955 1922 animo,
987 1885 1077 1911 non
1105 1877 1287 1928 sponte,
1318 1870 1392 1913 sed
1415 1868 1514 1913 altis

241 1921 503 1978 Expugnata
522 1923 664 1975 malis,
698 1925 800 1968 odio
817 1926 1049 1985 languoris
1072 1927 1236 1985 iniqui:

240 1978 283 2020 Si
314 1993 435 2020 mens
462 1994 577 2022 caesa
600 1981 708 2024 fuit:
746 1984 911 2028 iterum
937 1989 1100 2029 sentire
1126 1987 1279 2029 ruinas

240 2036 378 2078 Troia
400 2052 519 2088 suem,
552 2039 714 2082 iterum
736 2050 921 2099 cogetur
945 2043 1128 2087 reddere
1155 2040 1315 2088 voces?

1716 869 1768 934 ’ἄ

1060 1058 1219 1100 Vester
1240 1058 1282 1099 in
1309 1058 1447 1101 armis

1705 1177 1760 1218 10

1052 1463 1276 1521 Suprema
1303 1463 1509 1507 voluntas
1708 1428 1765 1511 153*

905 1753 948 1795 Si
972 1752 1094 1796 forte
1114 1752 1284 1796 furenti
1703 1757 1763 1798 20

1702 2045 1768 2089 25·

245 2093 421 2136 Ardebit
442 2095 598 2139 misere
625 2106 727 2155 post
746 2099 930 2144 vulnera
953 2101 1114 2145 vulnus
1134 2098 1306 2145 Elisae?

240 2245 318 2278 cod.
345 2244 459 2278 vatic.
479 2257 511 2279 n.
540 2248 640 2283 1586.
662 2249 731 2284 vid.
748 2251 899 2285 Praefat.
921 2253 967 2286 ad

239 2292 361 2336 fragm.
395 2292 510 2326 Vatic.
540 2306 617 2339 pag.
647 2297 744 2331 XIV.
773 2299 858 2333 eod.
887 2302 965 2333 Ae—

240 2339 449 2384 neidemque
474 2352 599 2384 suum,
640 2343 684 2376 de
711 2356 779 2390 quo
818 2349 964 2381 Ouwens

241 2387 346 2418 Noct.
365 2386 453 2429 Hag.
473 2400 508 2432 p.
526 2389 606 2423 285.

291 2456 378 2496 VII,
406 2454 429 2490 4
461 2456 587 2491 littera
613 2459 734 2503 dives,
774 2474 817 2495 an
845 2463 965 2497 multis

242 2502 393 2546 egregiis
414 2505 596 2538 sententiis
616 2508 767 2542 refertus
785 2509 902 2544 liber?
927 2517 965 2544 ut

239 2561 320 2582 mox
342 2551 432 2590 VIII,
458 2551 479 2584 8
503 2551 632 2598 lingua
651 2555 764 2589 dives.
790 2557 816 2589 f.
837 2557 963 2591 solve-

240 2604 303 2629 tur
323 2596 466 2637 littera,
497 2600 603 2632 Divi!
636 2601 779 2635 Valerio
808 2604 964 2638 Martiali

239 2642 403 2675 tribuitur
433 2643 501 2677 hoc
528 2658 665 2680 carmen
694 2648 730 2681 in
747 2651 824 2684 cod.
849 2652 963 2686 Vatie.

239 2702 273 2723 n.
293 2690 396 2724 1586.

285 2759 307 2794 5
332 2772 400 2792 nec
414 2773 580 2807 parcere,
604 2763 678 2796 scil.
698 2766 843 2809 poterit.
872 2781 967 2814 par—

238 2814 295 2839 cet
311 2806 374 2839 Ed.
389 2808 479 2840 Ven.
499 2808 600 2843 1472.
648 2812 777 2845 Eadem
796 2814 967 2848 ductum-

239 2865 309 2898 que
343 2855 446 2900 operi
476 2856 637 2889 servabit
663 2870 841 2903 amorem,
865 2868 904 2894 ut
922 2862 966 2896 al.

237 2900 332 2946 apud
351 2902 464 2934 Burm.
513 2902 674 2937 Praestat
698 2906 861 2951 vulgata,
895 2920 967 2942 non

236 2947 373 2992 poterit
408 2960 568 2992 servare,
612 2962 682 2984 non
718 2961 853 2996 servet,
894 2958 968 2988 Ae-

237 2994 334 3028 neidi
359 2994 627 3040 aeternitatem,
660 3010 726 3043 qua
750 3000 854 3045 digna
889 3003 966 3036 est?

1068 2255 1092 2290 7
1118 2254 1280 2288 Pulcher
1297 2254 1435 2302 Apollo
1451 2253 1524 2288 alii.

1071 2325 1116 2359 12
1140 2323 1287 2359 Arbata
1296 2323 1485 2372 formavit
1498 2323 1570 2359 alii.

1072 2391 1117 2429 14
1150 2395 1281 2440 modo,
1314 2396 1385 2430 hoc
1415 2395 1553 2442 eloqui,
1588 2407 1661 2429 non
1688 2394 1759 2429 iam

1022 2442 1121 2475 nefas
1160 2443 1241 2477 est!
1288 2444 1474 2478 Burmann.
1509 2441 1631 2489 pulcre
1666 2441 1759 2476 coni.

1021 2490 1110 2535 Ipso
1144 2491 1197 2523 sic
1230 2491 1352 2525 iudice
1370 2490 1442 2538 sas
1473 2497 1551 2533 est,
1585 2493 1646 2523 Ec.
1692 2489 1759 2524 Ed.

1022 2537 1114 2570 Ven.
1137 2545 1180 2571 αι
1193 2539 1382 2584 perimant
1399 2541 1519 2586 ipsum
1531 2563 1542 2580 ,
1568 2539 1602 2571 si
1619 2537 1655 2571 d.

1043 2607 1114 2686 t151)
1147 2619 1392 2655 supremaque
1420 2606 1553 2650 verba,
1584 2607 1649 2640 Ed.
1678 2607 1758 2641 Bas.

1023 2665 1040 2686 e
1075 2666 1095 2687 a
1111 2679 1120 2688 .

1069 2714 1117 2748 20
1140 2716 1330 2748 Amittant
1344 2725 1412 2760 pro
1432 2713 1590 2760 perdant
1605 2711 1757 2758 vigilias.

1024 2760 1088 2793 Ed.
1108 2762 1198 2795 ven.
1219 2763 1385 2804 amittat,
1411 2767 1450 2794 et
1473 2772 1575 2803 mox,
1602 2761 1636 2794 si
1650 2758 1760 2806 sorte

1025 2807 1206 2854 superbus
1225 2812 1268 2843 E.
1290 2810 1329 2843 in
1349 2816 1466 2842 morte
1481 2809 1612 2855 piger,
1636 2812 1677 2840 ut
1697 2804 1763 2839 alii

1025 2854 1118 2899 apud
1134 2856 1249 2889 Burm.
1270 2856 1296 2889 f.
1322 2857 1357 2889 si
1365 2854 1475 2902 forte
1491 2864 1668 2902 suprema
1681 2856 1758 2887 Er·-

1026 2903 1126 2934 ravit
1146 2904 1218 2936 iam
1236 2911 1353 2937 morte
1370 2902 1492 2936 dolor.

1026 3006 1040 3037 Ι
1069 2959 1151 3042 ἓέἓΐ.
1171 2961 1326 2996 reddere
1335 2972 1491 3010 poenas.-
1513 2959 1609 2995 conf.
1624 2959 1757 3004 Georg.
