1734 3320
126 192 229 243 520

454 191 514 241 P:
556 190 909 243 VIRGILII
943 190 1313 242 MARONIS

125 316 369 383 Frigidus
391 317 447 368 in
463 322 738 371 Venerem
760 318 964 381 senior,
1001 315 1305 386 frustraque
1329 317 1574 369 laborem

124 390 401 454 Ingratum
426 388 611 448 trahit3
656 397 732 452 et,
770 388 812 437 si
843 387 1060 455 quando
1094 388 1161 439 ad
1193 388 1398 456 proelia
1425 399 1651 441 ventum

919 467 1021 522 est,

126 530 199 580 Ut
218 527 498 596 quondam
520 529 575 578 in
600 527 804 595 stipulis
827 543 1053 593 magnus
1075 528 1190 578 sine
1215 528 1415 579 viribus
1438 530 1588 596 igniS,

173 648 220 683 97
245 647 286 681 in
308 648 487 681 Venerem
516 655 572 680 est
591 647 715 680 senior
731 647 821 690 Reg.
840 642 983 680 Martin.
1031 647 1071 680 in
1093 648 1235 680 Venere
1253 649 1403 695 segnior
1420 647 1549 682 Medic.
1566 661 1586 682 a
1605 661 1651 683 m.

126 706 181 740 Pl·-

277 695 324 731 99
348 695 388 728 in
419 694 521 727 abest
555 707 575 727 a
593 693 722 727 Medic.
747 706 768 727 a
790 704 835 727 m.
855 705 909 738 pr.
941 699 977 727 et
991 693 1091 727 vGud.
1119 700 1155 726 et
1173 693 1294 735 ,SchoL
1313 695 1466 729 Iuvenal.
1485 697 1545 738 VI,
1568 697 1650 738 366,

127 741 188 787 qui
203 747 323 775 tamen
343 740 435 774 male
464 753 623 787 magnus
647 754 733 775 nam
763 739 921 784 viribus,
954 746 991 774 at
1022 740 1117 774 idem
1140 740 1186 774 ad
1212 743 1281 775 Sat.
1303 742 1361 786 X,
1385 742 1455 778 205
1473 743 1652 788 vulgatum

127 788 283 823 exhibet.
332 790 371 823 in
390 789 531 836 stipula
548 790 736 822 Romanus.

126 884 229 924 abde
235 884 375 936 faces,
409 884 459 922 ab
477 884 558 923 hoc
576 885 665 923 loco
682 898 859 935 remove,

128 949 171 982 at
197 942 304 982 idem
331 942 380 992 II,
407 945 446 993 3,
467 943 521 986 65
548 943 761 995 formosas
787 946 861 982 tri-

125 1000 250 1040 stibus
283 1003 397 1052 agris
445 1001 587 1039 abdere
619 1001 859 1041 abducendo

127 1074 192 1098 eas
211 1065 251 1097 et
272 1059 472 1098 servando
501 1060 542 1098 in
564 1061 679 1112 angs.
739 1060 860 1100 Vides

127 1125 168 1157 et
196 1117 276 1156 hoc
312 1118 527 1171 exemplo,
572 1132 645 1171 per
681 1119 860 1158 edictum

125 1176 386 1229 grammatica
410 1177 602 1216 constitui
627 1191 708 1216 non
724 1191 861 1230 posse3

127 1235 198 1273 sed
217 1248 375 1273 caussas
398 1248 480 1273 csse
501 1236 800 1288 perspiciendas
822 1242 863 1274 et

127 1293 338 1332 eruendas.
409 1293 527 1333 Iubet
567 1294 704 1346 itaque
741 1301 864 1348 poeta

128 1351 358 1404 diligentem
392 1353 720 1405 patremfamilias
749 1367 864 1392 amo-

126 1423 245 1460 vere,
277 1410 472 1463 ablegare,
505 1425 527 1448 a
547 1412 727 1464 praedio,
759 1426 864 1464 quo-

128 1482 286 1520 cunque
303 1469 439 1520 modo,
463 1469 601 1521 itaque
620 1471 742 1509 etiam
760 1483 864 1510 ven-

128 1527 245 1577 dere,
295 1527 460 1566 effetum
505 1535 546 1567 et
584 1529 769 1568 inutilem
812 1528 866 1568 ad

128 1585 394 1625 admissuram
415 1583 679 1640 (quamquam
690 1588 757 1626 ille
781 1587 866 1626 aliis

128 1643 265 1683 adhuc
283 1644 488 1683 laboribus
508 1646 690 1685 sufficere
711 1644 863 1701 potest)

129 1715 301 1754 equum,
343 1704 530 1754 quamvis
573 1710 756 1743 senectae
786 1705 866 1743 mi-

129 1760 276 1799 seratio
312 1761 476 1811 subeat3
522 1775 605 1800 esse
634 1763 741 1801 enim
778 1776 867 1801 eam

129 1827 300 1870 turpem,
334 1819 421 1869 vel,
453 1821 657 1859 communi
679 1827 867 1859 senectu-

128 1876 181 1916 tis
202 1875 402 1929 epitheto,
442 1884 630 1930 respectu
662 1880 863 1929 iuventae,

121 1935 294 1987 pulcrae
317 1947 329 1985 ·,
382 1938 588 1987 speciosae
611 1967 621 1986 ,
683 1937 836 1975 nilidae
847 1953 864 1985 ,·

129 1993 196 2032 vel
223 2006 275 2031 ex
295 2007 392 2045 sqq„
426 2007 506 2045 qua
537 1995 604 2033 ille
634 2008 674 2033 se
691 1991 882 2048 turpiter⁴

131 2051 221 2102 det,
252 2065 327 2090 nec
344 2052 387 2091 in
403 2052 599 2091 Venerem
628 2054 725 2092 satis
743 2054 867 2092 animi

131 2124 179 2148 ac
200 2110 351 2149 virium
374 2109 535 2150 habeat.
596 2112 767 2151 Ovidius
787 2111 867 2151 hoc

132 2168 253 2206 Trist.
284 2169 358 2218 IV,
391 2170 437 2218 8,
472 2172 524 2211 19
565 2171 657 2208 Nec
689 2171 813 2208 eadat
831 2179 867 2209 et

132 2227 282 2264 multas
321 2228 490 2278 palmas
517 2227 737 2266 inhonestet
764 2229 866 2267 ade-

123 2292 248 2335 plas;
282 2284 314 2322 si
337 2284 500 2336 quidem
519 2299 660 2325 versus
683 2293 743 2325 est
763 2287 866 2326 Ovi—

133 2342 201 2380 dii.
232 2344 340 2393 turpi
353 2342 486 2391 finem
515 2343 660 2382 donate
686 2354 865 2383 senectae

133 2400 187 2438 ad
205 2400 335 2438 nostri
354 2400 524 2439 ductum
538 2402 657 2441 Silius
669 2403 757 2452 XV,
771 2402 868 2453 654,

132 2465 182 2496 ut
201 2457 284 2496 iam
300 2458 429 2496 Cerda
448 2459 566 2499 vidit.
598 2460 777 2499 Ouwens
796 2461 821 2499 l.
841 2461 867 2500 l.

133 2531 205 2554 nec
242 2518 352 2567 turpi
386 2517 594 2569 iungebat:
635 2527 672 2556 et
706 2521 868 2570 ignosce

134 2583 314 2612 senec-tae
344 2589 425 2612 non
455 2578 575 2626 turpi.
619 2574 781 2630 (Hand.
813 2577 866 2615 ad

135 2634 238 2671 Stat.
266 2631 361 2671 Silv.
394 2645 481 2685 pag.
501 2635 587 2676 59.:
629 2634 869 2686 „Quidquid

136 2689 274 2729 dicant
292 2689 373 2729 viri
392 2690 514 2740 docti,
539 2705 629 2730 cum
645 2693 866 2743 Gronovio,

135 2748 306 2788 schotto
341 2753 382 2786 et
401 2748 617 2787 Ouwensio
650 2750 869 2802 coniungas

135 2822 207 2845 nec
241 2808 361 2858 twpi.
434 2805 626 2858 Alioquin
663 2808 770 2846 enim
808 2809 869 2847 le·-

135 2865 313 2918 gendum
349 2870 410 2903 est
438 2879 516 2903 nezi
543 2867 676 2916 turpi,
721 2872 792 2904 aut
821 2881 869 2904 ne

135 2925 246 2975 turpi
264 2926 425 2974 ignosce
441 2925 658 2961 senectae.“
689 2923 769 2962 Sed
785 2924 868 2964 vid.

136 2982 188 3031 Q.
206 2981 250 3021 v.
274 2980 467 3031 xxxvl,
494 2980 559 3024 15.
595 2979 714 3036 Wr.)

980 888 1047 927 97.
1084 885 1252 935 Quanto
1285 899 1378 926 cum
1400 885 1554 926 dilectu
1573 901 1652 927 vo-

917 943 1117 997 luptatem
1162 943 1337 982 laborem
1385 942 1654 999 (quamquam

919 1001 998 1040 hoc
1017 1002 1229 1055 proprium
1248 1002 1325 1042 hac
1341 1003 1384 1042 in
1401 1018 1458 1043 re.
1476 1004 1560 1044 vid.
1579 1005 1652 1043 ins.

921 1061 974 1099 ad
993 1075 1033 1100 v.
1069 1059 1178 1115 127)
1212 1067 1253 1099 et
1282 1063 1491 1114 ingratum
1514 1069 1554 1101 et
1571 1071 1653 1102 tra-

919 1119 1010 1157 here
1036 1133 1112 1172 pro
1142 1119 1335 1172 perficere
1366 1119 1486 1159 dixit!
1521 1126 1562 1159 et
1597 1123 1653 1164 98

915 1178 1074 1229 proelia
1091 1194 1102 1215 .·
1136 1190 1238 1229 quae
1266 1191 1480 1231 perperam
1502 1179 1554 1218 ad
1580 1193 1654 1219 ve—

921 1250 1008 1275 ram
1040 1250 1216 1288 pugnam
1255 1250 1301 1275 ac
1337 1237 1488 1276 bellum
1513 1238 1655 1277 retulit

923 1293 1075 1345 Cerda;
1118 1294 1191 1333 etsi
1230 1295 1283 1333 ad
1309 1308 1450 1335 veram
1478 1310 1655 1349 pugnam

920 1352 1023 1393 haec
1052 1353 1266 1392 transtulit
1285 1353 1404 1398 Silius
1426 1354 1474 1403 V,
1500 1355 1581 1398 571
1597 1375 1655 1385 ·--·

923 1411 1007 1455 573
1038 1411 1081 1449 in
1099 1411 1189 1450 loco
1215 1411 1313 1450 hinc
1329 1412 1555 1452 imitatione
1581 1426 1655 1463 eig-

916 1483 1072 1523 ‘presso.
1095 1470 1257 1521 proelia
1276 1470 1443 1510 Veneris
1462 1471 1656 1523 frequen-

921 1534 997 1567 ter.
1020 1528 1069 1567 cf.
1089 1527 1190 1567 Aen.
1210 1528 1282 1578 XI,
1304 1532 1400 1572 736,

984 1589 1080 1628 100.
1101 1586 1292 1626 Procedit
1310 1586 1544 1627 nuncMaro
1562 1594 1656 1640 post

922 1645 1003 1694 illa,
1035 1658 1138 1696 quae
1155 1646 1199 1684 in
1217 1658 1320 1697 equo
1340 1645 1576 1684 admissario
1590 1646 1656 1685 eli-

924 1703 1056 1756 gendo
1094 1704 1349 1743 observanda
1382 1710 1478 1744 sunt
1501 1705 1596 1744 iude
1633 1718 1657 1742 a

923 1775 963 1801 v.
983 1764 1058 1812 72,
1091 1762 1143 1800 ad
1164 1762 1240 1800 alia
1260 1764 1303 1801 in
1322 1776 1368 1802 eo
1391 1763 1656 1814 observanda,

924 1833 1005 1871 quo
1035 1822 1173 1865 animo
1200 1834 1246 1858 ac
1277 1822 1440 1874 spiritu,
1482 1836 1561 1874 qua
1584 1836 1658 1861 ae-

926 1886 1007 1915 tate
1026 1878 1103 1929 sit3
1133 1884 1223 1917 tum
1254 1879 1416 1919 demum
1447 1880 1572 1919 altero
1592 1881 1657 1919 lo·-

926 1950 986 1986 co,
1017 1936 1127 1987 hinc,
1162 1937 1282 1975 etiam
1303 1938 1400 1977 alias
1421 1947 1538 1988 artes,
1569 1939 1658 1978 vir—

927 2000 1059 2044 tutes,
1086 1996 1320 2048 prolemque
1339 2005 1581 2049 parentum,
1614 1995 1656 2036 h.

925 2052 958 2091 si
989 2067 1089 2104 quos
1118 2054 1214 2092 alios
1244 2054 1324 2093 iam
1364 2055 1498 2108 pullos
1536 2055 1656 2094 iidem

924 2117 1112 2164 parentes
1140 2112 1364 2163 ediderint,
1411 2127 1491 2165 qua
1520 2113 1549 2152 ii
1577 2113 1659 2152 sint

924 2169 1083 2219 indole,
1116 2184 1196 2222 quo
1217 2171 1375 2224 vigore,
1413 2172 1497 2211 vid.
1519 2172 1656 2210 Burni.

924 2228 1027 2266 Nam
1050 2241 1095 2266 eo
1121 2242 1260 2279 sensu,
1305 2236 1354 2269 ut
1378 2230 1530 2283 pullos,
1557 2243 1658 2282 quos

929 2286 1024 2325 olim
1047 2286 1131 2339 ipse
1161 2288 1241 2325 iam
1259 2288 1560 2340 procreaverit,
1589 2301 1659 2327 re-

926 2344 1080 2396 spiciaS,
1099 2346 1442 2397 quemadmodum
1458 2347 1588 2386 Varro
1609 2347 1660 2385 de

930 2403 1053 2441 ariete
1079 2404 1274 2456 praecipit
1295 2405 1352 2455 II,
1379 2409 1406 2447 2
1423 2435 1433 2455 ,
1462 2404 1512 2455 4,
1534 2404 1659 2457 accipi

929 2461 1083 2512 nequit,
1114 2462 1208 2513 quia
1229 2462 1278 2500 de
1298 2478 1406 2503 novo
1426 2463 1658 2503 admissario

927 2518 996 2557 hic
1031 2519 1183 2571 agitur3
1222 2521 1298 2559 nisi
1330 2521 1463 2571 dicas,
1502 2535 1587 2560 non
1609 2520 1659 2559 de

930 2591 1037 2616 novo
1054 2608 1064 2626 ,
1099 2592 1174 2616 nec
1204 2578 1254 2616 de
1278 2593 1385 2628 uno,
1418 2593 1529 2618 nunc
1545 2592 1659 2632 agere

926 2641 1106 2688 poetam,
1138 2635 1209 2674 sed
1228 2636 1276 2674 de
1294 2642 1383 2675 toto
1402 2636 1660 2676 admissario-

926 2707 1020 2731 rum
1045 2706 1200 2744 genere.
1269 2693 1325 2733 At
1354 2695 1462 2734 idem
1484 2696 1532 2745 II,
1564 2695 1604 2746 5,
1631 2698 1658 2738 9

928 2750 978 2788 de
994 2751 1143 2789 bubus:
1174 2767 1326 2805 „neque
1343 2767 1424 2792 non
1434 2762 1659 2806 praeterea,

928 2816 972 2846 ut
991 2823 1123 2847 mares
1144 2812 1307 2849 seminis
1327 2811 1420 2851 boni
1438 2814 1534 2861 sint,
1555 2826 1660 2864 quo-

927 2881 1018 2904 rum
1035 2874 1073 2904 et
1085 2867 1232 2919 forma
1266 2877 1323 2908 est
1342 2869 1589 2921 spectanda,
1623 2876 1660 2907 et

928 2926 1001 2976 qni
1026 2939 1074 2962 ex
1091 2925 1157 2963 his
1175 2929 1251 2965 orti
1276 2936 1370 2966 sunt
1386 2958 1398 2978 ,
1432 2936 1476 2968 ut
1494 2940 1660 2979 respon-

928 2981 1050 3020 deant
1084 2983 1144 3022 ad
1173 2993 1393 3037 parentum
1426 2987 1610 3038 speciem.
1626 2986 1657 3007 “
