1768 3320
796 914 899 955 Ex

327 1037 1366 1118 PRAEFATIONE

10 1123 284 1299 ξἐἿὈΜΙ
335 1203 700 1256 SECUNDI
751 1204 1118 1255 EIUSDEM
1167 1205 1616 1258 EDITIONIS

19 1306 37 1328 ³²
674 1311 1031 1361 PRIMAE,

532 1441 750 1476 Excust
799 1441 957 1475 ANNO
1007 1440 1157 1475 LXXI

11 1707 230 1798 Inter
249 1743 522 1811 virgiliani
543 1745 796 1796 carminis
815 1744 974 1796 dotes
1001 1744 1318 1812 praecipuas
1334 1749 1612 1796 doctrinam

10 1807 239 1902 {poetae
266 1825 321 1868 et
343 1821 578 1868 sermonis
592 1822 775 1884 poetici
791 1821 1151 1882 praestantiam
1175 1832 1268 1865 me
1290 1815 1512 1881 habere,
1552 1834 1613 1867 ex

12 1856 149 1953 lii&
188 1903 327 1957 quae
359 1887 558 1956 passim
585 1905 611 1938 a
644 1905 736 1938 me
771 1887 912 1939 dicta
945 1896 1095 1952 sunt,
1142 1886 1468 1953 intelligitur.
1541 1890 1613 1939 Ut

0 1955 23 2016 Ξ
65 1975 153 2012 eas
184 1958 367 2028 paullo
407 1960 702 2010 accuratius
731 1959 1099 2022 declararem,
1157 1958 1611 2042 quandoquidem

61 2029 344 2097 Virgilius
331 2047 374 2080 is
411 2039 599 2081 auctor
629 2039 731 2093 est,
768 2031 824 2081 in
850 2047 963 2099 quo
988 2029 1236 2081 iuvenilis
1256 2039 1399 2081 aetas
1427 2030 1611 2098 exqui-

11 2121 13 2123 ’
63 2101 256 2153 sitioris
281 2101 562 2153 doctrinae
592 2102 738 2152 initia
772 2102 1042 2152 imbibere
1078 2100 1244 2164 solet,
1282 2111 1502 2169 praeter
1522 2118 1610 2152 ce-

62 2181 180 2225 tera
212 2172 348 2224 boni
392 2173 704 2241 interpretis
749 2171 958 2238 officia,
1004 2172 1353 2241 propositum
1388 2173 1523 2223 mihi
1555 2173 1609 2222 in

32 2240 483 2298 'Commentariis
523 2245 662 2295 meis
694 2242 886 2309 fuisse,
933 2245 1042 2294 iam
1080 2244 1136 2294 in
1167 2241 1507 2311 praefatione
1541 2244 1610 2294 ad

62 2316 306 2385 priorem
327 2318 570 2366 Tomum
591 2314 870 2384 professus
886 2332 1024 2368 sum.
1099 2318 1278 2379 Quam
1302 2332 1531 2384 operam
1549 2316 1610 2366 iis

62 2387 296 2438 maxime
318 2396 590 2454 praestare
615 2387 791 2451 volui,
831 2388 923 2456 qui
945 2385 1133 2437 nonin
1163 2403 1232 2437 eo
1259 2387 1609 2455 acquiescen-

65 2457 200 2509 dum
227 2457 327 2509 sibi
363 2475 481 2509 esse
513 2467 729 2526 putant,
776 2468 839 2509 ut
870 2458 1124 2509 universe
1154 2457 1254 2508 sibi
1289 2457 1494 2509 dictum
1513 2475 1609 2508 au-

67 2527 243 2593 diant,
278 2545 541 2595 magnum
561 2546 620 2581 ac
642 2529 868 2580 doctum
889 2546 1005 2580 esse
1028 2538 1278 2597 poetam3
1315 2530 1372 2580 in
1391 2546 1504 2597 quo
1529 2538 1609 2579 ta-

63 2616 195 2650 men
220 2601 422 2666 ingenii
453 2599 540 2650 illa
569 2601 646 2651 vis
668 2618 727 2651 ac
751 2601 1029 2651 doctrinae
1062 2600 1215 2668 copia
1238 2601 1606 2668 orationisque

63 2670 373 2738 pulcritudo
420 2671 595 2738 posita
632 2673 732 2734 sit,
793 2689 909 2722 non
953 2680 1319 2739 assequantur.
1403 2671 1608 2723 Accidit

63 2740 198 2792 mihi
238 2743 337 2810 ipsi
369 2741 607 2810 saepiuS‚
668 2742 821 2811 quod
852 2751 908 2793 et
935 2742 1046 2792 aliis
1076 2743 1295 2793 evenire
1332 2742 1498 2807 solet,
1546 2751 1607 2792 ut

65 2810 212 2863 hunc
243 2813 328 2864 vel
361 2813 515 2864 illum
547 2814 731 2864 locum
764 2815 873 2865 sive
905 2812 1155 2864 audirem
1183 2814 1293 2864 sive
1319 2815 1433 2882 ipse
1460 2813 1605 2864 bene

0 2926 3 2927 γ
62 2883 321 2934 sentirem
366 2901 483 2934 esse
525 2885 842 2950 sublimem,
899 2883 1277 2951 magnificum,
1335 2884 1604 2943 divinum;

66 2951 364 3005 dictionem
406 2955 772 3023 praeclaram,
819 2956 1127 3025 poeticam3
1186 2965 1246 3007 ut
1281 2964 1464 3006 tamen
1503 2970 1604 3004 nec
