1734 3320
242 212 734 293 GEORGICON
769 221 907 271 LIB.
945 220 1342 285 11‚446-457
1449 227 1552 278 477

6 350 183 400 -Missa
200 348 375 415 Pad03
412 363 514 398 nec
535 363 651 397 non
676 356 729 397 et
749 362 875 414 apes
899 346 1139 397 examina
1159 347 1405 398 condunt

27 418 439 485 Corticibusque
463 418 599 468 cavis
619 418 951 484 vitiosaeque
971 416 1100 466 ilicis
1124 416 1290 470 alveo,

26 489 171 552 Quid
199 487 622 539 memorandum
640 505 811 555 aeque
831 489 873 537 B
877 486 1089 536 10011013
1113 486 1257 537 dona
1275 486 1517 538 tulerunt
1529 496 1552 541 ἓ

22 559 261 610 Bacchus
285 567 339 608 et
357 558 425 608 ad
445 558 657 625 culpam
679 574 882 608 caussas
904 557 1079 618 dedit;
1103 556 1191 607 ille
1211 556 1438 607 furentis
1449 562 1552 612 455

23 631 322 681 Centauros
345 629 455 678 leto
483 628 716 693 domuit,
753 628 1144 694 Rhoetumque
1168 627 1515 696 Pholumque

21 702 90 750 Et
111 715 310 765 magno
331 698 594 764 Hylaeum
614 698 852 766 Lapithis
875 707 1077 748 cratere
1097 697 1409 752 minantem.

70 826 142 864 452
167 828 360 875 exagmine
387 827 515 862 Medic.
543 839 563 861 a
590 840 636 861 m.
657 840 711 873 pr.
750 828 952 873 (exacmme
976 826 1107 860 Medic.
1137 826 1254 872 apud
1258 826 1408 872 Foggin.
1437 827 1502 860 sed
1528 839 1549 860 c

19 874 238 917 transfossa,
264 881 301 908 et
320 875 466 909 ultimae
486 888 506 908 e
526 887 633 919 supra
651 875 793 908 adiecta
811 887 845 908 a.
894 876 1100 908 Exaemina
1126 873 1222 907 idem
1239 874 1369 908 Medic.
1390 874 1463 908 Ecl.
1481 875 1548 914 IX,

19 922 78 957 30.
103 923 168 956 Ge.
196 901 267 964 IV,
304 923 403 963 103.;
428 921 618 967 utrobique
644 935 664 955 c
689 922 869 955 transfixa.
910 923 1127 975 Est-agmina
1149 920 1186 954 in
1210 921 1291 955 eod.
1314 923 1378 955 Ge.
1397 922 1459 962 IV,
1488 923 1548 957 21.

25 969 121 1014 Wr.)
155 1004 165 1008 ,
230 967 302 1004 453
329 970 416 1004 alvo
444 970 488 1002 ab
521 969 650 1003 Medic.
678 975 715 1002 et
741 969 819 1002 aliis
850 968 1028 1002 scribitur.
1062 968 1134 1002 vid.
1157 969 1273 1002 Burm.
1316 969 1419 1014 (alvo
1450 948 1547 1011 iibri,

18 1023 164 1064 praeter
186 1017 401 1059 Romanum,
426 1016 471 1050 ad
490 1027 594 1049 unum
616 1028 754 1057 omnes,
789 1016 853 1050 alz
845 1028 901 1050 us
919 1027 984 1070 pro
1016 1016 1146 1049 alveus
1177 1015 1248 1049 dici
1278 1015 1384 1049 etiam
1415 1015 1546 1049 Lexica

18 1061 169 1104 docent3
194 1062 314 1109 itaque
331 1063 418 1098 alvo
439 1062 682 1108 recipiendum
702 1041 817 1097 videri
834 1062 968 1117 possit3
995 1069 1032 1096 at
1048 1062 1118 1096 vid.
1137 1064 1180 1104 Q.
1197 1063 1242 1096 V.
1265 1063 1365 1105 XVI,
1383 1061 1418 1098 4.
1448 1063 1544 1107 Wr.)

17 1108 91 1146 454
114 1118 152 1144 et
173 1122 267 1156 quae
283 1112 326 1144 B.
347 1110 392 1144 ab
413 1110 491 1144 aliis
509 1110 601 1155 legi,
626 1110 662 1143 in
685 1110 861 1144 Servianis
880 1116 1035 1143 notatur.
1081 1110 1217 1155 (tulere
1235 1109 1313 1153 hic,
1345 1121 1419 1143 non
1444 1111 1545 1144 tule-

19 1165 130 1199 runt,
155 1157 380 1192 scribendum
397 1157 524 1200 videri,
548 1157 779 1202 pronunciavi
805 1159 847 1199 Q.
868 1158 913 1191 V.
936 1159 981 1191 V.
1012 1154 1109 1200 Wr.)
1205 1154 1275 1192 455
1300 1170 1430 1204 cupam
1451 1156 1546 1202 apud

17 1204 137 1238 Lutat.
156 1204 202 1238 ud
222 1208 312 1239 Stat.
335 1216 405 1238 uno
433 1204 536 1246 loco,
570 1211 608 1238 at
630 1204 745 1238 altero
767 1205 924 1258 culpam.
967 1216 1000 1238 v.
1016 1206 1202 1237 Burmann.
1228 1204 1292 1237 cul
1315 1217 1359 1237 as
1380 1204 1543 1238 Parrhas.

18 1251 127 1285 Goth.
142 1263 197 1297 pr.
217 1264 304 1285 unus
321 1251 439 1286 Mead.
533 1251 604 1287 456
627 1252 812 1286 Rhoetum
831 1251 939 1286 scribi
965 1263 1008 1284 ex
1036 1250 1246 1284 membranis
1267 1263 1290 1296 p
1309 1251 1447 1297 erisque
1473 1263 1544 1284 no-

17 1297 109 1332 tavit
127 1298 306 1333 Heinsius.
354 1299 541 1333 Rhoecum
571 1311 613 1332 ex
635 1299 849 1333 Callimacho
879 1299 929 1344 (in
956 1298 1059 1332 Dian.
1084 1297 1168 1342 221)
1196 1309 1371 1343 reponere
1398 1298 1544 1332 volebat

16 1345 167 1380 Pierius.
213 1346 404 1380 Rhoecum
431 1345 583 1391 gigantis
615 1358 745 1380 nomen
777 1358 874 1388 esse,
912 1346 1096 1379 Rhoetum
1125 1345 1309 1388 Centauri,
1342 1352 1544 1379 statuerunt

17 1391 98 1434 alii3
130 1393 255 1427 melius
280 1393 431 1435 dixeris,
463 1394 606 1427 nomina
626 1394 693 1427 aut'
712 1393 798 1439 poni
818 1393 1016 1438 promiscue
1039 1399 1098 1426 aut
1128 1392 1307 1426 confundi.
1355 1394 1395 1426 In
1422 1392 1541 1426 latinis

15 1439 120 1474 libris
139 1441 326 1474 Rhoetum
344 1447 546 1474 constanter
572 1441 697 1482 scribi,
734 1440 881 1485 copiose
900 1439 1022 1474 docuit
1037 1439 1184 1473 Bentlei.
1210 1440 1256 1473 ad
1276 1441 1402 1474 Horat.
1428 1440 1539 1474 Carm.

15 1487 59 1530 11,
87 1488 143 1530 19,
166 1488 224 1523 23.
249 1487 342 1521 adde
364 1489 482 1541 Intpp.
509 1488 555 1521 ad
575 1488 704 1533 Hygin.
724 1500 760 1533 p.
779 1488 799 1523 5
828 1491 922 1521 Stav.
973 1490 1201 1528 Centaurus,
1229 1499 1356 1532 graeca
1375 1486 1539 1530 flexione,

17 1545 60 1567 ex
78 1534 216 1580 aliquot
232 1541 320 1568 vett.
338 1535 478 1568 notavit
496 1535 642 1568 Pierius.

737 1534 808 1571 457
827 1547 964 1581 magna
992 1534 1047 1568 ed.
1066 1535 1156 1567 lunt.
1182 1512 1246 1579 Hy
1247 1535 1354 1575 leum,
1379 1513 1539 1576 Hizleum

14 1582 153 1624 Ileum,
195 1582 342 1624 Yleum,
377 1584 511 1624 Leum,
542 1582 727 1625 scribitur,
763 1595 795 1616 v.
821 1583 985 1626 Propert.
1022 1582 1059 1624 Ι,
1093 1583 1134 1624 1,
1170 1548 1246 1617 13y
1273 1583 1447 1616 Graecum
1484 1587 1540 1615 est

13 1623 176 1670 Τλαῖος.
224 1631 401 1664 minacem
417 1630 556 1674 Menag.
575 1642 652 1676 pr.‚
686 1630 751 1664 sed
766 1629 836 1664 vid.
857 1630 972 1662 Burm.

17 1727 100 1768 136
137 1727 250 1764 Tunc
271 1726 388 1764 alnos
409 1727 595 1777 primum
615 1727 734 1777 fluv‘
717 1729 750 1764 a·

12 1797 164 1822 sensere
182 1792 366 1823 cavatas.
425 1785 487 1822 Ex
512 1784 662 1823 Lucan.
678 1784 746 1835 IV,

17 1843 113 1882 131.
150 1842 232 1883 134
261 1842 442 1895 colligas,
481 1843 608 1881 latera
628 1842 746 1881 coriis

11 1898 133 1938 fuisse
161 1905 282 1939 tecta.
321 1909 469 1939 torrens
496 1902 659 1954 proprie
691 1901 745 1939 ad

11 1956 111 1996 Padi
146 1965 351 1999 naturam.
421 1960 562 1998 Jlffissa
610 1960 743 2010 Pado,

10 2014 187 2054 immissa
203 2017 247 2055 in
265 2030 424 2056 amnem
451 2017 501 2055 de
522 2017 745 2057 navalibus.

11 2072 66 2111 At
83 2074 363 2125 Burmannus,
393 2081 443 2114 ut
463 2075 578 2114 alnus
597 2076 654 2114 ibi
671 2090 746 2114 na-

10 2137 77 2170 tae
109 2134 410 2173 transferantur
455 2133 507 2172 ad
545 2133 640 2172 alias
677 2147 746 2175 re-

10 2189 145 2242 giones
165 2220 176 2238 ‚
215 2197 265 2230 ut
308 2191 434 2230 India
470 2194 591 2229 mittit
625 2191 740 2242 ebur,

11 2248 157 2301 Georg.
182 2248 222 2299 I,
249 2249 327 2299 57,
368 2249 479 2301 quod
518 2250 692 2288 alienum
723 2264 746 2287 a

9 2304 113 2345 loco.
171 2305 416 2360 Expressum
437 2321 520 2346 esse
537 2321 699 2347 versum
722 2322 745 2346 a

11 2364 233 2404 Claudiano
254 2365 426 2415 XXXV,
450 2368 532 2408 178
551 2368 743 2404 missam-

10 2436 88 2476 que
114 2423 234 2462 Pado
272 2426 345 2477 qui
370 2426 545 2476 remigat
572 2425 738 2474 alnum,

9 2480 92 2519 iam
111 2481 180 2520 alii
206 2488 418 2521 notarunt.
478 2481 576 2524 453.
610 2483 741 2521 Corti-

9 2538 123 2578 oibus
147 2541 282 2591 cavis,
311 2541 425 2579 intra
452 2540 667 2591 corticem,
700 2547 742 2580 et

11 2596 113 2635 adeo
158 2597 268 2637 intra
306 2605 476 2638 truncos
513 2612 635 2638 cavos
672 2613 742 2638 ar-

9 2653 169 2694 borum.

68 2710 166 2755 454.
195 2710 293 2756 455.
322 2715 526 2754 Sationem
547 2715 743 2755 silvarum

9 2770 180 2809 suadere
214 2777 375 2823 poetam
415 2774 642 2813 memineris
691 2787 743 2813 ex

8 2841 50 2867 v.
70 2827 168 2871 433.
229 2829 310 2868 Tot
327 2831 529 2882 tantisque
546 2832 740 2871 utilitati-

8 2885 86 2925 bus
113 2886 288 2926 multum
318 2887 470 2927 cedunt
493 2890 649 2930 fructus
669 2890 739 2929 vi—

8 2957 180 2984 nearum
213 2957 314 2996 quae
348 2950 484 2984 tamen
517 2953 603 2986 tam
639 2948 738 2986 assi-

11 3001 135 3043 duam
155 3016 320 3057 operam
335 3003 503 3055 exigunt
509 3018 521 3054 3
550 3005 649 3056 quin
668 3018 738 3043 ea-

804 1739 898 1764 rum
938 1725 1101 1764 cultura
1135 1724 1265 1764 multa
1294 1724 1395 1764 adeo
1433 1724 1539 1764 mala

804 1784 931 1823 affert.
978 1784 1080 1833 Hoc,
1108 1789 1155 1822 ut
1175 1789 1339 1836 poetam
1358 1783 1539 1834 decebat,

804 1855 828 1879 a
851 1843 1027 1894 generali
1052 1856 1098 1880 ac
1116 1842 1230 1880 nuda
1258 1842 1538 1880 enuntiatione

804 1900 857 1938 ad
881 1901 978 1939 facti
1013 1900 1243 1953 exemplum
1273 1900 1453 1939 deducit.
1482 1900 1543 1938 ad

801 1960 993 2010 culpam,
1026 1958 1068 1997 11.
1095 1958 1148 1997 ad
1176 1959 1356 2008 furores,
1399 1957 1450 1996 ad
1472 1958 1539 1996 fa·-

804 2017 942 2056 cin01a
978 2023 1019 2055 et
1050 2016 1218 2055 crimina
1247 2017 1538 2056 committenda

803 2075 984 2114 incendit
1012 2074 1218 2124 homines,
1252 2081 1302 2113 ut
1326 2075 1408 2113 iam
1435 2075 1537 2113 bene

803 2133 1022 2172 Burmann.
1053 2103 1252 2185 exposuit.
1312 2131 1411 2176 456.
1434 2116 1537 2186 Spe-

802 2197 918 2229 ctant
939 2191 992 2229 ad
1012 2191 1312 2230 Centaurorum
1329 2191 1426 2230 vino
1446 2191 1536 2230 ine-

800 2249 850 2288 br
851 2250 957 2288 iato1
962 2263 1029 2288 um
1064 2250 1223 2288 furores
1264 2255 1306 2287 et
1357 2263 1536 2302 pugnam

802 2321 895 2346 cum
917 2306 1098 2360 Lapithis
1118 2307 1163 2346 in
1185 2306 1341 2361 nuptiis
1362 2307 1534 2347 Pirithoi

802 2379 896 2404 cum
943 2365 1226 2419 Hippodamia.
1277 2364 1369 2405 Vid.
1410 2365 1531 2406 Ovid.

799 2423 961 2463 Metam.
1000 2424 1096 2474 XII,
1116 2427 1203 2466 210
1234 2437 1319 2476 sqq.
1378 2423 1535 2464 Habuit

799 2489 939 2521 noster
990 2488 1082 2521 ante
1120 2482 1258 2521 oculos
1300 2481 1445 2534 Odyss.
1475 2500 1531 2536 φ,

798 2541 884 2583 295
906 2554 990 2593 sqq.
1061 2541 1163 2579 Cum
1190 2554 1253 2593 ap.
1288 2540 1409 2580 Ovid.
1447 2542 1474 2581 1.
1505 2542 1531 2581 l.

798 2599 981 2638 Rhoetus
993 2604 1034 2637 et
1051 2599 1208 2637 Pholus
1225 2612 1310 2637 non
1323 2599 1442 2637 occisi
1461 2600 1532 2638 sed

797 2657 925 2709 fugati
962 2662 1258 2707 memorentur,
1307 2656 1530 2707 Martinus,

800 2715 926 2755 alium
963 2716 1131 2755 doctum
1169 2715 1414 2754 Britannum
1465 2729 1531 2753 se-

799 2780 952 2826 quutus
972 2804 982 2821 ,
1030 2773 1189 2826 copiose
1225 2773 1403 2812 adstruit
1420 2803 1432 2822 ,
1449 2773 1530 2824 fu—

795 2841 921 2870 rentes
948 2833 1025 2870 leto
1042 2831 1293 2885 iungendum
1310 2844 1414 2879 esse,
1445 2844 1529 2869 non

795 2890 951 2929 domuit
982 2891 1074 2928 leto.
1146 2889 1203 2928 At
1248 2889 1355 2927 enim
1385 2887 1527 2939 furere

794 2948 918 2986 caede
945 2948 1061 2986 facile
1092 2947 1266 2995 dixeris,
1304 2959 1527 2997 numquam

781 3005 925 3057 furere
966 3013 1087 3044 morte
1110 3035 1121 3054 ,
1174 3006 1263 3043 leto.
1329 3002 1411 3042 Sed
1439 3008 1526 3044 tota
