<?xml version="1.0" encoding="UTF-8"?>
<!DOCTYPE html PUBLIC "-//W3C//DTD XHTML 1.0 Transitional//EN"
    "http://www.w3.org/TR/xhtml1/DTD/xhtml1-transitional.dtd">
<html xmlns="http://www.w3.org/1999/xhtml" xml:lang="en" lang="en">
 <head>
  <title>
</title>
<meta http-equiv="Content-Type" content="text/html;charset=utf-8" />
  <meta name='ocr-system' content='tesseract 3.04.00' />
  <meta name='ocr-capabilities' content='ocr_page ocr_carea ocr_par ocr_line ocrx_word'/>
</head>
<body>
  <div class='ocr_page' id='page_1' title='image "./publiusvirgilius01virguoft_0194.png"; bbox 0 0 1768 3320; ppageno 0'>
   <div class='ocr_carea' id='block_1_1' title="bbox 210 259 1466 323">
    <p class='ocr_par' dir='ltr' id='par_1_1' title="bbox 210 259 1466 323">
     <span class='ocr_line' id='line_1_1' title="bbox 210 259 1466 323; baseline -0.012 -1"><span class='ocrx_word' id='word_1_1' title='bbox 210 275 277 323; x_wconf 72' lang='lat'>26</span> <span class='ocrx_word' id='word_1_2' title='bbox 464 267 799 317; x_wconf 90' lang='lat' dir='ltr'><strong>SPOHNII</strong></span> <span class='ocrx_word' id='word_1_3' title='bbox 844 259 1466 314; x_wconf 86' lang='lat' dir='ltr'><strong>PROLEGOMENA</strong></span> 
     </span>
    </p>
   </div>
   <div class='ocr_carea' id='block_1_2' title="bbox 206 383 1730 1718">
    <p class='ocr_par' dir='ltr' id='par_1_2' title="bbox 206 383 1730 1718">
     <span class='ocr_line' id='line_1_2' title="bbox 212 383 1729 457; baseline -0.007 -12"><span class='ocrx_word' id='word_1_4' title='bbox 212 392 533 445; x_wconf 83' lang='lat' dir='ltr'>carminibus</span> <span class='ocrx_word' id='word_1_5' title='bbox 561 392 759 457; x_wconf 85' lang='lat' dir='ltr'>Virgilii</span> <span class='ocrx_word' id='word_1_6' title='bbox 798 405 897 439; x_wconf 90' lang='lat' dir='ltr'>ars</span> <span class='ocrx_word' id='word_1_7' title='bbox 933 386 1154 454; x_wconf 85' lang='lat' dir='ltr'>poetica.</span> <span class='ocrx_word' id='word_1_8' title='bbox 1223 386 1349 434; x_wconf 91' lang='lat' dir='ltr'>Non</span> <span class='ocrx_word' id='word_1_9' title='bbox 1391 383 1551 448; x_wconf 87' lang='lat' dir='ltr'>igitur</span> <span class='ocrx_word' id='word_1_10' title='bbox 1578 385 1729 451; x_wconf 87' lang='lat' dir='ltr'>quod</span> 
     </span>
     <span class='ocr_line' id='line_1_3' title="bbox 213 452 1730 521; baseline -0.007 -6"><span class='ocrx_word' id='word_1_11' title='bbox 213 472 356 515; x_wconf 88' lang='lat' dir='ltr'>erat</span> <span class='ocrx_word' id='word_1_12' title='bbox 393 462 526 513; x_wconf 89' lang='lat' dir='ltr'>haec</span> <span class='ocrx_word' id='word_1_13' title='bbox 565 479 748 513; x_wconf 88' lang='lat' dir='ltr'>rerum</span> <span class='ocrx_word' id='word_1_14' title='bbox 793 457 1057 519; x_wconf 87' lang='lat' dir='ltr'>conditi0‚</span> <span class='ocrx_word' id='word_1_15' title='bbox 1107 452 1204 503; x_wconf 89' lang='lat' dir='ltr'>sed</span> <span class='ocrx_word' id='word_1_16' title='bbox 1253 452 1405 521; x_wconf 89' lang='lat' dir='ltr'>quod</span> <span class='ocrx_word' id='word_1_17' title='bbox 1439 452 1730 505; x_wconf 89' lang='lat' dir='ltr'>debebat</span> 
     </span>
     <span class='ocr_line' id='line_1_4' title="bbox 211 522 1728 600; baseline -0.007 -16"><span class='ocrx_word' id='word_1_18' title='bbox 211 536 281 584; x_wconf 90' lang='lat' dir='ltr'>ita</span> <span class='ocrx_word' id='word_1_19' title='bbox 316 534 575 600; x_wconf 81' lang='lat' dir='ltr'>proponi,</span> <span class='ocrx_word' id='word_1_20' title='bbox 620 540 680 582; x_wconf 91' lang='lat' dir='ltr'>ut</span> <span class='ocrx_word' id='word_1_21' title='bbox 708 531 856 581; x_wconf 90' lang='lat' dir='ltr'>aliter</span> <span class='ocrx_word' id='word_1_22' title='bbox 895 526 1063 577; x_wconf 86' lang='lat' dir='ltr'>videri</span> <span class='ocrx_word' id='word_1_23' title='bbox 1097 540 1211 573; x_wconf 91' lang='lat' dir='ltr'>non</span> <span class='ocrx_word' id='word_1_24' title='bbox 1242 531 1448 590; x_wconf 84' lang='lat' dir='ltr'>posset,</span> <span class='ocrx_word' id='word_1_25' title='bbox 1496 522 1629 573; x_wconf 87' lang='lat' dir='ltr'>haec</span> <span class='ocrx_word' id='word_1_26' title='bbox 1659 525 1728 574; x_wconf 89' lang='lat' dir='ltr'>ita</span> 
     </span>
     <span class='ocr_line' id='line_1_5' title="bbox 212 592 1727 668; baseline -0.006 -15"><span class='ocrx_word' id='word_1_27' title='bbox 212 603 362 653; x_wconf 86' lang='lat' dir='ltr'>finxit</span> <span class='ocrx_word' id='word_1_28' title='bbox 389 603 647 668; x_wconf 78' lang='lat' dir='ltr'>Virgilius,</span> <span class='ocrx_word' id='word_1_29' title='bbox 724 597 942 650; x_wconf 82' lang='lat' dir='ltr'>Accedit</span> <span class='ocrx_word' id='word_1_30' title='bbox 974 613 1035 646; x_wconf 88' lang='lat' dir='ltr'>ex</span> <span class='ocrx_word' id='word_1_31' title='bbox 1065 593 1263 644; x_wconf 89' lang='lat' dir='ltr'>eodem</span> <span class='ocrx_word' id='word_1_32' title='bbox 1292 594 1416 643; x_wconf 90' lang='lat' dir='ltr'>artis</span> <span class='ocrx_word' id='word_1_33' title='bbox 1443 592 1598 644; x_wconf 86' lang='lat' dir='ltr'>sonte</span> <span class='ocrx_word' id='word_1_34' title='bbox 1633 593 1727 644; x_wconf 88' lang='lat' dir='ltr'>alia</span> 
     </span>
     <span class='ocr_line' id='line_1_6' title="bbox 213 663 1727 736; baseline -0.007 -12"><span class='ocrx_word' id='word_1_35' title='bbox 213 690 376 725; x_wconf 90' lang='lat' dir='ltr'>causa.</span> <span class='ocrx_word' id='word_1_36' title='bbox 450 676 629 736; x_wconf 87' lang='lat' dir='ltr'>Quum</span> <span class='ocrx_word' id='word_1_37' title='bbox 673 671 817 720; x_wconf 89' lang='lat' dir='ltr'>enim</span> <span class='ocrx_word' id='word_1_38' title='bbox 845 665 1089 731; x_wconf 84' lang='lat' dir='ltr'>Virgilius</span> <span class='ocrx_word' id='word_1_39' title='bbox 1132 663 1200 713; x_wconf 90' lang='lat' dir='ltr'>ad</span> <span class='ocrx_word' id='word_1_40' title='bbox 1232 663 1508 713; x_wconf 81' lang='lat' dir='ltr'>Theocriti</span> <span class='ocrx_word' id='word_1_41' title='bbox 1543 663 1727 714; x_wconf 89' lang='lat' dir='ltr'>simili—</span> 
     </span>
     <span class='ocr_line' id='line_1_7' title="bbox 210 732 1727 806; baseline -0.007 -12"><span class='ocrx_word' id='word_1_42' title='bbox 210 744 456 794; x_wconf 88' lang='lat' dir='ltr'>tudinem</span> <span class='ocrx_word' id='word_1_43' title='bbox 486 759 541 791; x_wconf 88' lang='lat' dir='ltr'>se</span> <span class='ocrx_word' id='word_1_44' title='bbox 562 755 818 806; x_wconf 87' lang='lat' dir='ltr'>suamque</span> <span class='ocrx_word' id='word_1_45' title='bbox 853 746 1022 786; x_wconf 89' lang='lat' dir='ltr'>artem</span> <span class='ocrx_word' id='word_1_46' title='bbox 1046 732 1436 799; x_wconf 84' lang='lat' dir='ltr'>conformaret,</span> <span class='ocrx_word' id='word_1_47' title='bbox 1473 732 1594 784; x_wconf 87' lang='lat' dir='ltr'>fieri</span> <span class='ocrx_word' id='word_1_48' title='bbox 1614 751 1727 784; x_wconf 90' lang='lat' dir='ltr'>non</span> 
     </span>
     <span class='ocr_line' id='line_1_8' title="bbox 211 802 1725 881; baseline -0.007 -18"><span class='ocrx_word' id='word_1_49' title='bbox 211 822 444 881; x_wconf 83' lang='lat' dir='ltr'>poterat,</span> <span class='ocrx_word' id='word_1_50' title='bbox 516 812 645 878; x_wconf 91' lang='lat' dir='ltr'>quin</span> <span class='ocrx_word' id='word_1_51' title='bbox 687 826 748 859; x_wconf 87' lang='lat' dir='ltr'>ex</span> <span class='ocrx_word' id='word_1_52' title='bbox 788 807 904 871; x_wconf 76' lang='lat' dir='ltr'>illo,</span> <span class='ocrx_word' id='word_1_53' title='bbox 977 821 1113 872; x_wconf 85' lang='lat' dir='ltr'>quae</span> <span class='ocrx_word' id='word_1_54' title='bbox 1155 803 1223 854; x_wconf 89' lang='lat' dir='ltr'>ad</span> <span class='ocrx_word' id='word_1_55' title='bbox 1256 821 1417 854; x_wconf 88' lang='lat' dir='ltr'>usum</span> <span class='ocrx_word' id='word_1_56' title='bbox 1464 811 1518 854; x_wconf 89' lang='lat' dir='ltr'>et</span> <span class='ocrx_word' id='word_1_57' title='bbox 1555 802 1725 854; x_wconf 90' lang='lat' dir='ltr'>finem</span> 
     </span>
     <span class='ocr_line' id='line_1_9' title="bbox 213 876 1726 947; baseline -0.007 -13"><span class='ocrx_word' id='word_1_58' title='bbox 213 883 449 934; x_wconf 86' lang='lat' dir='ltr'>eundem</span> <span class='ocrx_word' id='word_1_59' title='bbox 500 881 768 947; x_wconf 84' lang='lat' dir='ltr'>pertinere</span> <span class='ocrx_word' id='word_1_60' title='bbox 811 876 1144 926; x_wconf 81' lang='lat' dir='ltr'>meminisset</span> <span class='ocrx_word' id='word_1_61' title='bbox 1165 915 1178 938; x_wconf 86' lang='lat'>‚</span> <span class='ocrx_word' id='word_1_62' title='bbox 1255 882 1529 941; x_wconf 87' lang='lat' dir='ltr'>repeteret</span> <span class='ocrx_word' id='word_1_63' title='bbox 1583 882 1637 924; x_wconf 90' lang='lat' dir='ltr'>et</span> <span class='ocrx_word' id='word_1_64' title='bbox 1696 890 1726 924; x_wconf 89' lang='lat' dir='ltr'>e</span> 
     </span>
     <span class='ocr_line' id='line_1_10' title="bbox 213 944 1729 1004; baseline -0.007 0"><span class='ocrx_word' id='word_1_65' title='bbox 213 953 423 1004; x_wconf 88' lang='lat' dir='ltr'>Graecis</span> <span class='ocrx_word' id='word_1_66' title='bbox 447 951 626 1001; x_wconf 90' lang='lat' dir='ltr'>Latina</span> <span class='ocrx_word' id='word_1_67' title='bbox 652 947 918 998; x_wconf 82' lang='lat' dir='ltr'>redderet.</span> <span class='ocrx_word' id='word_1_68' title='bbox 987 945 1218 996; x_wconf 83' lang='lat' dir='ltr'>Maxime</span> <span class='ocrx_word' id='word_1_69' title='bbox 1244 960 1374 994; x_wconf 80' lang='lat' dir='ltr'>vero</span> <span class='ocrx_word' id='word_1_70' title='bbox 1406 944 1463 994; x_wconf 90' lang='lat' dir='ltr'>in</span> <span class='ocrx_word' id='word_1_71' title='bbox 1497 944 1657 994; x_wconf 90' lang='lat' dir='ltr'>tertio</span> <span class='ocrx_word' id='word_1_72' title='bbox 1676 953 1729 994; x_wconf 90' lang='lat' dir='ltr'>et</span> 
     </span>
     <span class='ocr_line' id='line_1_11' title="bbox 209 1014 1727 1082; baseline -0.007 -9"><span class='ocrx_word' id='word_1_73' title='bbox 209 1023 497 1073; x_wconf 89' lang='lat' dir='ltr'>undecimo</span> <span class='ocrx_word' id='word_1_74' title='bbox 512 1019 783 1069; x_wconf 88' lang='lat' dir='ltr'>Theocriti</span> <span class='ocrx_word' id='word_1_75' title='bbox 805 1016 1038 1066; x_wconf 78' lang='lat' dir='ltr'>carmine</span> <span class='ocrx_word' id='word_1_76' title='bbox 1058 1016 1232 1065; x_wconf 87' lang='lat' dir='ltr'>inesse</span> <span class='ocrx_word' id='word_1_77' title='bbox 1251 1014 1397 1079; x_wconf 85' lang='lat' dir='ltr'>vidit,</span> <span class='ocrx_word' id='word_1_78' title='bbox 1421 1014 1615 1082; x_wconf 86' lang='lat' dir='ltr'>quibus</span> <span class='ocrx_word' id='word_1_79' title='bbox 1634 1031 1727 1064; x_wconf 89' lang='lat' dir='ltr'>sua</span> 
     </span>
     <span class='ocr_line' id='line_1_12' title="bbox 210 1083 1726 1158; baseline -0.006 -16"><span class='ocrx_word' id='word_1_80' title='bbox 210 1109 360 1142; x_wconf 87' lang='lat' dir='ltr'>sensa</span> <span class='ocrx_word' id='word_1_81' title='bbox 416 1091 746 1158; x_wconf 85' lang='lat' dir='ltr'>exprimeret.</span> <span class='ocrx_word' id='word_1_82' title='bbox 845 1087 926 1137; x_wconf 92' lang='lat' dir='ltr'>Ibi</span> <span class='ocrx_word' id='word_1_83' title='bbox 972 1085 1198 1152; x_wconf 88' lang='lat' dir='ltr'>Cyclops</span> <span class='ocrx_word' id='word_1_84' title='bbox 1245 1085 1434 1134; x_wconf 89' lang='lat' dir='ltr'>insano</span> <span class='ocrx_word' id='word_1_85' title='bbox 1481 1083 1726 1134; x_wconf 85' lang='lat' dir='ltr'>Galateae</span> 
     </span>
     <span class='ocr_line' id='line_1_13' title="bbox 211 1154 1726 1227; baseline -0.006 -15"><span class='ocrx_word' id='word_1_86' title='bbox 211 1179 395 1212; x_wconf 91' lang='lat' dir='ltr'>amore</span> <span class='ocrx_word' id='word_1_87' title='bbox 427 1170 606 1227; x_wconf 88' lang='lat' dir='ltr'>captus</span> <span class='ocrx_word' id='word_1_88' title='bbox 637 1168 724 1209; x_wconf 91' lang='lat' dir='ltr'>aut</span> <span class='ocrx_word' id='word_1_89' title='bbox 749 1156 1126 1225; x_wconf 79' lang='lat' dir='ltr'>conqueritur,</span> <span class='ocrx_word' id='word_1_90' title='bbox 1164 1163 1253 1205; x_wconf 87' lang='lat' dir='ltr'>aut</span> <span class='ocrx_word' id='word_1_91' title='bbox 1283 1155 1444 1220; x_wconf 82' lang='lat' dir='ltr'>garrit</span> <span class='ocrx_word' id='word_1_92' title='bbox 1473 1154 1726 1204; x_wconf 88' lang='lat' dir='ltr'>amatoria</span> 
     </span>
     <span class='ocr_line' id='line_1_14' title="bbox 213 1223 1725 1289; baseline -0.005 -8"><span class='ocrx_word' id='word_1_93' title='bbox 213 1233 387 1283; x_wconf 81' lang='lat' dir='ltr'>verba.</span> <span class='ocrx_word' id='word_1_94' title='bbox 467 1230 678 1281; x_wconf 90' lang='lat' dir='ltr'>Deinde</span> <span class='ocrx_word' id='word_1_95' title='bbox 722 1245 850 1278; x_wconf 88' lang='lat' dir='ltr'>vero</span> <span class='ocrx_word' id='word_1_96' title='bbox 883 1227 1042 1277; x_wconf 89' lang='lat' dir='ltr'>etiam</span> <span class='ocrx_word' id='word_1_97' title='bbox 1086 1226 1366 1277; x_wconf 70' lang='lat' dir='ltr'>in‘XXIII.</span> <span class='ocrx_word' id='word_1_98' title='bbox 1413 1223 1620 1289; x_wconf 87' lang='lat' dir='ltr'>Idyllio‚</span> <span class='ocrx_word' id='word_1_99' title='bbox 1670 1225 1725 1273; x_wconf 90' lang='lat' dir='ltr'>in</span> 
     </span>
     <span class='ocr_line' id='line_1_15' title="bbox 211 1294 1725 1369; baseline -0.005 -17"><span class='ocrx_word' id='word_1_100' title='bbox 211 1319 318 1369; x_wconf 93' lang='lat' dir='ltr'>quo</span> <span class='ocrx_word' id='word_1_101' title='bbox 350 1301 567 1369; x_wconf 91' lang='lat' dir='ltr'>quidam</span> <span class='ocrx_word' id='word_1_102' title='bbox 587 1298 783 1349; x_wconf 90' lang='lat' dir='ltr'>infelici</span> <span class='ocrx_word' id='word_1_103' title='bbox 812 1314 996 1347; x_wconf 89' lang='lat' dir='ltr'>amore</span> <span class='ocrx_word' id='word_1_104' title='bbox 1033 1296 1188 1363; x_wconf 90' lang='lat' dir='ltr'>pueri</span> <span class='ocrx_word' id='word_1_105' title='bbox 1214 1305 1395 1363; x_wconf 92' lang='lat' dir='ltr'>captus</span> <span class='ocrx_word' id='word_1_106' title='bbox 1428 1294 1725 1345; x_wconf 87' lang='lat' dir='ltr'>introduci-</span> 
     </span>
     <span class='ocr_line' id='line_1_16' title="bbox 209 1364 1725 1434; baseline -0.003 -13"><span class='ocrx_word' id='word_1_107' title='bbox 209 1381 294 1421; x_wconf 86' lang='lat' dir='ltr'>tur</span> <span class='ocrx_word' id='word_1_108' title='bbox 316 1413 328 1434; x_wconf 79' lang='lat'>,</span> <span class='ocrx_word' id='word_1_109' title='bbox 386 1370 614 1420; x_wconf 90' lang='lat' dir='ltr'>similem</span> <span class='ocrx_word' id='word_1_110' title='bbox 657 1369 947 1433; x_wconf 84' lang='lat' dir='ltr'>imaginem</span> <span class='ocrx_word' id='word_1_111' title='bbox 992 1365 1332 1433; x_wconf 87' lang='lat' dir='ltr'>deprehendi</span> <span class='ocrx_word' id='word_1_112' title='bbox 1384 1364 1725 1416; x_wconf 85' lang='lat' dir='ltr'>intellexerat.</span> 
     </span>
     <span class='ocr_line' id='line_1_17' title="bbox 206 1434 1724 1507; baseline -0.005 -17"><span class='ocrx_word' id='word_1_113' title='bbox 206 1444 281 1491; x_wconf 86' lang='lat' dir='ltr'>Ex</span> <span class='ocrx_word' id='word_1_114' title='bbox 323 1441 405 1490; x_wconf 92' lang='lat' dir='ltr'>his</span> <span class='ocrx_word' id='word_1_115' title='bbox 444 1441 602 1505; x_wconf 92' lang='lat' dir='ltr'>igitur</span> <span class='ocrx_word' id='word_1_116' title='bbox 638 1439 903 1507; x_wconf 85' lang='lat' dir='ltr'>quaedam</span> <span class='ocrx_word' id='word_1_117' title='bbox 951 1436 1230 1502; x_wconf 81' lang='lat' dir='ltr'>colligenS‚</span> <span class='ocrx_word' id='word_1_118' title='bbox 1273 1434 1566 1485; x_wconf 89' lang='lat' dir='ltr'>maioribus</span> <span class='ocrx_word' id='word_1_119' title='bbox 1607 1434 1724 1484; x_wconf 93' lang='lat' dir='ltr'>illu—</span> 
     </span>
     <span class='ocr_line' id='line_1_18' title="bbox 206 1505 1725 1560; baseline -0.003 -1"><span class='ocrx_word' id='word_1_120' title='bbox 206 1520 358 1560; x_wconf 87' lang='lat' dir='ltr'>strata</span> <span class='ocrx_word' id='word_1_121' title='bbox 380 1510 670 1560; x_wconf 88' lang='lat' dir='ltr'>luminibus</span> <span class='ocrx_word' id='word_1_122' title='bbox 704 1509 958 1559; x_wconf 88' lang='lat' dir='ltr'>orationis</span> <span class='ocrx_word' id='word_1_123' title='bbox 979 1524 1076 1557; x_wconf 90' lang='lat' dir='ltr'>suo</span> <span class='ocrx_word' id='word_1_124' title='bbox 1103 1507 1327 1556; x_wconf 91' lang='lat' dir='ltr'>inseruit</span> <span class='ocrx_word' id='word_1_125' title='bbox 1350 1505 1585 1556; x_wconf 85' lang='lat' dir='ltr'>carmini.</span> <span class='ocrx_word' id='word_1_126' title='bbox 1621 1507 1725 1556; x_wconf 86' lang='lat' dir='ltr'>Ita-</span> 
     </span>
     <span class='ocr_line' id='line_1_19' title="bbox 208 1575 1725 1648; baseline -0.004 -18"><span class='ocrx_word' id='word_1_127' title='bbox 208 1599 313 1648; x_wconf 89' lang='lat' dir='ltr'>que</span> <span class='ocrx_word' id='word_1_128' title='bbox 342 1590 518 1630; x_wconf 89' lang='lat' dir='ltr'>totum</span> <span class='ocrx_word' id='word_1_129' title='bbox 552 1580 659 1629; x_wconf 95' lang='lat' dir='ltr'>hoc</span> <span class='ocrx_word' id='word_1_130' title='bbox 699 1596 914 1629; x_wconf 87' lang='lat' dir='ltr'>carmen</span> <span class='ocrx_word' id='word_1_131' title='bbox 945 1578 1067 1627; x_wconf 90' lang='lat' dir='ltr'>artis</span> <span class='ocrx_word' id='word_1_132' title='bbox 1099 1578 1278 1644; x_wconf 91' lang='lat' dir='ltr'>potius</span> <span class='ocrx_word' id='word_1_133' title='bbox 1314 1585 1392 1626; x_wconf 89' lang='lat' dir='ltr'>est</span> <span class='ocrx_word' id='word_1_134' title='bbox 1433 1575 1725 1642; x_wconf 79' lang='lat' dir='ltr'>specimen,</span> 
     </span>
     <span class='ocr_line' id='line_1_20' title="bbox 209 1646 1619 1718; baseline -0.004 -18"><span class='ocrx_word' id='word_1_135' title='bbox 209 1667 367 1717; x_wconf 89' lang='lat' dir='ltr'>quam</span> <span class='ocrx_word' id='word_1_136' title='bbox 394 1651 588 1700; x_wconf 90' lang='lat' dir='ltr'>amoris</span> <span class='ocrx_word' id='word_1_137' title='bbox 618 1650 875 1718; x_wconf 91' lang='lat' dir='ltr'>impudici</span> <span class='ocrx_word' id='word_1_138' title='bbox 907 1657 960 1699; x_wconf 87' lang='lat' dir='ltr'>et</span> <span class='ocrx_word' id='word_1_139' title='bbox 996 1648 1177 1698; x_wconf 89' lang='lat' dir='ltr'>vesani</span> <span class='ocrx_word' id='word_1_140' title='bbox 1209 1646 1619 1700; x_wconf 89' lang='lat' dir='ltr'>documentum.</span> 
     </span>
    </p>
   </div>
   <div class='ocr_carea' id='block_1_3' title="bbox 794 1764 1128 1832">
    <p class='ocr_par' dir='ltr' id='par_1_3' title="bbox 794 1764 1128 1832">
     <span class='ocr_line' id='line_1_21' title="bbox 794 1764 1128 1832; baseline 0.003 -16"><span class='ocrx_word' id='word_1_141' title='bbox 794 1764 957 1832; x_wconf 87' lang='lat' dir='ltr'>(Ecl.</span> <span class='ocrx_word' id='word_1_142' title='bbox 1003 1766 1128 1830; x_wconf 84' lang='grc' dir='ltr'>ΠΙ.)</span> 
     </span>
    </p>
   </div>
   <div class='ocr_carea' id='block_1_4' title="bbox 209 1866 1726 2776">
    <p class='ocr_par' dir='ltr' id='par_1_4' title="bbox 209 1866 1726 2776">
     <span class='ocr_line' id='line_1_22' title="bbox 347 1866 1723 1936; baseline -0.002 -17"><span class='ocrx_word' id='word_1_143' title='bbox 347 1869 429 1919; x_wconf 91' lang='lat' dir='ltr'>Ad</span> <span class='ocrx_word' id='word_1_144' title='bbox 443 1872 768 1921; x_wconf 86' lang='lat' dir='ltr'>Graecorum</span> <span class='ocrx_word' id='word_1_145' title='bbox 795 1879 974 1920; x_wconf 90' lang='lat' dir='ltr'>autem</span> <span class='ocrx_word' id='word_1_146' title='bbox 1003 1877 1290 1936; x_wconf 88' lang='lat' dir='ltr'>poetarum</span> <span class='ocrx_word' id='word_1_147' title='bbox 1312 1874 1517 1916; x_wconf 86' lang='lat' dir='ltr'>tersum</span> <span class='ocrx_word' id='word_1_148' title='bbox 1540 1866 1723 1917; x_wconf 86' lang='lat' dir='ltr'>dicen-</span> 
     </span>
     <span class='ocr_line' id='line_1_23' title="bbox 212 1936 1726 2004; baseline -0.001 -16"><span class='ocrx_word' id='word_1_149' title='bbox 212 1940 264 1988; x_wconf 91' lang='lat' dir='ltr'>di</span> <span class='ocrx_word' id='word_1_150' title='bbox 294 1954 459 2003; x_wconf 88' lang='lat' dir='ltr'>genus</span> <span class='ocrx_word' id='word_1_151' title='bbox 489 1949 541 1989; x_wconf 90' lang='lat' dir='ltr'>et</span> <span class='ocrx_word' id='word_1_152' title='bbox 582 1940 789 2004; x_wconf 86' lang='lat' dir='ltr'>elegans</span> <span class='ocrx_word' id='word_1_153' title='bbox 831 1956 1118 1990; x_wconf 86' lang='lat' dir='ltr'>conversus</span> <span class='ocrx_word' id='word_1_154' title='bbox 1153 1936 1399 2001; x_wconf 87' lang='lat' dir='ltr'>Virgilius</span> <span class='ocrx_word' id='word_1_155' title='bbox 1437 1937 1726 2004; x_wconf 83' lang='lat' dir='ltr'>respuebat</span> 
     </span>
     <span class='ocr_line' id='line_1_24' title="bbox 209 2007 1724 2077; baseline -0.001 -19"><span class='ocrx_word' id='word_1_156' title='bbox 209 2009 569 2059; x_wconf 84' lang='lat' dir='ltr'>horridiorem</span> <span class='ocrx_word' id='word_1_157' title='bbox 619 2013 827 2060; x_wconf 90' lang='lat' dir='ltr'>Musam</span> <span class='ocrx_word' id='word_1_158' title='bbox 878 2019 1164 2077; x_wconf 89' lang='lat' dir='ltr'>poetarum</span> <span class='ocrx_word' id='word_1_159' title='bbox 1216 2007 1532 2057; x_wconf 90' lang='lat' dir='ltr'>Latinorum</span> <span class='ocrx_word' id='word_1_160' title='bbox 1590 2008 1724 2057; x_wconf 90' lang='lat' dir='ltr'>anti-</span> 
     </span>
     <span class='ocr_line' id='line_1_25' title="bbox 211 2076 1723 2146; baseline 0.001 -19"><span class='ocrx_word' id='word_1_161' title='bbox 211 2081 475 2146; x_wconf 72' lang='lat' dir='ltr'>quiorum,</span> <span class='ocrx_word' id='word_1_162' title='bbox 498 2089 557 2129; x_wconf 93' lang='lat' dir='ltr'>ut</span> <span class='ocrx_word' id='word_1_163' title='bbox 581 2080 746 2130; x_wconf 90' lang='lat' dir='ltr'>Plauti</span> <span class='ocrx_word' id='word_1_164' title='bbox 772 2081 934 2130; x_wconf 86' lang='lat' dir='ltr'>rudes</span> <span class='ocrx_word' id='word_1_165' title='bbox 956 2081 1119 2138; x_wconf 82' lang='lat' dir='ltr'>iocos,</span> <span class='ocrx_word' id='word_1_166' title='bbox 1150 2078 1310 2129; x_wconf 88' lang='lat' dir='ltr'>Ennii</span> <span class='ocrx_word' id='word_1_167' title='bbox 1331 2076 1723 2144; x_wconf 85' lang='lat' dir='ltr'>loquacitatem.</span> 
     </span>
     <span class='ocr_line' id='line_1_26' title="bbox 213 2147 1725 2217; baseline 0 -19"><span class='ocrx_word' id='word_1_168' title='bbox 213 2149 320 2198; x_wconf 88' lang='lat' dir='ltr'>Sed</span> <span class='ocrx_word' id='word_1_169' title='bbox 348 2149 560 2215; x_wconf 90' lang='lat' dir='ltr'>plurimi</span> <span class='ocrx_word' id='word_1_170' title='bbox 580 2160 822 2200; x_wconf 85' lang='lat' dir='ltr'>veterum</span> <span class='ocrx_word' id='word_1_171' title='bbox 841 2161 1154 2217; x_wconf 87' lang='lat' dir='ltr'>temporum</span> <span class='ocrx_word' id='word_1_172' title='bbox 1183 2157 1236 2198; x_wconf 91' lang='lat' dir='ltr'>et</span> <span class='ocrx_word' id='word_1_173' title='bbox 1257 2148 1579 2214; x_wconf 88' lang='lat' dir='ltr'>scriptorum</span> <span class='ocrx_word' id='word_1_174' title='bbox 1611 2147 1725 2198; x_wconf 90' lang='lat' dir='ltr'>lau-</span> 
     </span>
     <span class='ocr_line' id='line_1_27' title="bbox 212 2217 1724 2284; baseline 0 -17"><span class='ocrx_word' id='word_1_175' title='bbox 212 2218 421 2267; x_wconf 86' lang='lat' dir='ltr'>datores</span> <span class='ocrx_word' id='word_1_176' title='bbox 445 2228 496 2268; x_wconf 89' lang='lat' dir='ltr'>et</span> <span class='ocrx_word' id='word_1_177' title='bbox 518 2219 861 2270; x_wconf 89' lang='lat' dir='ltr'>admiratores</span> <span class='ocrx_word' id='word_1_178' title='bbox 882 2221 1152 2284; x_wconf 80' lang='lat' dir='ltr'>Plautum,</span> <span class='ocrx_word' id='word_1_179' title='bbox 1176 2218 1430 2282; x_wconf 84' lang='lat' dir='ltr'>Ennium,</span> <span class='ocrx_word' id='word_1_180' title='bbox 1457 2217 1724 2268; x_wconf 92' lang='lat' dir='ltr'>Lucilium</span> 
     </span>
     <span class='ocr_line' id='line_1_28' title="bbox 211 2287 1723 2357; baseline -0.001 -19"><span class='ocrx_word' id='word_1_181' title='bbox 211 2290 264 2338; x_wconf 90' lang='lat' dir='ltr'>in</span> <span class='ocrx_word' id='word_1_182' title='bbox 282 2288 491 2338; x_wconf 89' lang='lat' dir='ltr'>coelum</span> <span class='ocrx_word' id='word_1_183' title='bbox 509 2289 827 2350; x_wconf 82' lang='lat' dir='ltr'>efferebant3</span> <span class='ocrx_word' id='word_1_184' title='bbox 850 2301 966 2340; x_wconf 92' lang='lat' dir='ltr'>tum</span> <span class='ocrx_word' id='word_1_185' title='bbox 989 2290 1139 2357; x_wconf 85' lang='lat' dir='ltr'>quod</span> <span class='ocrx_word' id='word_1_186' title='bbox 1157 2290 1399 2357; x_wconf 90' lang='lat' dir='ltr'>ipsorum</span> <span class='ocrx_word' id='word_1_187' title='bbox 1415 2287 1723 2339; x_wconf 89' lang='lat' dir='ltr'>rudioribus</span> 
     </span>
     <span class='ocr_line' id='line_1_29' title="bbox 212 2357 1723 2427; baseline 0.001 -21"><span class='ocrx_word' id='word_1_188' title='bbox 212 2359 430 2423; x_wconf 86' lang='lat' dir='ltr'>ingeniis</span> <span class='ocrx_word' id='word_1_189' title='bbox 453 2359 509 2408; x_wconf 93' lang='lat' dir='ltr'>hi</span> <span class='ocrx_word' id='word_1_190' title='bbox 548 2362 711 2425; x_wconf 87' lang='lat' dir='ltr'>magis</span> <span class='ocrx_word' id='word_1_191' title='bbox 739 2370 888 2410; x_wconf 84' lang='lat' dir='ltr'>erant</span> <span class='ocrx_word' id='word_1_192' title='bbox 924 2362 1057 2427; x_wconf 79' lang='lat' dir='ltr'>apti3</span> <span class='ocrx_word' id='word_1_193' title='bbox 1097 2365 1176 2426; x_wconf 84' lang='lat' dir='ltr'>(et</span> <span class='ocrx_word' id='word_1_194' title='bbox 1206 2358 1514 2422; x_wconf 79' lang='lat' dir='ltr'>Quintiliani</span> <span class='ocrx_word' id='word_1_195' title='bbox 1548 2357 1723 2409; x_wconf 89' lang='lat' dir='ltr'>adhuc</span> 
     </span>
     <span class='ocr_line' id='line_1_30' title="bbox 213 2427 1724 2498; baseline 0.001 -22"><span class='ocrx_word' id='word_1_196' title='bbox 213 2437 458 2494; x_wconf 87' lang='lat' dir='ltr'>tempore</span> <span class='ocrx_word' id='word_1_197' title='bbox 479 2427 710 2494; x_wconf 80' lang='lat' dir='ltr'>suerunt,</span> <span class='ocrx_word' id='word_1_198' title='bbox 732 2432 821 2497; x_wconf 87' lang='lat' dir='ltr'>qui</span> <span class='ocrx_word' id='word_1_199' title='bbox 843 2431 944 2480; x_wconf 91' lang='lat' dir='ltr'>hos</span> <span class='ocrx_word' id='word_1_200' title='bbox 977 2448 1104 2498; x_wconf 90' lang='lat' dir='ltr'>prae</span> <span class='ocrx_word' id='word_1_201' title='bbox 1131 2429 1320 2479; x_wconf 78' lang='lat' dir='ltr'>ceteris</span> <span class='ocrx_word' id='word_1_202' title='bbox 1354 2428 1648 2496; x_wconf 86' lang='lat' dir='ltr'>probarent</span> <span class='ocrx_word' id='word_1_203' title='bbox 1671 2435 1724 2494; x_wconf 88' lang='lat'>*)</span> 
     </span>
     <span class='ocr_line' id='line_1_31' title="bbox 210 2498 1722 2570; baseline 0.002 -25"><span class='ocrx_word' id='word_1_204' title='bbox 210 2506 325 2546; x_wconf 87' lang='lat' dir='ltr'>tum</span> <span class='ocrx_word' id='word_1_205' title='bbox 369 2498 516 2563; x_wconf 87' lang='lat' dir='ltr'>quod</span> <span class='ocrx_word' id='word_1_206' title='bbox 560 2501 725 2564; x_wconf 84' lang='lat' dir='ltr'>prisca</span> <span class='ocrx_word' id='word_1_207' title='bbox 770 2510 1044 2567; x_wconf 78' lang='lat' dir='ltr'>tempora,</span> <span class='ocrx_word' id='word_1_208' title='bbox 1107 2508 1349 2550; x_wconf 89' lang='lat' dir='ltr'>veterem</span> <span class='ocrx_word' id='word_1_209' title='bbox 1396 2498 1722 2570; x_wconf 87' lang='lat' dir='ltr'>reipublicae</span> 
     </span>
     <span class='ocr_line' id='line_1_32' title="bbox 210 2565 1723 2635; baseline 0.003 -21"><span class='ocrx_word' id='word_1_210' title='bbox 210 2565 442 2615; x_wconf 82' lang='lat' dir='ltr'>sormam</span> <span class='ocrx_word' id='word_1_211' title='bbox 469 2569 791 2633; x_wconf 76' lang='lat' dir='ltr'>probabant,</span> <span class='ocrx_word' id='word_1_212' title='bbox 832 2588 1028 2620; x_wconf 87' lang='lat' dir='ltr'>novam</span> <span class='ocrx_word' id='word_1_213' title='bbox 1048 2587 1233 2620; x_wconf 89' lang='lat' dir='ltr'>rerum</span> <span class='ocrx_word' id='word_1_214' title='bbox 1257 2567 1451 2618; x_wconf 87' lang='lat' dir='ltr'>faciem</span> <span class='ocrx_word' id='word_1_215' title='bbox 1474 2571 1723 2635; x_wconf 85' lang='lat' dir='ltr'>asperna-</span> 
     </span>
     <span class='ocr_line' id='line_1_33' title="bbox 209 2636 1724 2705; baseline 0.001 -19"><span class='ocrx_word' id='word_1_216' title='bbox 209 2636 415 2686; x_wconf 85' lang='lat' dir='ltr'>bantur.</span> <span class='ocrx_word' id='word_1_217' title='bbox 496 2640 851 2688; x_wconf 82' lang='lat' dir='ltr'>Eminuerunt</span> <span class='ocrx_word' id='word_1_218' title='bbox 895 2641 1034 2689; x_wconf 87' lang='lat' dir='ltr'>inter</span> <span class='ocrx_word' id='word_1_219' title='bbox 1067 2641 1168 2690; x_wconf 92' lang='lat' dir='ltr'>hos</span> <span class='ocrx_word' id='word_1_220' title='bbox 1220 2638 1480 2705; x_wconf 86' lang='lat' dir='ltr'>insipidos</span> <span class='ocrx_word' id='word_1_221' title='bbox 1521 2638 1724 2689; x_wconf 89' lang='lat' dir='ltr'>iudices</span> 
     </span>
     <span class='ocr_line' id='line_1_34' title="bbox 211 2709 1722 2776; baseline 0.001 -19"><span class='ocrx_word' id='word_1_222' title='bbox 211 2722 477 2758; x_wconf 85' lang='lat' dir='ltr'>novorum</span> <span class='ocrx_word' id='word_1_223' title='bbox 530 2718 810 2774; x_wconf 89' lang='lat' dir='ltr'>poetarum</span> <span class='ocrx_word' id='word_1_224' title='bbox 856 2712 1042 2760; x_wconf 90' lang='lat' dir='ltr'>Bavius</span> <span class='ocrx_word' id='word_1_225' title='bbox 1095 2720 1147 2761; x_wconf 92' lang='lat' dir='ltr'>et</span> <span class='ocrx_word' id='word_1_226' title='bbox 1187 2709 1423 2760; x_wconf 84' lang='lat' dir='ltr'>Maevius</span> <span class='ocrx_word' id='word_1_227' title='bbox 1449 2749 1464 2774; x_wconf 87' lang='lat'>‚</span> <span class='ocrx_word' id='word_1_228' title='bbox 1528 2718 1722 2776; x_wconf 90' lang='lat' dir='ltr'>poetae</span> 
     </span>
    </p>
   </div>
   <div class='ocr_carea' id='block_1_5' title="bbox 208 2823 1723 3057">
    <p class='ocr_par' dir='ltr' id='par_1_5' title="bbox 208 2823 1723 3009">
     <span class='ocr_line' id='line_1_35' title="bbox 255 2823 1722 2877; baseline 0.004 -22"><span class='ocrx_word' id='word_1_229' title='bbox 255 2823 284 2867; x_wconf 73' lang='lat'>‘)</span> <span class='ocrx_word' id='word_1_230' title='bbox 310 2823 523 2877; x_wconf 62' lang='lat' dir='ltr'>Respexisse</span> <span class='ocrx_word' id='word_1_231' title='bbox 572 2826 708 2858; x_wconf 81' lang='lat' dir='ltr'>videtur</span> <span class='ocrx_word' id='word_1_232' title='bbox 747 2826 933 2870; x_wconf 70' lang='lat' dir='ltr'>Spohnhm,</span> <span class='ocrx_word' id='word_1_233' title='bbox 994 2828 1087 2861; x_wconf 85' lang='lat' dir='ltr'>ditos</span> <span class='ocrx_word' id='word_1_234' title='bbox 1104 2827 1174 2861; x_wconf 89' lang='lat' dir='ltr'>sibi</span> <span class='ocrx_word' id='word_1_235' title='bbox 1195 2826 1310 2861; x_wconf 80' lang='lat' dir='ltr'>adhuc</span> <span class='ocrx_word' id='word_1_236' title='bbox 1333 2824 1444 2860; x_wconf 81' lang='lat' dir='ltr'>habet</span> <span class='ocrx_word' id='word_1_237' title='bbox 1474 2833 1669 2869; x_wconf 83' lang='lat' dir='ltr'>amatores,</span> <span class='ocrx_word' id='word_1_238' title='bbox 1686 2834 1722 2861; x_wconf 75' lang='lat' dir='ltr'>ut</span> 
     </span>
     <span class='ocr_line' id='line_1_36' title="bbox 210 2872 1723 2924; baseline 0.003 -21"><span class='ocrx_word' id='word_1_239' title='bbox 210 2881 298 2915; x_wconf 80' lang='lat' dir='ltr'>quae</span> <span class='ocrx_word' id='word_1_240' title='bbox 325 2882 383 2915; x_wconf 85' lang='lat' dir='ltr'>ap.</span> <span class='ocrx_word' id='word_1_241' title='bbox 411 2872 529 2924; x_wconf 55' lang='lat' dir='ltr'>Quum:</span> <span class='ocrx_word' id='word_1_242' title='bbox 562 2873 645 2905; x_wconf 70' lang='lat' dir='ltr'>lust.</span> <span class='ocrx_word' id='word_1_243' title='bbox 671 2876 727 2905; x_wconf 90' lang='lat' dir='ltr'>Or.</span> <span class='ocrx_word' id='word_1_244' title='bbox 759 2874 806 2914; x_wconf 81' lang='grc' dir='ltr'>Χ,</span> <span class='ocrx_word' id='word_1_245' title='bbox 828 2876 857 2915; x_wconf 84' lang='lat' dir='ltr'>l,</span> <span class='ocrx_word' id='word_1_246' title='bbox 877 2876 933 2910; x_wconf 86' lang='lat'>93.</span> <span class='ocrx_word' id='word_1_247' title='bbox 994 2887 1070 2907; x_wconf 73' lang='lat' dir='ltr'>eum</span> <span class='ocrx_word' id='word_1_248' title='bbox 1098 2886 1171 2908; x_wconf 88' lang='lat' dir='ltr'>non</span> <span class='ocrx_word' id='word_1_249' title='bbox 1193 2874 1349 2908; x_wconf 88' lang='lat' dir='ltr'>eiusdem</span> <span class='ocrx_word' id='word_1_250' title='bbox 1367 2873 1476 2907; x_wconf 89' lang='lat' dir='ltr'>modo</span> <span class='ocrx_word' id='word_1_251' title='bbox 1509 2874 1629 2919; x_wconf 88' lang='lat' dir='ltr'>operis</span> <span class='ocrx_word' id='word_1_252' title='bbox 1657 2887 1723 2908; x_wconf 89' lang='lat' dir='ltr'>au—</span> 
     </span>
     <span class='ocr_line' id='line_1_37' title="bbox 208 2916 1723 2967; baseline 0.003 -17"><span class='ocrx_word' id='word_1_253' title='bbox 208 2916 389 2962; x_wconf 82' lang='lat' dir='ltr'>leguntur:</span> <span class='ocrx_word' id='word_1_254' title='bbox 417 2920 566 2958; x_wconf 76' lang='lat' dir='ltr'>„Satn-a</span> <span class='ocrx_word' id='word_1_255' title='bbox 595 2918 732 2962; x_wconf 84' lang='lat' dir='ltr'>quidem</span> <span class='ocrx_word' id='word_1_256' title='bbox 761 2926 837 2953; x_wconf 85' lang='lat' dir='ltr'>tota</span> <span class='ocrx_word' id='word_1_257' title='bbox 866 2932 934 2954; x_wconf 89' lang='lat' dir='ltr'>no—</span> <span class='ocrx_word' id='word_1_258' title='bbox 993 2922 1175 2964; x_wconf 80' lang='lat' dir='ltr'>ctoribus,</span> <span class='ocrx_word' id='word_1_259' title='bbox 1207 2922 1271 2955; x_wconf 82' lang='lat' dir='ltr'>sed</span> <span class='ocrx_word' id='word_1_260' title='bbox 1289 2920 1451 2954; x_wconf 85' lang='lat' dir='ltr'>omnibus</span> <span class='ocrx_word' id='word_1_261' title='bbox 1479 2921 1598 2965; x_wconf 78' lang='lat' dir='ltr'>poetis</span> <span class='ocrx_word' id='word_1_262' title='bbox 1615 2934 1723 2967; x_wconf 79' lang='lat' dir='ltr'>prae-</span> 
     </span>
     <span class='ocr_line' id='line_1_38' title="bbox 209 2963 1522 3009; baseline 0.004 -12"><span class='ocrx_word' id='word_1_263' title='bbox 209 2971 282 2997; x_wconf 75' lang='lat' dir='ltr'>stra</span> <span class='ocrx_word' id='word_1_264' title='bbox 298 2970 373 3005; x_wconf 66' lang='grc' dir='ltr'>θεῖς</span> <span class='ocrx_word' id='word_1_265' title='bbox 397 2963 433 2997; x_wconf 87' lang='lat' dir='ltr'>in</span> <span class='ocrx_word' id='word_1_266' title='bbox 445 2976 512 3009; x_wconf 83' lang='lat' dir='ltr'>qua</span> <span class='ocrx_word' id='word_1_267' title='bbox 530 2964 658 3009; x_wconf 84' lang='lat' dir='ltr'>primus</span> <span class='ocrx_word' id='word_1_268' title='bbox 676 2965 843 3009; x_wconf 83' lang='lat' dir='ltr'>insignem</span> <span class='ocrx_word' id='word_1_269' title='bbox 860 2968 933 3001; x_wconf 84' lang='lat' dir='ltr'>lau-</span> <span class='ocrx_word' id='word_1_270' title='bbox 993 2969 1084 3001; x_wconf 82' lang='lat' dir='ltr'>ferre</span> <span class='ocrx_word' id='word_1_271' title='bbox 1106 2981 1177 3002; x_wconf 84' lang='lat' dir='ltr'>nou</span> <span class='ocrx_word' id='word_1_272' title='bbox 1196 2968 1395 3002; x_wconf 83' lang='lat' dir='ltr'>dubitent.“</span> <span class='ocrx_word' id='word_1_273' title='bbox 1442 2969 1499 3003; x_wconf 90' lang='lat' dir='ltr'><em>W</em></span> <span class='ocrx_word' id='word_1_274' title='bbox 1493 2981 1522 3002; x_wconf 89' lang='lat' dir='ltr'>r.</span> 
     </span>
    </p>

    <p class='ocr_par' dir='ltr' id='par_1_6' title="bbox 209 3011 935 3057">
     <span class='ocr_line' id='line_1_39' title="bbox 209 3011 935 3057; baseline 0.006 -13"><span class='ocrx_word' id='word_1_275' title='bbox 209 3011 288 3044; x_wconf 83' lang='lat' dir='ltr'>(lem</span> <span class='ocrx_word' id='word_1_276' title='bbox 302 3011 450 3056; x_wconf 83' lang='lat' dir='ltr'>adeptus</span> <span class='ocrx_word' id='word_1_277' title='bbox 462 3011 613 3045; x_wconf 79' lang='lat' dir='ltr'>Lucilius</span> <span class='ocrx_word' id='word_1_278' title='bbox 631 3013 797 3057; x_wconf 83' lang='lat' dir='ltr'>quosdam</span> <span class='ocrx_word' id='word_1_279' title='bbox 810 3014 857 3047; x_wconf 82' lang='lat' dir='ltr'>ita</span> <span class='ocrx_word' id='word_1_280' title='bbox 869 3015 935 3048; x_wconf 87' lang='lat' dir='ltr'>de-</span> 
     </span>
    </p>
   </div>
  </div>
 </body>
</html>
