<?xml version="1.0" encoding="UTF-8"?>
<!DOCTYPE html PUBLIC "-//W3C//DTD XHTML 1.0 Transitional//EN"
    "http://www.w3.org/TR/xhtml1/DTD/xhtml1-transitional.dtd">
<html xmlns="http://www.w3.org/1999/xhtml" xml:lang="en" lang="en">
 <head>
  <title>
</title>
<meta http-equiv="Content-Type" content="text/html;charset=utf-8" />
  <meta name='ocr-system' content='tesseract 3.04.00' />
  <meta name='ocr-capabilities' content='ocr_page ocr_carea ocr_par ocr_line ocrx_word'/>
</head>
<body>
  <div class='ocr_page' id='page_1' title='image "./publiusvirgilius01virguoft/publiusvirgilius01virguoft_0672.png"; bbox 0 0 1734 3320; ppageno 0'>
   <div class='ocr_carea' id='block_1_1' title="bbox 124 197 229 246">
    <p class='ocr_par' dir='ltr' id='par_1_1' title="bbox 124 197 229 246">
     <span class='ocr_line' id='line_1_1' title="bbox 124 197 229 246; baseline 0.019 -2"><span class='ocrx_word' id='word_1_1' title='bbox 124 197 229 246; x_wconf 77' lang='lat'><em>502</em></span> 
     </span>
    </p>
   </div>
   <div class='ocr_carea' id='block_1_2' title="bbox 457 193 1330 245">
    <p class='ocr_par' dir='ltr' id='par_1_2' title="bbox 457 193 1330 245">
     <span class='ocr_line' id='line_1_2' title="bbox 457 193 1330 245; baseline 0.001 -3"><span class='ocrx_word' id='word_1_2' title='bbox 457 195 513 245; x_wconf 91' lang='grc' dir='ltr'><em>Ρ.</em></span> <span class='ocrx_word' id='word_1_3' title='bbox 550 193 911 245; x_wconf 85' lang='lat' dir='ltr'>VIRGILII</span> <span class='ocrx_word' id='word_1_4' title='bbox 944 193 1330 245; x_wconf 87' lang='lat' dir='ltr'><strong>MARONIS</strong></span> 
     </span>
    </p>
   </div>
   <div class='ocr_carea' id='block_1_3' title="bbox 124 317 1663 388">
    <p class='ocr_par' dir='ltr' id='par_1_3' title="bbox 124 317 1663 388">
     <span class='ocr_line' id='line_1_3' title="bbox 124 317 1663 388; baseline -0.001 -17"><span class='ocrx_word' id='word_1_5' title='bbox 124 320 338 372; x_wconf 86' lang='lat' dir='ltr'><strong>Primus</strong></span> <span class='ocrx_word' id='word_1_6' title='bbox 373 335 472 386; x_wconf 86' lang='lat' dir='ltr'><em>ego</em></span> <span class='ocrx_word' id='word_1_7' title='bbox 509 320 564 369; x_wconf 89' lang='lat' dir='ltr'><em>in</em></span> <span class='ocrx_word' id='word_1_8' title='bbox 593 320 821 388; x_wconf 79' lang='lat' dir='ltr'><em>patriam</em></span> <span class='ocrx_word' id='word_1_9' title='bbox 851 335 1095 383; x_wconf 85' lang='lat' dir='ltr'><em>mecum,</em></span> <span class='ocrx_word' id='word_1_10' title='bbox 1131 317 1304 370; x_wconf 90' lang='lat' dir='ltr'><em>modo</em></span> <span class='ocrx_word' id='word_1_11' title='bbox 1333 319 1440 370; x_wconf 84' lang='lat' dir='ltr'><em>vita</em></span> <span class='ocrx_word' id='word_1_12' title='bbox 1471 336 1663 388; x_wconf 86' lang='lat' dir='ltr'><em>super-</em></span> 
     </span>
    </p>
   </div>
   <div class='ocr_carea' id='block_1_4' title="bbox 922 389 1662 453">
    <p class='ocr_par' dir='ltr' id='par_1_4' title="bbox 922 389 1662 453">
     <span class='ocr_line' id='line_1_4' title="bbox 922 389 1662 453; baseline 0.007 -15"><span class='ocrx_word' id='word_1_13' title='bbox 922 389 987 439; x_wconf 87' lang='lat' dir='ltr'><em>sit</em></span> <span class='ocrx_word' id='word_1_14' title='bbox 999 430 1012 453; x_wconf 92' lang='lat'><em>,</em></span> <span class='ocrx_word' id='word_1_15' title='bbox 1559 400 1564 404; x_wconf 85' lang='lat'>&#39;</span> <span class='ocrx_word' id='word_1_16' title='bbox 1597 396 1662 443; x_wconf 90' lang='grc'><strong>10</strong></span> 
     </span>
    </p>
   </div>
   <div class='ocr_carea' id='block_1_5' title="bbox 125 458 1595 669">
    <p class='ocr_par' dir='ltr' id='par_1_5' title="bbox 125 458 1595 669">
     <span class='ocr_line' id='line_1_5' title="bbox 125 458 1289 522; baseline -0.003 -10"><span class='ocrx_word' id='word_1_17' title='bbox 125 461 302 512; x_wconf 87' lang='grc' dir='ltr'><strong>Αο1110</strong></span> <span class='ocrx_word' id='word_1_18' title='bbox 324 460 542 511; x_wconf 84' lang='lat' dir='ltr'><em>rediens</em></span> <span class='ocrx_word' id='word_1_19' title='bbox 568 458 838 511; x_wconf 83' lang='lat' dir='ltr'>deducam</span> <span class='ocrx_word' id='word_1_20' title='bbox 862 460 1062 510; x_wconf 82' lang='lat' dir='ltr'><em>vertice</em></span> <span class='ocrx_word' id='word_1_21' title='bbox 1086 463 1289 522; x_wconf 88' lang='lat' dir='ltr'><em>Musas;</em></span> 
     </span>
     <span class='ocr_line' id='line_1_6' title="bbox 125 528 1595 598; baseline -0.002 -15"><span class='ocrx_word' id='word_1_22' title='bbox 125 532 338 583; x_wconf 87' lang='lat' dir='ltr'><strong>Primus</strong></span> <span class='ocrx_word' id='word_1_23' title='bbox 361 531 644 582; x_wconf 87' lang='lat' dir='ltr'><em>Idumaeas</em></span> <span class='ocrx_word' id='word_1_24' title='bbox 669 528 907 581; x_wconf 86' lang='lat' dir='ltr'><em>referam</em></span> <span class='ocrx_word' id='word_1_25' title='bbox 924 530 1051 595; x_wconf 74' lang='lat' dir='ltr'><em>tibi,</em></span> <span class='ocrx_word' id='word_1_26' title='bbox 1086 534 1327 595; x_wconf 81' lang='lat' dir='ltr'>Mantua,</span> <span class='ocrx_word' id='word_1_27' title='bbox 1363 529 1595 598; x_wconf 89' lang='lat' dir='ltr'><em>palmas;</em></span> 
     </span>
     <span class='ocr_line' id='line_1_7' title="bbox 125 600 1574 669; baseline -0.002 -16"><span class='ocrx_word' id='word_1_28' title='bbox 125 605 195 654; x_wconf 86' lang='lat' dir='ltr'><em>Et</em></span> <span class='ocrx_word' id='word_1_29' title='bbox 213 601 370 652; x_wconf 86' lang='lat' dir='ltr'><em>viridi</em></span> <span class='ocrx_word' id='word_1_30' title='bbox 388 602 443 652; x_wconf 92' lang='lat' dir='ltr'><em>in</em></span> <span class='ocrx_word' id='word_1_31' title='bbox 468 617 660 669; x_wconf 87' lang='lat' dir='ltr'><em>campo</em></span> <span class='ocrx_word' id='word_1_32' title='bbox 681 600 953 668; x_wconf 88' lang='lat' dir='ltr'><em>templum</em></span> <span class='ocrx_word' id='word_1_33' title='bbox 977 600 1046 651; x_wconf 87' lang='lat' dir='ltr'><em>de</em></span> <span class='ocrx_word' id='word_1_34' title='bbox 1069 617 1345 651; x_wconf 85' lang='lat' dir='ltr'><em>marmore</em></span> <span class='ocrx_word' id='word_1_35' title='bbox 1366 617 1574 669; x_wconf 87' lang='lat' dir='ltr'><em>ponam</em></span> 
     </span>
    </p>
   </div>
   <div class='ocr_carea' id='block_1_6' title="bbox 128 728 1663 823">
    <p class='ocr_par' dir='ltr' id='par_1_6' title="bbox 128 728 1663 823">
     <span class='ocr_line' id='line_1_8' title="bbox 176 728 1663 778; baseline -0.002 -12"><span class='ocrx_word' id='word_1_36' title='bbox 176 732 222 767; x_wconf 92' lang='lat'><em>10</em></span> <span class='ocrx_word' id='word_1_37' title='bbox 247 739 439 778; x_wconf 82' lang='lat' dir='ltr'><em>superstes</em></span> <span class='ocrx_word' id='word_1_38' title='bbox 469 730 593 768; x_wconf 77' lang='lat' dir='ltr'><em>eadem</em></span> <span class='ocrx_word' id='word_1_39' title='bbox 618 730 674 764; x_wconf 87' lang='lat' dir='ltr'><em>ed.</em></span> <span class='ocrx_word' id='word_1_40' title='bbox 701 730 793 764; x_wconf 88' lang='lat' dir='ltr'><em>Ven.</em></span> <span class='ocrx_word' id='word_1_41' title='bbox 842 729 936 763; x_wconf 90' lang='lat' dir='ltr'><em>Gell.</em></span> <span class='ocrx_word' id='word_1_42' title='bbox 967 731 1003 772; x_wconf 85' lang='grc' dir='ltr'><em>Ι,</em></span> <span class='ocrx_word' id='word_1_43' title='bbox 1027 730 1074 764; x_wconf 77' lang='grc'><em>22</em></span> <span class='ocrx_word' id='word_1_44' title='bbox 1091 740 1230 763; x_wconf 84' lang='lat' dir='ltr'><em>versum</em></span> <span class='ocrx_word' id='word_1_45' title='bbox 1249 728 1393 772; x_wconf 86' lang='lat' dir='ltr'><em>laudat,</em></span> <span class='ocrx_word' id='word_1_46' title='bbox 1426 735 1465 763; x_wconf 86' lang='lat' dir='ltr'><em>et</em></span> <span class='ocrx_word' id='word_1_47' title='bbox 1481 736 1581 775; x_wconf 86' lang='lat' dir='ltr'><em>putat</em></span> <span class='ocrx_word' id='word_1_48' title='bbox 1603 729 1663 763; x_wconf 82' lang='lat' dir='ltr'><em>di-</em></span> 
     </span>
     <span class='ocr_line' id='line_1_9' title="bbox 128 775 1663 823; baseline -0.001 -11"><span class='ocrx_word' id='word_1_49' title='bbox 128 786 221 813; x_wconf 85' lang='lat' dir='ltr'><em>ctum</em></span> <span class='ocrx_word' id='word_1_50' title='bbox 245 791 322 813; x_wconf 86' lang='lat' dir='ltr'><em>esse</em></span> <span class='ocrx_word' id='word_1_51' title='bbox 351 775 613 823; x_wconf 77' lang='grc' dir='ltr'><strong>α’κυρώτερον,</strong></span> <span class='ocrx_word' id='word_1_52' title='bbox 639 788 765 823; x_wconf 89' lang='lat' dir='ltr'><em>parum</em></span> <span class='ocrx_word' id='word_1_53' title='bbox 787 777 956 823; x_wconf 85' lang='lat' dir='ltr'>proprie,</span> <span class='ocrx_word' id='word_1_54' title='bbox 985 787 1074 821; x_wconf 87' lang='lat' dir='ltr'><em>pro,</em></span> <span class='ocrx_word' id='word_1_55' title='bbox 1099 776 1341 822; x_wconf 71' lang='lat' dir='ltr'><em>longinquius</em></span> <span class='ocrx_word' id='word_1_56' title='bbox 1357 777 1571 823; x_wconf 75' lang='lat' dir='ltr'><em>diutiusque</em></span> <span class='ocrx_word' id='word_1_57' title='bbox 1590 778 1663 811; x_wconf 87' lang='lat' dir='ltr'><em>ad-</em></span> 
     </span>
    </p>
   </div>
   <div class='ocr_carea' id='block_1_7' title="bbox 128 834 541 908">
    <p class='ocr_par' dir='ltr' id='par_1_7' title="bbox 128 834 541 908">
     <span class='ocr_line' id='line_1_10' title="bbox 128 834 189 860; baseline 0.016 -1"><span class='ocrx_word' id='word_1_58' title='bbox 128 834 189 860; x_wconf 76' lang='lat' dir='ltr'><em>szt.</em></span> 
     </span>
     <span class='ocr_line' id='line_1_11' title="bbox 128 874 541 908; baseline -0.002 -2"><span class='ocrx_word' id='word_1_59' title='bbox 128 874 266 907; x_wconf 88' lang='lat' dir='ltr'><em>tatione</em></span> <span class='ocrx_word' id='word_1_60' title='bbox 288 885 365 907; x_wconf 90' lang='lat' dir='ltr'><em>cum</em></span> <span class='ocrx_word' id='word_1_61' title='bbox 382 874 541 908; x_wconf 79' lang='lat' dir='ltr'><em>rediens.</em></span> 
     </span>
    </p>
   </div>
   <div class='ocr_carea' id='block_1_8' title="bbox 287 823 1665 916">
    <p class='ocr_par' dir='ltr' id='par_1_8' title="bbox 287 823 1665 916">
     <span class='ocr_line' id='line_1_12' title="bbox 287 823 1664 870; baseline -0.002 -9"><span class='ocrx_word' id='word_1_62' title='bbox 287 828 328 862; x_wconf 91' lang='lat'><em>11</em></span> <span class='ocrx_word' id='word_1_63' title='bbox 355 828 509 860; x_wconf 81' lang='lat' dir='ltr'><em>veniens</em></span> <span class='ocrx_word' id='word_1_64' title='bbox 525 825 664 869; x_wconf 86' lang='lat' dir='ltr'><em>Menag.</em></span> <span class='ocrx_word' id='word_1_65' title='bbox 684 836 739 869; x_wconf 90' lang='lat' dir='ltr'><em>pr.</em></span> <span class='ocrx_word' id='word_1_66' title='bbox 789 824 959 858; x_wconf 75' lang='lat' dir='ltr'><em>residens</em></span> <span class='ocrx_word' id='word_1_67' title='bbox 981 823 1153 857; x_wconf 83' lang='lat' dir='ltr'><em>Rottend.</em></span> <span class='ocrx_word' id='word_1_68' title='bbox 1178 823 1290 866; x_wconf 87' lang='lat' dir='ltr'><em>alter,</em></span> <span class='ocrx_word' id='word_1_69' title='bbox 1323 831 1497 869; x_wconf 86' lang='lat' dir='ltr'><em>perpetua</em></span> <span class='ocrx_word' id='word_1_70' title='bbox 1517 836 1664 870; x_wconf 85' lang='lat' dir='ltr'><em>permu-</em></span> 
     </span>
     <span class='ocr_line' id='line_1_13' title="bbox 638 870 1665 916; baseline -0.002 -9"><span class='ocrx_word' id='word_1_71' title='bbox 638 873 683 907; x_wconf 75' lang='lat'><em>12</em></span> <span class='ocrx_word' id='word_1_72' title='bbox 706 871 883 913; x_wconf 84' lang='lat' dir='ltr'><em>Idimeas,</em></span> <span class='ocrx_word' id='word_1_73' title='bbox 908 871 1083 916; x_wconf 82' lang='lat' dir='ltr'><em>Idymeas</em></span> <span class='ocrx_word' id='word_1_74' title='bbox 1108 870 1173 916; x_wconf 77' lang='lat' dir='ltr'><em>(sic</em></span> <span class='ocrx_word' id='word_1_75' title='bbox 1198 870 1327 904; x_wconf 88' lang='lat' dir='ltr'><strong>Medic.</strong></span> <span class='ocrx_word' id='word_1_76' title='bbox 1350 872 1433 905; x_wconf 85' lang='lat' dir='ltr'><em>Vat.</em></span> <span class='ocrx_word' id='word_1_77' title='bbox 1456 871 1490 906; x_wconf 90' lang='grc'><em>5.</em></span> <span class='ocrx_word' id='word_1_78' title='bbox 1510 872 1563 913; x_wconf 87' lang='lat'><strong>8.;</strong></span> <span class='ocrx_word' id='word_1_79' title='bbox 1599 872 1665 905; x_wconf 88' lang='lat' dir='ltr'><em>sed</em></span> 
     </span>
    </p>
   </div>
   <div class='ocr_carea' id='block_1_9' title="bbox 128 918 1663 965">
    <p class='ocr_par' dir='ltr' id='par_1_9' title="bbox 128 918 1663 965">
     <span class='ocr_line' id='line_1_14' title="bbox 128 918 1663 965; baseline -0.001 -11"><span class='ocrx_word' id='word_1_80' title='bbox 128 920 166 953; x_wconf 87' lang='grc'><em>111</em></span> <span class='ocrx_word' id='word_1_81' title='bbox 183 921 312 954; x_wconf 84' lang='lat' dir='ltr'>Medic.</span> <span class='ocrx_word' id='word_1_82' title='bbox 335 933 358 953; x_wconf 90' lang='lat' dir='ltr'><strong><em>a</em></strong></span> <span class='ocrx_word' id='word_1_83' title='bbox 376 932 483 965; x_wconf 90' lang='lat' dir='ltr'><em>supra</em></span> <span class='ocrx_word' id='word_1_84' title='bbox 500 918 643 963; x_wconf 87' lang='lat' dir='ltr'><em>scripta.</em></span> <span class='ocrx_word' id='word_1_85' title='bbox 669 920 727 953; x_wconf 91' lang='lat' dir='ltr'><em>W</em></span> <span class='ocrx_word' id='word_1_86' title='bbox 720 918 778 963; x_wconf 82' lang='lat' dir='ltr'><em>r.),</em></span> <span class='ocrx_word' id='word_1_87' title='bbox 797 919 1012 964; x_wconf 85' lang='lat' dir='ltr'><em>Hydimeas,</em></span> <span class='ocrx_word' id='word_1_88' title='bbox 1038 925 1076 951; x_wconf 91' lang='lat' dir='ltr'><em>ut</em></span> <span class='ocrx_word' id='word_1_89' title='bbox 1092 930 1174 952; x_wconf 87' lang='lat' dir='ltr'><em>mox</em></span> <span class='ocrx_word' id='word_1_90' title='bbox 1187 919 1348 951; x_wconf 82' lang='lat' dir='ltr'><em>Mintius</em></span> <span class='ocrx_word' id='word_1_91' title='bbox 1363 918 1542 953; x_wconf 88' lang='lat' dir='ltr'><em>scribitur.</em></span> <span class='ocrx_word' id='word_1_92' title='bbox 1574 920 1663 953; x_wconf 86' lang='lat' dir='ltr'><em>Pri-</em></span> 
     </span>
    </p>
   </div>
   <div class='ocr_carea' id='block_1_10' title="bbox 128 965 776 1060">
    <p class='ocr_par' dir='ltr' id='par_1_10' title="bbox 128 965 776 1060">
     <span class='ocr_line' id='line_1_15' title="bbox 128 965 776 1010; baseline 0 -10"><span class='ocrx_word' id='word_1_93' title='bbox 128 980 211 1002; x_wconf 86' lang='lat' dir='ltr'><em>mus</em></span> <span class='ocrx_word' id='word_1_94' title='bbox 246 975 282 1001; x_wconf 88' lang='lat' dir='ltr'><em>et</em></span> <span class='ocrx_word' id='word_1_95' title='bbox 315 968 491 1001; x_wconf 82' lang='lat' dir='ltr'><em>Idumeas</em></span> <span class='ocrx_word' id='word_1_96' title='bbox 514 969 604 1010; x_wconf 81' lang='lat' dir='ltr'><strong>Reg.</strong></span> <span class='ocrx_word' id='word_1_97' title='bbox 630 965 776 1000; x_wconf 86' lang='lat' dir='ltr'><em>Martin.</em></span> 
     </span>
     <span class='ocr_line' id='line_1_16' title="bbox 128 1014 756 1060; baseline -0.003 -12"><span class='ocrx_word' id='word_1_98' title='bbox 128 1015 321 1060; x_wconf 83' lang='lat' dir='ltr'><em>Anglorum</em></span> <span class='ocrx_word' id='word_1_99' title='bbox 347 1014 460 1049; x_wconf 84' lang='lat' dir='ltr'><em>diario</em></span> <span class='ocrx_word' id='word_1_100' title='bbox 491 1014 638 1049; x_wconf 89' lang='lat' dir='ltr'><em>classico</em></span> <span class='ocrx_word' id='word_1_101' title='bbox 667 1014 756 1047; x_wconf 91' lang='lat' dir='ltr'><em>XX.</em></span> 
     </span>
    </p>
   </div>
   <div class='ocr_carea' id='block_1_11' title="bbox 787 961 1662 1058">
    <p class='ocr_par' dir='ltr' id='par_1_11' title="bbox 787 961 1662 1058">
     <span class='ocr_line' id='line_1_17' title="bbox 842 961 1371 1010; baseline 0 -11"><span class='ocrx_word' id='word_1_102' title='bbox 842 967 904 999; x_wconf 89' lang='lat' dir='ltr'><em>Est</em></span> <span class='ocrx_word' id='word_1_103' title='bbox 930 961 1106 1010; x_wconf 75' lang='grc' dir='ltr'><strong>Ἰδούμη,</strong></span> <span class='ocrx_word' id='word_1_104' title='bbox 1146 961 1371 1009; x_wconf 79' lang='grc' dir='ltr'><strong>Ἰδουμαῖος.</strong></span> 
     </span>
     <span class='ocr_line' id='line_1_18' title="bbox 787 1012 1662 1058; baseline 0.001 -12"><span class='ocrx_word' id='word_1_105' title='bbox 787 1025 824 1058; x_wconf 91' lang='lat' dir='ltr'><em>p.</em></span> <span class='ocrx_word' id='word_1_106' title='bbox 853 1014 936 1049; x_wconf 74' lang='lat'><strong>291.</strong></span> <span class='ocrx_word' id='word_1_107' title='bbox 968 1014 1166 1054; x_wconf 71' lang='lat' dir='ltr'><em>Itonaeas,</em></span> <span class='ocrx_word' id='word_1_108' title='bbox 1201 1012 1284 1046; x_wconf 89' lang='lat' dir='ltr'><em>coll.</em></span> <span class='ocrx_word' id='word_1_109' title='bbox 1312 1015 1400 1047; x_wconf 84' lang='lat' dir='ltr'><strong>Stat.</strong></span> <span class='ocrx_word' id='word_1_110' title='bbox 1435 1012 1555 1048; x_wconf 88' lang='lat' dir='ltr'>Theb.</span> <span class='ocrx_word' id='word_1_111' title='bbox 1581 1014 1662 1056; x_wconf 85' lang='lat' dir='ltr'><em>VII,</em></span> 
     </span>
    </p>
   </div>
   <div class='ocr_carea' id='block_1_12' title="bbox 1422 965 1664 1012">
    <p class='ocr_par' dir='ltr' id='par_1_12' title="bbox 1422 965 1664 1012">
     <span class='ocr_line' id='line_1_19' title="bbox 1422 965 1664 1012; baseline -0.004 -12"><span class='ocrx_word' id='word_1_112' title='bbox 1422 967 1600 1012; x_wconf 86' lang='lat' dir='ltr'><em>(Weston.</em></span> <span class='ocrx_word' id='word_1_113' title='bbox 1626 965 1664 999; x_wconf 85' lang='lat' dir='ltr'><em>in</em></span> 
     </span>
    </p>
   </div>
   <div class='ocr_carea' id='block_1_13' title="bbox 129 1060 1404 1106">
    <p class='ocr_par' dir='ltr' id='par_1_13' title="bbox 129 1060 1404 1106">
     <span class='ocr_line' id='line_1_20' title="bbox 129 1060 1404 1106; baseline -0.003 -8"><span class='ocrx_word' id='word_1_114' title='bbox 129 1064 223 1105; x_wconf 70' lang='lat'><em>721„</em></span> <span class='ocrx_word' id='word_1_115' title='bbox 249 1062 413 1096; x_wconf 88' lang='lat' dir='ltr'><em>coniecit.</em></span> <span class='ocrx_word' id='word_1_116' title='bbox 438 1062 548 1097; x_wconf 75' lang='lat' dir='ltr'><em>Iuhn.</em></span> <span class='ocrx_word' id='word_1_117' title='bbox 572 1081 617 1086; x_wconf 87' lang='lat'><em>——-</em></span> <span class='ocrx_word' id='word_1_118' title='bbox 643 1061 807 1094; x_wconf 86' lang='lat' dir='ltr'><em>Ceterum</em></span> <span class='ocrx_word' id='word_1_119' title='bbox 825 1060 897 1095; x_wconf 86' lang='lat' dir='ltr'><em>vid.</em></span> <span class='ocrx_word' id='word_1_120' title='bbox 919 1062 964 1103; x_wconf 88' lang='lat' dir='ltr'><em>Q.</em></span> <span class='ocrx_word' id='word_1_121' title='bbox 982 1061 1028 1096; x_wconf 86' lang='lat' dir='ltr'><strong>V.</strong></span> <span class='ocrx_word' id='word_1_122' title='bbox 1049 1060 1215 1102; x_wconf 89' lang='lat' dir='ltr'><strong>XXXX,</strong></span> <span class='ocrx_word' id='word_1_123' title='bbox 1242 1061 1274 1095; x_wconf 90' lang='lat'><em>1.</em></span> <span class='ocrx_word' id='word_1_124' title='bbox 1305 1060 1404 1106; x_wconf 84' lang='lat' dir='ltr'><em>Wr.)</em></span> 
     </span>
    </p>
   </div>
   <div class='ocr_carea' id='block_1_14' title="bbox 124 1179 874 3042">
    <p class='ocr_par' dir='ltr' id='par_1_14' title="bbox 124 1179 871 1981">
     <span class='ocr_line' id='line_1_21' title="bbox 129 1179 865 1234; baseline -0.001 -15"><span class='ocrx_word' id='word_1_125' title='bbox 129 1181 275 1234; x_wconf 88' lang='lat' dir='ltr'><em>agitur.</em></span> <span class='ocrx_word' id='word_1_126' title='bbox 334 1180 426 1220; x_wconf 91' lang='lat' dir='ltr'><em>Non</em></span> <span class='ocrx_word' id='word_1_127' title='bbox 447 1180 552 1219; x_wconf 82' lang='lat' dir='ltr'><em>male</em></span> <span class='ocrx_word' id='word_1_128' title='bbox 576 1179 762 1219; x_wconf 84' lang='lat' dir='ltr'><em>Servius:</em></span> <span class='ocrx_word' id='word_1_129' title='bbox 798 1181 865 1220; x_wconf 70' lang='lat' dir='ltr'><em>vi·-</em></span> 
     </span>
     <span class='ocr_line' id='line_1_22' title="bbox 128 1238 861 1293; baseline -0.004 -14"><span class='ocrx_word' id='word_1_130' title='bbox 128 1248 236 1290; x_wconf 86' lang='lat' dir='ltr'><em>ctor,</em></span> <span class='ocrx_word' id='word_1_131' title='bbox 277 1238 441 1293; x_wconf 82' lang='lat' dir='ltr'><em>effector</em></span> <span class='ocrx_word' id='word_1_132' title='bbox 461 1240 664 1291; x_wconf 77' lang='lat' dir='ltr'><em>propositi</em></span> <span class='ocrx_word' id='word_1_133' title='bbox 692 1246 730 1276; x_wconf 91' lang='lat' dir='ltr'><em>et</em></span> <span class='ocrx_word' id='word_1_134' title='bbox 763 1239 861 1277; x_wconf 72' lang='lat' dir='ltr'><em>voti.</em></span> 
     </span>
     <span class='ocr_line' id='line_1_23' title="bbox 127 1297 866 1348; baseline -0.004 -11"><span class='ocrx_word' id='word_1_135' title='bbox 127 1298 289 1337; x_wconf 85' lang='lat' dir='ltr'><em>Lucret.</em></span> <span class='ocrx_word' id='word_1_136' title='bbox 321 1298 359 1348; x_wconf 90' lang='grc' dir='ltr'><em>Ι,</em></span> <span class='ocrx_word' id='word_1_137' title='bbox 403 1300 459 1340; x_wconf 88' lang='grc'><em>76</em></span> <span class='ocrx_word' id='word_1_138' title='bbox 519 1297 648 1336; x_wconf 85' lang='lat' dir='ltr'><em>Omne</em></span> <span class='ocrx_word' id='word_1_139' title='bbox 691 1298 866 1334; x_wconf 64' lang='lat' dir='ltr'><em>inemen-</em></span> 
     </span>
     <span class='ocr_line' id='line_1_24' title="bbox 128 1356 866 1408; baseline -0.001 -14"><span class='ocrx_word' id='word_1_140' title='bbox 128 1371 220 1394; x_wconf 86' lang='lat' dir='ltr'><em>sum</em></span> <span class='ocrx_word' id='word_1_141' title='bbox 257 1357 502 1408; x_wconf 74' lang='lat' dir='ltr'><em>peragravit</em></span> <span class='ocrx_word' id='word_1_142' title='bbox 550 1356 777 1407; x_wconf 86' lang='lat' dir='ltr'><em>Epicurus,</em></span> <span class='ocrx_word' id='word_1_143' title='bbox 807 1376 866 1384; x_wconf 89' lang='lat'><em>-</em></span> 
     </span>
     <span class='ocr_line' id='line_1_25' title="bbox 138 1411 870 1466; baseline -0.003 -14"><span class='ocrx_word' id='word_1_144' title='bbox 138 1415 254 1453; x_wconf 81' lang='lat' dir='ltr'><em>Unde</em></span> <span class='ocrx_word' id='word_1_145' title='bbox 283 1414 402 1466; x_wconf 83' lang='lat' dir='ltr'><em>refert</em></span> <span class='ocrx_word' id='word_1_146' title='bbox 428 1413 542 1452; x_wconf 83' lang='lat' dir='ltr'><em>nobis</em></span> <span class='ocrx_word' id='word_1_147' title='bbox 570 1413 727 1463; x_wconf 87' lang='lat' dir='ltr'><em>victor,</em></span> <span class='ocrx_word' id='word_1_148' title='bbox 767 1411 870 1466; x_wconf 80' lang='lat' dir='ltr'><em>quid</em></span> 
     </span>
     <span class='ocr_line' id='line_1_26' title="bbox 124 1474 866 1526; baseline -0.003 -15"><span class='ocrx_word' id='word_1_149' title='bbox 124 1474 257 1526; x_wconf 88' lang='lat' dir='ltr'><em>possit</em></span> <span class='ocrx_word' id='word_1_150' title='bbox 276 1474 371 1511; x_wconf 86' lang='lat' dir='ltr'><em>oriri</em></span> <span class='ocrx_word' id='word_1_151' title='bbox 392 1478 468 1511; x_wconf 85' lang='lat' dir='ltr'><em>etc.</em></span> <span class='ocrx_word' id='word_1_152' title='bbox 498 1474 675 1512; x_wconf 71' lang='lat' dir='ltr'><em>virorum</em></span> <span class='ocrx_word' id='word_1_153' title='bbox 691 1486 770 1523; x_wconf 87' lang='lat' dir='ltr'><em>per</em></span> <span class='ocrx_word' id='word_1_154' title='bbox 794 1484 866 1509; x_wconf 80' lang='lat' dir='ltr'><em>ora</em></span> 
     </span>
     <span class='ocr_line' id='line_1_27' title="bbox 128 1529 868 1582; baseline -0.005 -11"><span class='ocrx_word' id='word_1_155' title='bbox 128 1532 298 1572; x_wconf 69' lang='lat' dir='ltr'><em>volitare</em></span> <span class='ocrx_word' id='word_1_156' title='bbox 316 1562 327 1582; x_wconf 93' lang='lat'><em>,</em></span> <span class='ocrx_word' id='word_1_157' title='bbox 371 1531 556 1570; x_wconf 89' lang='lat' dir='ltr'><em>ornatius</em></span> <span class='ocrx_word' id='word_1_158' title='bbox 585 1544 728 1582; x_wconf 88' lang='lat' dir='ltr'><em>quam,</em></span> <span class='ocrx_word' id='word_1_159' title='bbox 770 1529 868 1568; x_wconf 83' lang='lat' dir='ltr'><em>ferri</em></span> 
     </span>
     <span class='ocr_line' id='line_1_28' title="bbox 129 1589 865 1643; baseline -0.004 -15"><span class='ocrx_word' id='word_1_160' title='bbox 129 1603 202 1643; x_wconf 88' lang='lat' dir='ltr'><em>per</em></span> <span class='ocrx_word' id='word_1_161' title='bbox 231 1603 321 1640; x_wconf 84' lang='lat' dir='ltr'><em>ora,</em></span> <span class='ocrx_word' id='word_1_162' title='bbox 355 1589 399 1628; x_wconf 93' lang='lat' dir='ltr'><em>in</em></span> <span class='ocrx_word' id='word_1_163' title='bbox 439 1603 508 1628; x_wconf 88' lang='lat' dir='ltr'><em>ore</em></span> <span class='ocrx_word' id='word_1_164' title='bbox 548 1589 731 1628; x_wconf 87' lang='lat' dir='ltr'><em>omnium</em></span> <span class='ocrx_word' id='word_1_165' title='bbox 770 1600 865 1626; x_wconf 87' lang='lat' dir='ltr'><em>esse.</em></span> 
     </span>
     <span class='ocr_line' id='line_1_29' title="bbox 130 1646 867 1687; baseline -0.004 0"><span class='ocrx_word' id='word_1_166' title='bbox 130 1649 284 1687; x_wconf 77' lang='lat' dir='ltr'><em>Notum</em></span> <span class='ocrx_word' id='word_1_167' title='bbox 317 1654 455 1686; x_wconf 88' lang='lat' dir='ltr'><em>autem</em></span> <span class='ocrx_word' id='word_1_168' title='bbox 488 1647 610 1686; x_wconf 89' lang='lat' dir='ltr'><em>Ennii</em></span> <span class='ocrx_word' id='word_1_169' title='bbox 637 1646 762 1685; x_wconf 87' lang='lat' dir='ltr'><em>illud:</em></span> <span class='ocrx_word' id='word_1_170' title='bbox 791 1660 867 1685; x_wconf 76' lang='grc' dir='ltr'>νο·-</span> 
     </span>
     <span class='ocr_line' id='line_1_30' title="bbox 130 1704 868 1758; baseline -0.004 -13"><span class='ocrx_word' id='word_1_171' title='bbox 130 1707 202 1745; x_wconf 77' lang='lat' dir='ltr'><em>lito</em></span> <span class='ocrx_word' id='word_1_172' title='bbox 219 1708 338 1745; x_wconf 69' lang='lat' dir='ltr'><em>vivus</em></span> <span class='ocrx_word' id='word_1_173' title='bbox 350 1722 430 1758; x_wconf 82' lang='lat' dir='ltr'><em>per</em></span> <span class='ocrx_word' id='word_1_174' title='bbox 446 1721 517 1744; x_wconf 81' lang='lat' dir='ltr'><em>ora</em></span> <span class='ocrx_word' id='word_1_175' title='bbox 535 1707 678 1745; x_wconf 67' lang='lat' dir='ltr'><em>virum.</em></span> <span class='ocrx_word' id='word_1_176' title='bbox 707 1704 868 1743; x_wconf 88' lang='lat' dir='ltr'><em>Sollen-</em></span> 
     </span>
     <span class='ocr_line' id='line_1_31' title="bbox 130 1763 870 1817; baseline -0.005 -13"><span class='ocrx_word' id='word_1_177' title='bbox 130 1778 182 1804; x_wconf 85' lang='lat' dir='ltr'><em>ne</em></span> <span class='ocrx_word' id='word_1_178' title='bbox 202 1778 327 1817; x_wconf 89' lang='lat' dir='ltr'><em>porro</em></span> <span class='ocrx_word' id='word_1_179' title='bbox 357 1765 506 1803; x_wconf 85' lang='lat' dir='ltr'><em>samam</em></span> <span class='ocrx_word' id='word_1_180' title='bbox 529 1763 781 1816; x_wconf 87' lang='lat' dir='ltr'><em>nominisque</em></span> <span class='ocrx_word' id='word_1_181' title='bbox 800 1775 870 1801; x_wconf 88' lang='lat' dir='ltr'><em>ce-</em></span> 
     </span>
     <span class='ocr_line' id='line_1_32' title="bbox 130 1821 871 1875; baseline -0.004 -14"><span class='ocrx_word' id='word_1_182' title='bbox 130 1823 363 1862; x_wconf 85' lang='lat' dir='ltr'><em>lebritatem</em></span> <span class='ocrx_word' id='word_1_183' title='bbox 395 1835 469 1875; x_wconf 87' lang='lat' dir='ltr'><em>per</em></span> <span class='ocrx_word' id='word_1_184' title='bbox 507 1823 695 1862; x_wconf 84' lang='lat' dir='ltr'><em>volatum</em></span> <span class='ocrx_word' id='word_1_185' title='bbox 732 1821 871 1859; x_wconf 87' lang='lat' dir='ltr'><em>decla-</em></span> 
     </span>
     <span class='ocr_line' id='line_1_33' title="bbox 130 1879 869 1931; baseline -0.004 -11"><span class='ocrx_word' id='word_1_186' title='bbox 130 1880 244 1931; x_wconf 68' lang='grc'><strong>13115</strong></span> <span class='ocrx_word' id='word_1_187' title='bbox 283 1881 447 1920; x_wconf 87' lang='lat' dir='ltr'><em>ornavit</em></span> <span class='ocrx_word' id='word_1_188' title='bbox 484 1880 694 1919; x_wconf 86' lang='lat' dir='ltr'><em>notionem</em></span> <span class='ocrx_word' id='word_1_189' title='bbox 725 1879 869 1918; x_wconf 83' lang='lat' dir='ltr'><em>Horat.</em></span> 
     </span>
     <span class='ocr_line' id='line_1_34' title="bbox 131 1939 406 1981; baseline 0 -3"><span class='ocrx_word' id='word_1_190' title='bbox 131 1939 167 1979; x_wconf 87' lang='grc' dir='ltr'><em>ΙΙ</em></span> <span class='ocrx_word' id='word_1_191' title='bbox 186 1940 317 1979; x_wconf 83' lang='lat' dir='ltr'><em>carm.</em></span> <span class='ocrx_word' id='word_1_192' title='bbox 337 1942 406 1981; x_wconf 79' lang='lat'><em>20.</em></span> 
     </span>
    </p>

    <p class='ocr_par' dir='ltr' id='par_1_15' title="bbox 132 1995 874 3042">
     <span class='ocr_line' id='line_1_35' title="bbox 194 1995 871 2048; baseline -0.01 -8"><span class='ocrx_word' id='word_1_193' title='bbox 194 2000 248 2039; x_wconf 88' lang='grc'><em>10</em></span> <span class='ocrx_word' id='word_1_194' title='bbox 268 2020 327 2027; x_wconf 90' lang='lat'>—</span> <span class='ocrx_word' id='word_1_195' title='bbox 348 2000 416 2039; x_wconf 86' lang='lat'><em>13.</em></span> <span class='ocrx_word' id='word_1_196' title='bbox 459 1996 619 2036; x_wconf 89' lang='lat' dir='ltr'><em>Primus</em></span> <span class='ocrx_word' id='word_1_197' title='bbox 655 2009 726 2048; x_wconf 90' lang='lat' dir='ltr'><em>ego</em></span> <span class='ocrx_word' id='word_1_198' title='bbox 762 1995 871 2034; x_wconf 87' lang='lat' dir='ltr'><em>inter</em></span> 
     </span>
     <span class='ocr_line' id='line_1_36' title="bbox 132 2055 872 2107; baseline -0.005 -12"><span class='ocrx_word' id='word_1_199' title='bbox 132 2055 377 2095; x_wconf 87' lang='lat' dir='ltr'><em>Mantuanos</em></span> <span class='ocrx_word' id='word_1_200' title='bbox 399 2069 548 2094; x_wconf 88' lang='lat' dir='ltr'><em>nomen</em></span> <span class='ocrx_word' id='word_1_201' title='bbox 564 2061 708 2107; x_wconf 88' lang='lat' dir='ltr'><em>poetae</em></span> <span class='ocrx_word' id='word_1_202' title='bbox 728 2067 872 2092; x_wconf 81' lang='lat' dir='ltr'><em>conse-</em></span> 
     </span>
     <span class='ocr_line' id='line_1_37' title="bbox 133 2113 872 2167; baseline -0.003 -14"><span class='ocrx_word' id='word_1_203' title='bbox 133 2128 248 2166; x_wconf 87' lang='lat' dir='ltr'><em>quar.</em></span> <span class='ocrx_word' id='word_1_204' title='bbox 290 2113 345 2153; x_wconf 90' lang='lat' dir='ltr'><em>At</em></span> <span class='ocrx_word' id='word_1_205' title='bbox 361 2113 442 2153; x_wconf 92' lang='grc'><strong>1100</strong></span> <span class='ocrx_word' id='word_1_206' title='bbox 459 2113 669 2167; x_wconf 77' lang='lat' dir='ltr'><em>splendide</em></span> <span class='ocrx_word' id='word_1_207' title='bbox 688 2113 872 2151; x_wconf 81' lang='lat' dir='ltr'><em>elocutus</em></span> 
     </span>
     <span class='ocr_line' id='line_1_38' title="bbox 133 2171 871 2212; baseline -0.003 -1"><span class='ocrx_word' id='word_1_208' title='bbox 133 2178 203 2212; x_wconf 88' lang='lat' dir='ltr'><em>est.</em></span> <span class='ocrx_word' id='word_1_209' title='bbox 259 2174 436 2211; x_wconf 81' lang='lat' dir='ltr'><em>Primus.</em></span> <span class='ocrx_word' id='word_1_210' title='bbox 495 2173 603 2211; x_wconf 88' lang='lat' dir='ltr'><em>Bene</em></span> <span class='ocrx_word' id='word_1_211' title='bbox 654 2171 871 2210; x_wconf 87' lang='lat' dir='ltr'><em>Serviana:</em></span> 
     </span>
     <span class='ocr_line' id='line_1_39' title="bbox 132 2230 872 2284; baseline -0.004 -13"><span class='ocrx_word' id='word_1_212' title='bbox 132 2231 233 2271; x_wconf 84' lang='lat' dir='ltr'><em>Ideo</em></span> <span class='ocrx_word' id='word_1_213' title='bbox 260 2231 438 2283; x_wconf 84' lang='lat' dir='ltr'><em>primuS,</em></span> <span class='ocrx_word' id='word_1_214' title='bbox 495 2231 607 2284; x_wconf 80' lang='lat' dir='ltr'><em>quod</em></span> <span class='ocrx_word' id='word_1_215' title='bbox 629 2239 722 2268; x_wconf 84' lang='lat' dir='ltr'><em>ante</em></span> <span class='ocrx_word' id='word_1_216' title='bbox 752 2230 872 2268; x_wconf 84' lang='lat' dir='ltr'><em>illum</em></span> 
     </span>
     <span class='ocr_line' id='line_1_40' title="bbox 133 2288 869 2340; baseline 0 -13"><span class='ocrx_word' id='word_1_217' title='bbox 133 2290 272 2327; x_wconf 77' lang='lat' dir='ltr'><em>nullas</em></span> <span class='ocrx_word' id='word_1_218' title='bbox 320 2291 577 2327; x_wconf 80' lang='lat' dir='ltr'><em>Mantuanus</em></span> <span class='ocrx_word' id='word_1_219' title='bbox 615 2297 741 2340; x_wconf 82' lang='lat' dir='ltr'><em>poeta</em></span> <span class='ocrx_word' id='word_1_220' title='bbox 765 2288 869 2340; x_wconf 88' lang='lat' dir='ltr'><em>fuit.</em></span> 
     </span>
     <span class='ocr_line' id='line_1_41' title="bbox 133 2346 869 2399; baseline -0.003 -13"><span class='ocrx_word' id='word_1_221' title='bbox 133 2346 285 2399; x_wconf 87' lang='lat' dir='ltr'><em>Argute</em></span> <span class='ocrx_word' id='word_1_222' title='bbox 310 2347 434 2399; x_wconf 82' lang='lat' dir='ltr'><em>magis</em></span> <span class='ocrx_word' id='word_1_223' title='bbox 462 2361 582 2399; x_wconf 86' lang='lat' dir='ltr'><em>quam</em></span> <span class='ocrx_word' id='word_1_224' title='bbox 613 2360 710 2386; x_wconf 90' lang='lat' dir='ltr'><em>vere</em></span> <span class='ocrx_word' id='word_1_225' title='bbox 746 2346 869 2385; x_wconf 88' lang='lat' dir='ltr'><em>modo</em></span> 
     </span>
     <span class='ocr_line' id='line_1_42' title="bbox 135 2405 872 2459; baseline -0.003 -15"><span class='ocrx_word' id='word_1_226' title='bbox 135 2405 298 2444; x_wconf 87' lang='lat' dir='ltr'><em>Graecis</em></span> <span class='ocrx_word' id='word_1_227' title='bbox 321 2405 449 2459; x_wconf 83' lang='lat' dir='ltr'><em>poetis</em></span> <span class='ocrx_word' id='word_1_228' title='bbox 480 2405 668 2444; x_wconf 83' lang='lat' dir='ltr'><em>carminis</em></span> <span class='ocrx_word' id='word_1_229' title='bbox 696 2405 872 2457; x_wconf 88' lang='lat' dir='ltr'><em>palmam</em></span> 
     </span>
     <span class='ocr_line' id='line_1_43' title="bbox 135 2463 872 2516; baseline -0.001 -14"><span class='ocrx_word' id='word_1_230' title='bbox 135 2464 316 2516; x_wconf 86' lang='lat' dir='ltr'><em>eripere,</em></span> <span class='ocrx_word' id='word_1_231' title='bbox 356 2463 503 2514; x_wconf 87' lang='lat' dir='ltr'><em>modo,</em></span> <span class='ocrx_word' id='word_1_232' title='bbox 544 2463 655 2515; x_wconf 86' lang='lat' dir='ltr'><em>quod</em></span> <span class='ocrx_word' id='word_1_233' title='bbox 678 2464 872 2502; x_wconf 89' lang='lat' dir='ltr'><em>Catroeus</em></span> 
     </span>
     <span class='ocr_line' id='line_1_44' title="bbox 136 2521 873 2572; baseline -0.001 -12"><span class='ocrx_word' id='word_1_234' title='bbox 136 2528 388 2560; x_wconf 85' lang='lat' dir='ltr'><em>commentus</em></span> <span class='ocrx_word' id='word_1_235' title='bbox 423 2527 505 2572; x_wconf 89' lang='lat' dir='ltr'><em>est,</em></span> <span class='ocrx_word' id='word_1_236' title='bbox 555 2523 633 2560; x_wconf 86' lang='lat' dir='ltr'><em>iter</em></span> <span class='ocrx_word' id='word_1_237' title='bbox 663 2521 709 2560; x_wconf 90' lang='lat' dir='ltr'><em>in</em></span> <span class='ocrx_word' id='word_1_238' title='bbox 742 2522 873 2560; x_wconf 88' lang='lat' dir='ltr'><em>Grae-</em></span> 
     </span>
     <span class='ocr_line' id='line_1_45' title="bbox 136 2579 872 2632; baseline 0 -14"><span class='ocrx_word' id='word_1_239' title='bbox 136 2580 239 2619; x_wconf 87' lang='lat' dir='ltr'><em>ciam</em></span> <span class='ocrx_word' id='word_1_240' title='bbox 283 2579 483 2632; x_wconf 88' lang='lat' dir='ltr'><em>suscipere</em></span> <span class='ocrx_word' id='word_1_241' title='bbox 541 2580 644 2619; x_wconf 88' lang='lat' dir='ltr'><em>velle</em></span> <span class='ocrx_word' id='word_1_242' title='bbox 687 2586 872 2632; x_wconf 85' lang='lat' dir='ltr'><em>putatur.</em></span> 
     </span>
     <span class='ocr_line' id='line_1_46' title="bbox 137 2638 873 2691; baseline -0.001 -14"><span class='ocrx_word' id='word_1_243' title='bbox 137 2638 221 2687; x_wconf 75' lang='lat' dir='ltr'><em>Qui</em></span> <span class='ocrx_word' id='word_1_244' title='bbox 240 2638 396 2691; x_wconf 88' lang='lat' dir='ltr'><em>primus</em></span> <span class='ocrx_word' id='word_1_245' title='bbox 414 2638 521 2676; x_wconf 85' lang='lat' dir='ltr'><em>inter</em></span> <span class='ocrx_word' id='word_1_246' title='bbox 541 2639 714 2689; x_wconf 85' lang='lat' dir='ltr'><em>aliquem</em></span> <span class='ocrx_word' id='word_1_247' title='bbox 737 2652 873 2691; x_wconf 88' lang='lat' dir='ltr'><em>popu-</em></span> 
     </span>
     <span class='ocr_line' id='line_1_47' title="bbox 135 2696 874 2750; baseline -0.003 -15"><span class='ocrx_word' id='word_1_248' title='bbox 135 2697 222 2736; x_wconf 90' lang='lat' dir='ltr'><em>lum</em></span> <span class='ocrx_word' id='word_1_249' title='bbox 257 2703 379 2750; x_wconf 86' lang='lat' dir='ltr'><em>poeta</em></span> <span class='ocrx_word' id='word_1_250' title='bbox 415 2696 615 2746; x_wconf 79' lang='lat' dir='ltr'><em>clarescit,</em></span> <span class='ocrx_word' id='word_1_251' title='bbox 656 2696 690 2734; x_wconf 90' lang='lat' dir='ltr'><em>is</em></span> <span class='ocrx_word' id='word_1_252' title='bbox 720 2699 874 2735; x_wconf 81' lang='lat' dir='ltr'><em>Musas</em></span> 
     </span>
     <span class='ocr_line' id='line_1_48' title="bbox 136 2754 873 2806; baseline -0.001 -13"><span class='ocrx_word' id='word_1_253' title='bbox 136 2769 271 2793; x_wconf 88' lang='lat' dir='ltr'><em>secum</em></span> <span class='ocrx_word' id='word_1_254' title='bbox 314 2757 358 2793; x_wconf 86' lang='lat' dir='ltr'><em>in</em></span> <span class='ocrx_word' id='word_1_255' title='bbox 388 2756 576 2806; x_wconf 85' lang='lat' dir='ltr'><em>patriam</em></span> <span class='ocrx_word' id='word_1_256' title='bbox 610 2754 750 2792; x_wconf 86' lang='lat' dir='ltr'><em>ducere</em></span> <span class='ocrx_word' id='word_1_257' title='bbox 794 2754 873 2792; x_wconf 86' lang='lat' dir='ltr'><em>dici</em></span> 
     </span>
     <span class='ocr_line' id='line_1_49' title="bbox 136 2811 872 2866; baseline -0.004 -14"><span class='ocrx_word' id='word_1_258' title='bbox 136 2819 294 2866; x_wconf 85' lang='lat' dir='ltr'><em>potest,</em></span> <span class='ocrx_word' id='word_1_259' title='bbox 326 2819 368 2852; x_wconf 87' lang='lat' dir='ltr'><em>et</em></span> <span class='ocrx_word' id='word_1_260' title='bbox 385 2812 567 2851; x_wconf 90' lang='lat' dir='ltr'><em>ornatius</em></span> <span class='ocrx_word' id='word_1_261' title='bbox 592 2811 644 2850; x_wconf 85' lang='lat' dir='ltr'><em>ab</em></span> <span class='ocrx_word' id='word_1_262' title='bbox 661 2813 872 2862; x_wconf 78' lang='lat' dir='ltr'><em>Helicone,</em></span> 
     </span>
     <span class='ocr_line' id='line_1_50' title="bbox 137 2869 873 2922; baseline -0.004 -11"><span class='ocrx_word' id='word_1_263' title='bbox 137 2872 346 2922; x_wconf 83' lang='lat' dir='ltr'><em>Boeotiae,</em></span> <span class='ocrx_word' id='word_1_264' title='bbox 386 2870 568 2910; x_wconf 82' lang='lat' dir='ltr'><em>Aonibus</em></span> <span class='ocrx_word' id='word_1_265' title='bbox 593 2870 690 2909; x_wconf 89' lang='lat' dir='ltr'><em>olim</em></span> <span class='ocrx_word' id='word_1_266' title='bbox 708 2869 873 2909; x_wconf 84' lang='lat' dir='ltr'><em>habita-</em></span> 
     </span>
     <span class='ocr_line' id='line_1_51' title="bbox 137 2928 874 2980; baseline -0.003 -12"><span class='ocrx_word' id='word_1_267' title='bbox 137 2936 224 2980; x_wconf 87' lang='lat' dir='ltr'><em>tae,</em></span> <span class='ocrx_word' id='word_1_268' title='bbox 264 2935 421 2980; x_wconf 82' lang='lat' dir='ltr'><em>monte3</em></span> <span class='ocrx_word' id='word_1_269' title='bbox 458 2929 567 2968; x_wconf 81' lang='lat' dir='ltr'><em>idem</em></span> <span class='ocrx_word' id='word_1_270' title='bbox 603 2928 746 2980; x_wconf 58' lang='lat' dir='ltr'><em>referre</em></span> <span class='ocrx_word' id='word_1_271' title='bbox 782 2929 874 2967; x_wconf 90' lang='lat' dir='ltr'><em>lau-</em></span> 
     </span>
     <span class='ocr_line' id='line_1_52' title="bbox 141 2987 873 3042; baseline -0.001 -15"><span class='ocrx_word' id='word_1_272' title='bbox 141 2988 255 3039; x_wconf 88' lang='lat' dir='ltr'><em>dem,</em></span> <span class='ocrx_word' id='word_1_273' title='bbox 285 2988 476 3042; x_wconf 85' lang='lat' dir='ltr'><em>gloriam,</em></span> <span class='ocrx_word' id='word_1_274' title='bbox 506 2987 707 3041; x_wconf 88' lang='lat' dir='ltr'><em>praemia,</em></span> <span class='ocrx_word' id='word_1_275' title='bbox 737 2987 873 3027; x_wconf 86' lang='lat' dir='ltr'><em>victo-</em></span> 
     </span>
    </p>
   </div>
   <div class='ocr_carea' id='block_1_15' title="bbox 917 1178 1667 3042">
    <p class='ocr_par' dir='ltr' id='par_1_16' title="bbox 917 1178 1667 2618">
     <span class='ocr_line' id='line_1_53' title="bbox 923 1178 1664 1232; baseline 0.001 -15"><span class='ocrx_word' id='word_1_276' title='bbox 923 1178 1007 1218; x_wconf 88' lang='lat' dir='ltr'><em>riae</em></span> <span class='ocrx_word' id='word_1_277' title='bbox 1026 1178 1219 1232; x_wconf 86' lang='lat' dir='ltr'><em>insignia,</em></span> <span class='ocrx_word' id='word_1_278' title='bbox 1246 1179 1442 1230; x_wconf 86' lang='lat' dir='ltr'><em>palmam</em></span> <span class='ocrx_word' id='word_1_279' title='bbox 1470 1178 1550 1218; x_wconf 84' lang='lat' dir='ltr'><em>dici</em></span> <span class='ocrx_word' id='word_1_280' title='bbox 1567 1185 1664 1232; x_wconf 84' lang='lat' dir='ltr'><em>pot-</em></span> 
     </span>
     <span class='ocr_line' id='line_1_54' title="bbox 924 1239 1664 1290; baseline 0 -14"><span class='ocrx_word' id='word_1_281' title='bbox 924 1243 1005 1288; x_wconf 88' lang='lat' dir='ltr'><em>est,</em></span> <span class='ocrx_word' id='word_1_282' title='bbox 1044 1242 1232 1290; x_wconf 73' lang='lat' dir='ltr'><em>respectu</em></span> <span class='ocrx_word' id='word_1_283' title='bbox 1266 1239 1532 1276; x_wconf 84' lang='lat' dir='ltr'><em>certaminum</em></span> <span class='ocrx_word' id='word_1_284' title='bbox 1569 1252 1664 1276; x_wconf 85' lang='lat' dir='ltr'><em>mu·-</em></span> 
     </span>
     <span class='ocr_line' id='line_1_55' title="bbox 923 1295 1664 1347; baseline 0.001 -13"><span class='ocrx_word' id='word_1_285' title='bbox 923 1297 1096 1334; x_wconf 87' lang='lat' dir='ltr'><em>sicorum</em></span> <span class='ocrx_word' id='word_1_286' title='bbox 1111 1326 1122 1345; x_wconf 90' lang='lat'><em>‚</em></span> <span class='ocrx_word' id='word_1_287' title='bbox 1149 1307 1252 1347; x_wconf 89' lang='lat' dir='ltr'><em>quae</em></span> <span class='ocrx_word' id='word_1_288' title='bbox 1267 1295 1376 1334; x_wconf 90' lang='lat' dir='ltr'><em>inter</em></span> <span class='ocrx_word' id='word_1_289' title='bbox 1394 1296 1569 1335; x_wconf 87' lang='lat' dir='ltr'><em>Graecos</em></span> <span class='ocrx_word' id='word_1_290' title='bbox 1585 1295 1664 1335; x_wconf 86' lang='lat' dir='ltr'><em>ha-</em></span> 
     </span>
     <span class='ocr_line' id='line_1_56' title="bbox 922 1353 1665 1394; baseline 0.001 -1"><span class='ocrx_word' id='word_1_291' title='bbox 922 1354 1011 1394; x_wconf 87' lang='lat' dir='ltr'><em>beri</em></span> <span class='ocrx_word' id='word_1_292' title='bbox 1029 1354 1226 1393; x_wconf 85' lang='lat' dir='ltr'><em>solebant.</em></span> <span class='ocrx_word' id='word_1_293' title='bbox 1285 1353 1511 1394; x_wconf 85' lang='lat' dir='ltr'><em>Idumaeas</em></span> <span class='ocrx_word' id='word_1_294' title='bbox 1527 1361 1665 1394; x_wconf 88' lang='lat' dir='ltr'><em>autem</em></span> 
     </span>
     <span class='ocr_line' id='line_1_57' title="bbox 918 1411 1663 1466; baseline 0.001 -15"><span class='ocrx_word' id='word_1_295' title='bbox 918 1414 1092 1465; x_wconf 84' lang='lat' dir='ltr'><em>palmas</em></span> <span class='ocrx_word' id='word_1_296' title='bbox 1130 1411 1292 1465; x_wconf 88' lang='lat' dir='ltr'><em>poetico</em></span> <span class='ocrx_word' id='word_1_297' title='bbox 1328 1412 1448 1465; x_wconf 87' lang='lat' dir='ltr'><em>plane</em></span> <span class='ocrx_word' id='word_1_298' title='bbox 1482 1413 1663 1466; x_wconf 86' lang='lat' dir='ltr'><em>epitheto</em></span> 
     </span>
     <span class='ocr_line' id='line_1_58' title="bbox 926 1470 1665 1525; baseline 0.001 -15"><span class='ocrx_word' id='word_1_299' title='bbox 926 1471 1171 1525; x_wconf 83' lang='lat' dir='ltr'><em>appellavit,</em></span> <span class='ocrx_word' id='word_1_300' title='bbox 1212 1484 1236 1509; x_wconf 88' lang='lat' dir='ltr'><em>a</em></span> <span class='ocrx_word' id='word_1_301' title='bbox 1275 1470 1402 1510; x_wconf 90' lang='lat' dir='ltr'><em>nobili</em></span> <span class='ocrx_word' id='word_1_302' title='bbox 1426 1471 1563 1524; x_wconf 88' lang='lat' dir='ltr'><em>aliquo</em></span> <span class='ocrx_word' id='word_1_303' title='bbox 1592 1485 1665 1525; x_wconf 89' lang='lat' dir='ltr'><em>ge-</em></span> 
     </span>
     <span class='ocr_line' id='line_1_59' title="bbox 925 1530 1666 1584; baseline 0 -15"><span class='ocrx_word' id='word_1_304' title='bbox 925 1543 1034 1570; x_wconf 87' lang='lat' dir='ltr'><em>nere.</em></span> <span class='ocrx_word' id='word_1_305' title='bbox 1095 1530 1269 1569; x_wconf 84' lang='lat' dir='ltr'><em>Idumen</em></span> <span class='ocrx_word' id='word_1_306' title='bbox 1289 1535 1434 1582; x_wconf 85' lang='lat' dir='ltr'><em>poetae</em></span> <span class='ocrx_word' id='word_1_307' title='bbox 1459 1544 1536 1584; x_wconf 88' lang='lat' dir='ltr'><em>pro</em></span> <span class='ocrx_word' id='word_1_308' title='bbox 1563 1530 1666 1569; x_wconf 89' lang='lat' dir='ltr'><em>Idu-</em></span> 
     </span>
     <span class='ocr_line' id='line_1_60' title="bbox 925 1587 1665 1640; baseline 0 -13"><span class='ocrx_word' id='word_1_309' title='bbox 925 1602 1041 1628; x_wconf 90' lang='lat' dir='ltr'><em>maea</em></span> <span class='ocrx_word' id='word_1_310' title='bbox 1093 1601 1140 1627; x_wconf 89' lang='lat' dir='ltr'><em>ac</em></span> <span class='ocrx_word' id='word_1_311' title='bbox 1181 1593 1271 1627; x_wconf 85' lang='lat' dir='ltr'><em>tota</em></span> <span class='ocrx_word' id='word_1_312' title='bbox 1314 1587 1464 1627; x_wconf 88' lang='lat' dir='ltr'><em>Iudaea</em></span> <span class='ocrx_word' id='word_1_313' title='bbox 1501 1589 1665 1640; x_wconf 80' lang='lat' dir='ltr'><em>dicunt3</em></span> 
     </span>
     <span class='ocr_line' id='line_1_61' title="bbox 927 1645 1666 1699; baseline 0 -13"><span class='ocrx_word' id='word_1_314' title='bbox 927 1661 1050 1699; x_wconf 88' lang='lat' dir='ltr'><em>quam</em></span> <span class='ocrx_word' id='word_1_315' title='bbox 1071 1646 1236 1699; x_wconf 87' lang='lat' dir='ltr'><em>quidem</em></span> <span class='ocrx_word' id='word_1_316' title='bbox 1251 1645 1395 1699; x_wconf 84' lang='lat' dir='ltr'><em>palmis</em></span> <span class='ocrx_word' id='word_1_317' title='bbox 1412 1647 1666 1699; x_wconf 84' lang='lat' dir='ltr'><em>frequentem</em></span> 
     </span>
     <span class='ocr_line' id='line_1_62' title="bbox 926 1705 1666 1758; baseline 0 -13"><span class='ocrx_word' id='word_1_318' title='bbox 926 1705 1048 1745; x_wconf 85' lang='lat' dir='ltr'><em>fuisse</em></span> <span class='ocrx_word' id='word_1_319' title='bbox 1077 1711 1221 1744; x_wconf 88' lang='lat' dir='ltr'><em>notum</em></span> <span class='ocrx_word' id='word_1_320' title='bbox 1255 1710 1328 1743; x_wconf 86' lang='lat' dir='ltr'><em>est.</em></span> <span class='ocrx_word' id='word_1_321' title='bbox 1371 1705 1455 1745; x_wconf 84' lang='lat' dir='ltr'><em>vid.</em></span> <span class='ocrx_word' id='word_1_322' title='bbox 1480 1706 1522 1745; x_wconf 86' lang='lat' dir='ltr'><em>ll.</em></span> <span class='ocrx_word' id='word_1_323' title='bbox 1554 1705 1666 1758; x_wconf 85' lang='lat' dir='ltr'><em>apud</em></span> 
     </span>
     <span class='ocr_line' id='line_1_63' title="bbox 929 1762 1666 1815; baseline 0 -12"><span class='ocrx_word' id='word_1_324' title='bbox 929 1764 1102 1803; x_wconf 87' lang='lat' dir='ltr'><em>Cerdam</em></span> <span class='ocrx_word' id='word_1_325' title='bbox 1119 1769 1158 1802; x_wconf 86' lang='lat' dir='ltr'><em>et</em></span> <span class='ocrx_word' id='word_1_326' title='bbox 1170 1764 1219 1803; x_wconf 90' lang='lat' dir='ltr'><em>al.</em></span> <span class='ocrx_word' id='word_1_327' title='bbox 1250 1762 1411 1802; x_wconf 81' lang='lat' dir='ltr'><em>arbusto</em></span> <span class='ocrx_word' id='word_1_328' title='bbox 1422 1765 1666 1815; x_wconf 86' lang='lat' dir='ltr'><em>palmarum</em></span> 
     </span>
     <span class='ocr_line' id='line_1_64' title="bbox 928 1822 1665 1873; baseline 0 -13"><span class='ocrx_word' id='word_1_329' title='bbox 928 1823 1041 1861; x_wconf 66' lang='lat' dir='ltr'><em>dives</em></span> <span class='ocrx_word' id='word_1_330' title='bbox 1063 1822 1209 1860; x_wconf 81' lang='lat' dir='ltr'><em>Idume</em></span> <span class='ocrx_word' id='word_1_331' title='bbox 1228 1822 1378 1860; x_wconf 88' lang='lat' dir='ltr'><em>Lucan.</em></span> <span class='ocrx_word' id='word_1_332' title='bbox 1397 1822 1453 1861; x_wconf 78' lang='grc' dir='ltr'><em>ΠΙ</em></span> <span class='ocrx_word' id='word_1_333' title='bbox 1462 1852 1474 1873; x_wconf 83' lang='grc'><strong>,</strong></span> <span class='ocrx_word' id='word_1_334' title='bbox 1503 1825 1602 1873; x_wconf 81' lang='grc'><strong>216,</strong></span> <span class='ocrx_word' id='word_1_335' title='bbox 1623 1828 1665 1861; x_wconf 87' lang='lat' dir='ltr'><em>et</em></span> 
     </span>
     <span class='ocr_line' id='line_1_65' title="bbox 926 1877 1664 1934; baseline 0.003 -16"><span class='ocrx_word' id='word_1_336' title='bbox 926 1877 1133 1934; x_wconf 84' lang='lat' dir='ltr'><em>praeclare</em></span> <span class='ocrx_word' id='word_1_337' title='bbox 1159 1882 1263 1919; x_wconf 83' lang='lat' dir='ltr'><em>Stat.</em></span> <span class='ocrx_word' id='word_1_338' title='bbox 1293 1879 1330 1919; x_wconf 91' lang='lat' dir='ltr'>V</span> <span class='ocrx_word' id='word_1_339' title='bbox 1359 1880 1458 1920; x_wconf 83' lang='lat' dir='ltr'><em>Silv.</em></span> <span class='ocrx_word' id='word_1_340' title='bbox 1486 1883 1534 1931; x_wconf 80' lang='lat'><em>2,</em></span> <span class='ocrx_word' id='word_1_341' title='bbox 1568 1883 1664 1923; x_wconf 86' lang='lat'><strong>138.</strong></span> 
     </span>
     <span class='ocr_line' id='line_1_66' title="bbox 932 1939 1665 1991; baseline -0.004 -11"><span class='ocrx_word' id='word_1_342' title='bbox 932 1941 1013 1981; x_wconf 83' lang='lat'><em>139</em></span> <span class='ocrx_word' id='word_1_343' title='bbox 1044 1939 1115 1977; x_wconf 83' lang='lat' dir='ltr'><em>An</em></span> <span class='ocrx_word' id='word_1_344' title='bbox 1139 1939 1348 1990; x_wconf 87' lang='lat' dir='ltr'><em>Solymum</em></span> <span class='ocrx_word' id='word_1_345' title='bbox 1370 1940 1542 1977; x_wconf 86' lang='lat' dir='ltr'><em>cinerem</em></span> <span class='ocrx_word' id='word_1_346' title='bbox 1560 1940 1665 1991; x_wconf 78' lang='lat' dir='ltr'><em>pal-</em></span> 
     </span>
     <span class='ocr_line' id='line_1_67' title="bbox 927 1995 1667 2050; baseline 0 -15"><span class='ocrx_word' id='word_1_347' title='bbox 927 2005 1113 2050; x_wconf 82' lang='lat' dir='ltr'><em>metaque</em></span> <span class='ocrx_word' id='word_1_348' title='bbox 1135 2005 1261 2048; x_wconf 83' lang='lat' dir='ltr'><em>capta</em></span> <span class='ocrx_word' id='word_1_349' title='bbox 1291 1995 1442 2035; x_wconf 82' lang='lat' dir='ltr'><em>subibis</em></span> <span class='ocrx_word' id='word_1_350' title='bbox 1464 1998 1567 2036; x_wconf 87' lang='lat' dir='ltr'><em>Non</em></span> <span class='ocrx_word' id='word_1_351' title='bbox 1588 1997 1667 2035; x_wconf 86' lang='lat' dir='ltr'><em>sibi</em></span> 
     </span>
     <span class='ocr_line' id='line_1_68' title="bbox 917 2055 1666 2108; baseline 0 -14"><span class='ocrx_word' id='word_1_352' title='bbox 917 2056 1069 2108; x_wconf 74' lang='lat' dir='ltr'><em>filices</em></span> <span class='ocrx_word' id='word_1_353' title='bbox 1095 2055 1225 2094; x_wconf 73' lang='lat' dir='ltr'><em>silvas</em></span> <span class='ocrx_word' id='word_1_354' title='bbox 1246 2057 1436 2106; x_wconf 87' lang='lat' dir='ltr'><em>ponentis</em></span> <span class='ocrx_word' id='word_1_355' title='bbox 1467 2055 1666 2094; x_wconf 84' lang='lat' dir='ltr'><em>Idumes?</em></span> 
     </span>
     <span class='ocr_line' id='line_1_69' title="bbox 929 2112 1666 2154; baseline 0.003 -2"><span class='ocrx_word' id='word_1_356' title='bbox 929 2114 1058 2152; x_wconf 80' lang='lat' dir='ltr'><em>Debet</em></span> <span class='ocrx_word' id='word_1_357' title='bbox 1075 2120 1211 2152; x_wconf 89' lang='lat' dir='ltr'><em>autem</em></span> <span class='ocrx_word' id='word_1_358' title='bbox 1226 2112 1352 2152; x_wconf 88' lang='lat' dir='ltr'><em>huius</em></span> <span class='ocrx_word' id='word_1_359' title='bbox 1369 2126 1510 2153; x_wconf 88' lang='lat' dir='ltr'><em>versus</em></span> <span class='ocrx_word' id='word_1_360' title='bbox 1525 2114 1666 2154; x_wconf 72' lang='lat' dir='ltr'><em>suavi-</em></span> 
     </span>
     <span class='ocr_line' id='line_1_70' title="bbox 929 2171 1664 2223; baseline 0.001 -13"><span class='ocrx_word' id='word_1_361' title='bbox 929 2178 1068 2223; x_wconf 85' lang='lat' dir='ltr'><em>tatem,</em></span> <span class='ocrx_word' id='word_1_362' title='bbox 1097 2178 1146 2211; x_wconf 90' lang='lat' dir='ltr'><em>ut</em></span> <span class='ocrx_word' id='word_1_363' title='bbox 1163 2171 1383 2223; x_wconf 88' lang='lat' dir='ltr'><em>unicuique</em></span> <span class='ocrx_word' id='word_1_364' title='bbox 1406 2172 1573 2211; x_wconf 86' lang='lat' dir='ltr'><em>obvium</em></span> <span class='ocrx_word' id='word_1_365' title='bbox 1591 2178 1664 2223; x_wconf 88' lang='lat' dir='ltr'><em>est,</em></span> 
     </span>
     <span class='ocr_line' id='line_1_71' title="bbox 930 2230 1665 2283; baseline 0 -13"><span class='ocrx_word' id='word_1_366' title='bbox 930 2231 1002 2283; x_wconf 86' lang='lat' dir='ltr'><em>qui</em></span> <span class='ocrx_word' id='word_1_367' title='bbox 1019 2236 1240 2282; x_wconf 87' lang='lat' dir='ltr'><em>utrumque</em></span> <span class='ocrx_word' id='word_1_368' title='bbox 1261 2236 1425 2283; x_wconf 83' lang='lat' dir='ltr'><em>poetam</em></span> <span class='ocrx_word' id='word_1_369' title='bbox 1439 2230 1555 2283; x_wconf 85' lang='lat' dir='ltr'><em>legit,</em></span> <span class='ocrx_word' id='word_1_370' title='bbox 1586 2245 1665 2270; x_wconf 90' lang='lat' dir='ltr'><em>no-</em></span> 
     </span>
     <span class='ocr_line' id='line_1_72' title="bbox 929 2289 1666 2340; baseline -0.001 -13"><span class='ocrx_word' id='word_1_371' title='bbox 929 2296 1012 2328; x_wconf 86' lang='lat' dir='ltr'><em>ster</em></span> <span class='ocrx_word' id='word_1_372' title='bbox 1038 2289 1225 2328; x_wconf 89' lang='lat' dir='ltr'><em>Lucretio</em></span> <span class='ocrx_word' id='word_1_373' title='bbox 1246 2303 1319 2329; x_wconf 90' lang='lat' dir='ltr'><em>suo</em></span> <span class='ocrx_word' id='word_1_374' title='bbox 1336 2289 1366 2340; x_wconf 90' lang='lat'><em>1,</em></span> <span class='ocrx_word' id='word_1_375' title='bbox 1391 2291 1474 2331; x_wconf 90' lang='lat'><em>118</em></span> <span class='ocrx_word' id='word_1_376' title='bbox 1505 2290 1666 2328; x_wconf 85' lang='lat' dir='ltr'><em>Ennius</em></span> 
     </span>
     <span class='ocr_line' id='line_1_73' title="bbox 929 2349 1666 2400; baseline -0.001 -14"><span class='ocrx_word' id='word_1_377' title='bbox 929 2356 974 2386; x_wconf 86' lang='lat' dir='ltr'><em>ut</em></span> <span class='ocrx_word' id='word_1_378' title='bbox 1008 2355 1140 2386; x_wconf 80' lang='lat' dir='ltr'><em>noster</em></span> <span class='ocrx_word' id='word_1_379' title='bbox 1175 2349 1318 2386; x_wconf 77' lang='lat' dir='ltr'><em>cecinit</em></span> <span class='ocrx_word' id='word_1_380' title='bbox 1332 2377 1343 2397; x_wconf 88' lang='lat'><em>,</em></span> <span class='ocrx_word' id='word_1_381' title='bbox 1402 2349 1475 2400; x_wconf 90' lang='lat' dir='ltr'><em>qui</em></span> <span class='ocrx_word' id='word_1_382' title='bbox 1502 2349 1666 2399; x_wconf 84' lang='lat' dir='ltr'><em>primus</em></span> 
     </span>
     <span class='ocr_line' id='line_1_74' title="bbox 929 2403 1666 2457; baseline -0.001 -13"><span class='ocrx_word' id='word_1_383' title='bbox 929 2420 1103 2444; x_wconf 86' lang='lat' dir='ltr'><em>amoena</em></span> <span class='ocrx_word' id='word_1_384' title='bbox 1112 2403 1273 2444; x_wconf 77' lang='lat' dir='ltr'><em>Detulit</em></span> <span class='ocrx_word' id='word_1_385' title='bbox 1294 2421 1343 2444; x_wconf 83' lang='lat' dir='ltr'><em>ex</em></span> <span class='ocrx_word' id='word_1_386' title='bbox 1357 2406 1556 2444; x_wconf 87' lang='lat' dir='ltr'><em>Helicone</em></span> <span class='ocrx_word' id='word_1_387' title='bbox 1564 2420 1666 2457; x_wconf 90' lang='lat' dir='ltr'><em>per—</em></span> 
     </span>
     <span class='ocr_line' id='line_1_75' title="bbox 930 2460 1666 2516; baseline -0.001 -14"><span class='ocrx_word' id='word_1_388' title='bbox 930 2465 1024 2502; x_wconf 87' lang='lat' dir='ltr'><em>enni</em></span> <span class='ocrx_word' id='word_1_389' title='bbox 1034 2463 1176 2516; x_wconf 65' lang='lat' dir='ltr'><em>fronte</em></span> <span class='ocrx_word' id='word_1_390' title='bbox 1202 2478 1392 2502; x_wconf 86' lang='lat' dir='ltr'><em>coronam</em></span> <span class='ocrx_word' id='word_1_391' title='bbox 1409 2493 1419 2513; x_wconf 89' lang='lat'>‚</span> <span class='ocrx_word' id='word_1_392' title='bbox 1455 2460 1537 2502; x_wconf 81' lang='lat' dir='ltr'><em>Per</em></span> <span class='ocrx_word' id='word_1_393' title='bbox 1558 2477 1666 2516; x_wconf 78' lang='lat' dir='ltr'><em>gen-</em></span> 
     </span>
     <span class='ocr_line' id='line_1_76' title="bbox 930 2522 1666 2575; baseline 0 -15"><span class='ocrx_word' id='word_1_394' title='bbox 930 2530 987 2560; x_wconf 85' lang='lat' dir='ltr'><em>tes</em></span> <span class='ocrx_word' id='word_1_395' title='bbox 1015 2523 1151 2561; x_wconf 81' lang='lat' dir='ltr'><em>ltalas</em></span> <span class='ocrx_word' id='word_1_396' title='bbox 1179 2522 1390 2561; x_wconf 86' lang='lat' dir='ltr'><em>lzominum</em></span> <span class='ocrx_word' id='word_1_397' title='bbox 1420 2535 1527 2575; x_wconf 86' lang='lat' dir='ltr'><em>quae</em></span> <span class='ocrx_word' id='word_1_398' title='bbox 1550 2523 1666 2561; x_wconf 85' lang='lat' dir='ltr'><em>clara</em></span> 
     </span>
     <span class='ocr_line' id='line_1_77' title="bbox 931 2581 1092 2618; baseline -0.006 0"><span class='ocrx_word' id='word_1_399' title='bbox 931 2581 1092 2618; x_wconf 85' lang='lat' dir='ltr'><em>clueret.</em></span> 
     </span>
    </p>

    <p class='ocr_par' dir='ltr' id='par_1_17' title="bbox 930 2637 1666 3042">
     <span class='ocr_line' id='line_1_78' title="bbox 992 2637 1663 2690; baseline 0.001 -14"><span class='ocrx_word' id='word_1_400' title='bbox 992 2640 1060 2679; x_wconf 86' lang='lat'><em>13.</em></span> <span class='ocrx_word' id='word_1_401' title='bbox 1088 2637 1201 2675; x_wconf 87' lang='lat' dir='ltr'><em>Haec</em></span> <span class='ocrx_word' id='word_1_402' title='bbox 1229 2642 1269 2675; x_wconf 87' lang='lat' dir='ltr'><em>et</em></span> <span class='ocrx_word' id='word_1_403' title='bbox 1286 2650 1389 2689; x_wconf 89' lang='lat' dir='ltr'><em>quae</em></span> <span class='ocrx_word' id='word_1_404' title='bbox 1414 2644 1663 2690; x_wconf 86' lang='lat' dir='ltr'><em>sequuntur,</em></span> 
     </span>
     <span class='ocr_line' id='line_1_79' title="bbox 931 2694 1666 2749; baseline 0.001 -16"><span class='ocrx_word' id='word_1_405' title='bbox 931 2701 972 2734; x_wconf 84' lang='lat' dir='ltr'><em>et</em></span> <span class='ocrx_word' id='word_1_406' title='bbox 984 2695 1125 2748; x_wconf 85' lang='lat' dir='ltr'><em>templi</em></span> <span class='ocrx_word' id='word_1_407' title='bbox 1142 2694 1264 2733; x_wconf 83' lang='lat' dir='ltr'><em>huius</em></span> <span class='ocrx_word' id='word_1_408' title='bbox 1284 2695 1521 2747; x_wconf 80' lang='lat' dir='ltr'><em>aedjficatio‚</em></span> <span class='ocrx_word' id='word_1_409' title='bbox 1544 2710 1666 2749; x_wconf 90' lang='lat' dir='ltr'><em>quam</em></span> 
     </span>
     <span class='ocr_line' id='line_1_80' title="bbox 930 2754 1666 2794; baseline 0.001 -1"><span class='ocrx_word' id='word_1_410' title='bbox 930 2754 1131 2793; x_wconf 83' lang='lat' dir='ltr'><em>rationem</em></span> <span class='ocrx_word' id='word_1_411' title='bbox 1147 2767 1195 2791; x_wconf 90' lang='lat' dir='ltr'><em>ac</em></span> <span class='ocrx_word' id='word_1_412' title='bbox 1223 2754 1549 2794; x_wconf 83' lang='lat' dir='ltr'><em>coniunctionem</em></span> <span class='ocrx_word' id='word_1_413' title='bbox 1572 2769 1666 2793; x_wconf 92' lang='lat' dir='ltr'><em>cum</em></span> 
     </span>
     <span class='ocr_line' id='line_1_81' title="bbox 931 2810 1663 2862; baseline 0.004 -12"><span class='ocrx_word' id='word_1_414' title='bbox 931 2812 1075 2850; x_wconf 83' lang='lat' dir='ltr'><em>ceteris</em></span> <span class='ocrx_word' id='word_1_415' title='bbox 1094 2810 1295 2862; x_wconf 84' lang='lat' dir='ltr'><em>habeant,</em></span> <span class='ocrx_word' id='word_1_416' title='bbox 1328 2813 1552 2853; x_wconf 88' lang='lat' dir='ltr'><em>omiserunt</em></span> <span class='ocrx_word' id='word_1_417' title='bbox 1573 2828 1663 2852; x_wconf 88' lang='lat' dir='ltr'><em>mo-</em></span> 
     </span>
     <span class='ocr_line' id='line_1_82' title="bbox 930 2869 1664 2923; baseline 0.003 -16"><span class='ocrx_word' id='word_1_418' title='bbox 930 2883 1027 2908; x_wconf 87' lang='lat' dir='ltr'><em>nere</em></span> <span class='ocrx_word' id='word_1_419' title='bbox 1056 2869 1316 2923; x_wconf 88' lang='lat' dir='ltr'><em>Interpretes.</em></span> <span class='ocrx_word' id='word_1_420' title='bbox 1376 2873 1537 2911; x_wconf 88' lang='lat' dir='ltr'><em>Scilicet</em></span> <span class='ocrx_word' id='word_1_421' title='bbox 1549 2873 1593 2911; x_wconf 91' lang='lat' dir='ltr'><em>in</em></span> <span class='ocrx_word' id='word_1_422' title='bbox 1618 2885 1664 2910; x_wconf 89' lang='lat' dir='ltr'><em>eo</em></span> 
     </span>
     <span class='ocr_line' id='line_1_83' title="bbox 931 2928 1664 2981; baseline 0.001 -14"><span class='ocrx_word' id='word_1_423' title='bbox 931 2928 1166 2967; x_wconf 83' lang='lat' dir='ltr'><em>substiterat</em></span> <span class='ocrx_word' id='word_1_424' title='bbox 1210 2935 1329 2981; x_wconf 89' lang='lat' dir='ltr'><em>poeta</em></span> <span class='ocrx_word' id='word_1_425' title='bbox 1348 2960 1359 2979; x_wconf 96' lang='lat'><em>,</em></span> <span class='ocrx_word' id='word_1_426' title='bbox 1405 2937 1455 2969; x_wconf 90' lang='lat' dir='ltr'><em>ut</em></span> <span class='ocrx_word' id='word_1_427' title='bbox 1500 2930 1664 2970; x_wconf 83' lang='lat' dir='ltr'><em>laudem</em></span> 
     </span>
     <span class='ocr_line' id='line_1_84' title="bbox 930 2987 1663 3042; baseline 0.004 -17"><span class='ocrx_word' id='word_1_428' title='bbox 930 2987 1144 3040; x_wconf 86' lang='lat' dir='ltr'><em>poeticam,</em></span> <span class='ocrx_word' id='word_1_429' title='bbox 1168 3001 1291 3040; x_wconf 89' lang='lat' dir='ltr'><em>quam</em></span> <span class='ocrx_word' id='word_1_430' title='bbox 1302 2988 1345 3027; x_wconf 91' lang='lat' dir='ltr'><em>in</em></span> <span class='ocrx_word' id='word_1_431' title='bbox 1363 2989 1538 3042; x_wconf 85' lang='lat' dir='ltr'><em>patriam</em></span> <span class='ocrx_word' id='word_1_432' title='bbox 1549 3002 1663 3028; x_wconf 87' lang='lat' dir='ltr'><em>suam</em></span> 
     </span>
    </p>
   </div>
  </div>
 </body>
</html>
