1734 3320
265 148 759 244 eEoRplcoN
783 149 934 201 Lm.
969 150 1037 213 11,
1078 155 1252 202 138—
1271 155 1371 206 152

1475 159 1578 209 419

7 338 18 342 -
53 276 195 327 Hinc
212 275 443 327 bellator
462 292 635 344 equus
658 291 850 342 campo
870 291 987 325 sese
1010 275 1208 326 arduus
1228 276 1390 328 infert
1410 305 1424 341 3
1479 286 1578 335 145

4 354 8 357 ’
52 347 193 400 Hinc
210 344 339 411 albi,
377 345 677 410 (unumne,
713 361 926 411 gregeS‚
966 354 1019 395 et
1039 363 1287 396 maxuma
1307 356 1489 400 taurus

52 410 304 480 Victimdg
340 431 500 483 saepe
518 425 614 466 tuo
637 414 841 483 perfusi
862 412 1090 466 flumine
1109 433 1276 480 sacro,

52 482 337 538 Romanos·
353 485 423 536 ad
441 485 643 554 templa
664 485 832 536 deum
850 485 1051 536 duxere
1070 486 1391 554 triumphos,

53 555 153 607 Hic
168 570 265 606 ver
282 554 593 621 adsiduum,
631 565 792 624 atque
814 554 997 606 alienis
1016 557 1294 607 mensibus
1314 566 1506 620 aestas3

52 626 141 676 Bis
162 624 411 691 gravidae
430 626 669 693 pecudes
689 668 703 691 ‚
739 626 821 676 bis
838 627 1019 693 pomis
1039 627 1181 677 utilis
1203 627 1375 682 arbos,

1479 634 1577 683 150

52 698 122 749 At
138 695 359 746 rabidae
379 695 541 761 tigres
564 697 757 747 absunt
770 737 784 759 ‚
823 705 876 746 et
895 714 1047 747 saeva
1068 697 1294 748 leonum

55 766 301 828 Semina3
338 781 441 816 nec
461 767 688 821 miseros
708 766 902 817 fallunt
924 768 1132 818 aconita
1149 768 1400 835 legentis3

127 849 240 900 150.
275 862 459 899 mon

37 935 41 939 ⁵
72 966 74 969 -
101 940 169 978 145
193 942 265 977 Hic
287 941 360 977 hoc
384 948 421 976 et
446 952 523 988 seq.
547 953 652 976 versu
669 942 744 977 Erf.
776 955 798 977 a
823 956 869 977 m.
885 955 957 977 sec.
1022 958 1025 962 ·
1052 918 1122 980 146
1146 945 1245 978 Hinc
1263 943 1355 986 albi,
1383 943 1578 991 Tyberyne

52 989 164 1024 Goth.
197 990 268 1023 sec.
297 1001 319 1023 a
350 1002 396 1023 m.
424 1001 480 1034 pr.
527 997 566 1023 te
593 991 751 1024 maxima
777 990 897 1024 Schol.
918 991 1045 1036 Crnqn.
1070 992 1197 1025 Horat.
1219 991 1284 1025 Od.
1303 993 1366 1034 IV,
1398 996 1432 1027 2.
1475 995 1581 1028 tauri

52 1037 142 1082 Reg.
161 1035 308 1071 Martini
328 1048 407 1070 cnm
422 1036 496 1070 Erf.

570 1036 638 1073 149
661 1049 727 1071 ver
740 1046 962 1085 perpetuum
980 1037 1100 1071 Schol.
1119 1039 1246 1084 Cruqu.
1263 1039 1386 1072 Horat.
1406 1039 1526 1082 Od.11,
1541 1041 1576 1076 6.

0 1084 2 1086 ’
53 1083 148 1118 eonf-
167 1083 215 1118 ad
233 1082 308 1119 Bel.
326 1084 393 1126 1X,
415 1083 474 1119 40.
522 1085 595 1118 Hic
612 1085 685 1117 iter
703 1085 796 1118 Ven.
839 1083 1018 1118 messibus
1047 1085 1142 1130 apud
1160 1086 1348 1119 Martinam
1372 1084 1427 1120 vir
1453 1087 1576 1122 doctus

51 1129 218 1176 legebat,
242 1141 264 1164 e
278 1128 462 1165 Claudiani
480 1131 659 1173 XXXVI,
674 1131 745 1166 224
770 1128 893 1166 aliene
914 1133 1107 1178 gramine,
1133 1139 1171 1166 nt
1200 1132 1245 1167 de
1270 1133 1427 1175 Medica,
1452 1134 1576 1178 herba,

52 1176 291 1223 intelligatur,
315 1177 380 1211 sed
399 1177 510 1218 male3
535 1177 581 1211 de
598 1177 680 1211 anni
698 1185 862 1223 tempore
883 1178 1020 1224 cogitat
1041 1187 1171 1223 poeta:
1197 1186 1368 1214 aestatem
1390 1180 1491 1215 etiam
1511 1194 1578 1226 per

53 1235 116 1259 eos
141 1236 280 1258 menses
310 1222 438 1258 durare
447 1250 458 1267 ,

495 1224 621 1271 quibus
651 1225 804 1259 hiemem
831 1226 922 1259 aliae
947 1233 1064 1259 terrae
1090 1226 1255 1260 sentiunt.

1362 1229 1431 1264 150
1465 1227 1577 1263 arbor

52 1271 227 1317 praetulit
245 1272 381 1313 Burm.,
415 1278 456 1305 ut
476 1284 509 1306 V.
534 1273 591 1307 81.
624 1272 780 1318 (restitui
810 1272 931 1307 arbos.
966 1273 1037 1307 vid.
1064 1280 1185 1308 notata
1206 1273 1251 1307 ad
1276 1274 1349 1308 Ecl.
1370 1277 1435 1318 111,
1459 1276 1517 1311 56.
1542 1283 1577 1310 et

51 1317 153 1352 Ialm.
168 1318 214 1353 ad
230 1321 318 1375 Aen.
338 1320 399 1361 VI,
423 1319 505 1355 310.
536 1319 632 1363 lVr.)

729 1322 796 1355 151
822 1320 978 1367 rapidae
997 1321 1156 1354 nonnulli
1180 1321 1274 1367 apud
1291 1322 1382 1356 Pier.
1404 1330 1440 1356 et
1459 1324 1576 1357 Burm.

51 1378 131 1400 mm
149 1366 324 1400 Gothams
336 1392 347 1408 ‚
369 1374 542 1411 perpetua
556 1366 765 1401 variatione.
816 1366 949 1401 obsunt
964 1369 1053 1401 Ven.
1101 1369 1228 1402 leones
1243 1369 1373 1403 Medic.
1396 1382 1418 1404 a
1436 1383 1481 1404 m.
1507 1382 1577 1416 piu,

51 1413 150 1459 qnod
167 1413 286 1459 placet
306 1413 472 1455 Heinsi05
499 1414 578 1458 (sed
596 1414 666 1448 hoc
683 1426 729 1448 ne
749 1414 865 1448 statim
888 1426 955 1460 pro
976 1426 1060 1448 vero
1078 1414 1300 1461 amplectaris
1312 1442 1322 1458 ,
1344 1424 1451 1459 vetat,
1480 1417 1577 1463 quod

52 1460 161 1494 modo
180 1458 376 1506 praecessit
390 1462 518 1508 tigres.
550 1463 645 1505 Wr.)
673 1470 708 1495 et
724 1461 832 1496 habet
850 1462 905 1495 ed.
926 1461 1152 1507 Cuningham.
1198 1462 1341 1496 Scilicet
1370 1465 1575 1510 epexegesis

50 1507 115 1541 illa
133 1515 170 1542 et
184 1507 327 1553 elegans
355 1514 392 1541 et
410 1507 563 1553 Virgilio
588 1508 783 1543 familiaris.
820 1509 912 1543 conf.
933 1508 1054 1543 Heius.
1075 1510 1120 1543 ad
1138 1509 1318 1550 claudian.
1347 1511 1392 1544 de
1419 1513 1458 1545 B.
1480 1511 1575 1546 Gild.

53 1555 133 1591 138.
180 1555 252 1589 Sed
270 1567 303 1589 v.
323 1554 393 1589 loc.
411 1555 570 1589 Lucretii
590 1555 627 1589 in
650 1556 767 1590 Notis.

815 1556 977 1589 Reiskius
1004 1556 1119 1590 locum
1146 1557 1197 1590 sic
1223 1557 1466 1602 retingendum
1485 1570 1576 1592 con-

50 1601 212 1635 iiciebat:
237 1610 275 1635 et
292 1602 394 1636 secla
415 1602 573 1636 leonum.
622 1605 770 1637 Semina
788 1615 856 1636 nec
880 1604 1036 1636 miseros
1046 1602 1196 1650 fallunt
1221 1606 1370 1638 aconita
1397 1606 1575 1652 legentes,

50 1649 89 1683 h.
106 1661 175 1683 nec
196 1648 327 1682 fallunt
357 1649 499 1683 aconita
527 1649 675 1684 miseros
695 1650 776 1684 illos
789 1676 798 1692 ‚
836 1649 894 1695 qni
911 1650 1043 1683 semina
1056 1676 1065 1691 ,
1101 1650 1137 1684 h.
1155 1651 1283 1684 herbas
1296 1677 1305 1692 ,
1337 1651 1482 1697 legunt,
1516 1659 1576 1686 aut

111 1824 264 1870 145—
289 1825 384 1868 147.
415 1826 669 1867 ornatissimi
687 1841 785 1867 ver-

51 1898 119 1924 sus
142 1898 240 1937 pro:
278 1884 321 1923 in
345 1884 461 1924 Italia
482 1886 573 1938 equi
600 1893 643 1925 et
660 1886 785 1925 boves

49 1948 302 1996 praestantes
345 1950 581 1983 nascuntur.
654 1944 786 1983 Clitu-

50 2014 182 2051 mnus,
196 2001 386 2039 Umbriae
397 2002 685 2055 Cisapenninae
703 2002 787 2041 ssu-

50 2058 162 2108 vius,
203 2058 273 2098 ubi
308 2059 424 2098 iuxta
464 2061 609 2099 urbem
646 2060 787 2100 Meva-

50 2116 162 2155 niam
180 2116 319 2155 Tiniae
339 2131 380 2156 se
403 2118 589 2168 miscuit,
620 2132 716 2157 cum
737 2131 784 2157 eo

53 2174 107 2213 ad
146 2174 324 2214 Tiberim
356 2176 576 2215 descendit.
646 2176 786 2229 Campi

52 2232 281 2271 adiacentes
326 2235 546 2274 etiamnum
595 2235 787 2274 armentis

53 2290 246 2343 opulenti.
288 2292 337 2330 cf.
368 2292 417 2331 de
445 2293 649 2331 Clitumno
684 2294 785 2346 Epp.

51 2348 153 2388 Plin.
179 2348 281 2399 VIII,
309 2352 349 2392 8.
379 2351 467 2390 albi
488 2364 657 2403 greges,
691 2352 786 2403 quia

50 2407 231 2447 fluminis
262 2408 376 2459 aquis
406 2422 451 2447 ea
475 2409 538 2447 vis
558 2409 685 2447 inesse
705 2424 787 2462 pu-

51 2465 231 2516 tabatur,
261 2472 311 2504 ut
323 2473 505 2506 armenta
521 2468 696 2506 candido
714 2482 786 2506 co-

51 2523 138 2562 lore
164 2530 308 2563 essent.
368 2526 503 2565 Simile
533 2525 632 2577 quid
648 2526 784 2564 credi-

52 2588 144 2621 tum
165 2581 215 2620 de
235 2582 405 2623 Galaeso
432 2584 475 2623 in
502 2597 598 2635 agro
629 2584 785 2623 Taren-

52 2639 164 2689 tin05
188 2641 238 2679 cf.
257 2640 311 2679 ad
325 2641 471 2682 Horat.
494 2642 571 2681 Od.
591 2641 640 2691 II,
663 2645 783 2692 6,10,

54 2703 97 2735 et
113 2698 407 2738 Scamandrum
425 2700 559 2753 opinio
581 2700 659 2738 luit
675 2701 785 2739 ruti-

53 2755 113 2794 las
127 2755 301 2794 reddere
322 2758 461 2797 ovium
476 2759 598 2797 lanas.
620 2759 668 2798 cs.
688 2758 784 2797 Ari-

54 2818 150 2852 stot.
178 2813 231 2853 H.
261 2812 309 2853 A.
335 2815 403 2865 111,
430 2820 471 2858 2.
528 2816 618 2855 Alia
637 2817 720 2856 vid.
741 2817 785 2855 in

54 2870 162 2909 Nota
180 2871 400 2911 Bemnanni
417 2874 471 2912 ad
487 2874 555 2914 lib.
574 2874 624 2913 de
641 2874 784 2914 Mirab.

52 2927 174 2968 Auso.
194 2943 228 2981 e.
250 2929 345 2972 184.
389 2932 548 2970 Taurus·
565 2933 616 2971 ab
633 2932 697 2972 his
715 2947 785 2972 ar-

49 1695 169 1778 Botius
187 1697 356 1744 germina
372 1707 439 1741 pro
454 1698 612 1738 sentium
637 1709 785 1743 namque
806 1697 892 1730 alias
912 1697 1083 1742 pendebit
1112 1698 1298 1745 legentes,
1322 1710 1436 1745 neque
1458 1700 1575 1734 habe-

75 1749 125 1787 it,
156 1754 226 1790 qno
256 1744 441 1778 referatur.
489 1745 559 1790 (—
586 1746 665 1780 152.
693 1745 859 1791 legentes
875 1744 1005 1778 Medic.
1036 1744 1132 1789 7Vr.)

840 1827 903 1866 vis
932 1827 1135 1867 adductus
1174 1827 1372 1868 candidus
1408 1832 1575 1869 victima

841 1885 885 1924 in
928 1884 1140 1938 triumpho
1188 1886 1391 1926 immolari
1439 1888 1570 1927 solita.

843 1944 987 1982 Omnia
1015 1942 1116 1982 haec
1139 1945 1235 1983 satis
1266 1959 1288 1982 a
1312 1946 1450 1984 multis
1477 1946 1575 1985 illu-

842 2008 989 2040 strata:
1021 2002 1116 2040 vide
1152 2003 1216 2041 vel
1243 2004 1427 2043 Cerdam.
1495 2005 1575 2043 Sed

842 2060 870 2098 ii
895 2056 1006 2098 tauri
1040 2074 1132 2099 cum
1167 2067 1257 2099 ante
1283 2060 1574 2114 triumphantis

844 2131 1011 2156 currum
1047 2118 1295 2157 ducerentur
1310 2149 1321 2169 ,
1369 2119 1466 2158 hinc
1498 2121 1575 2173 ipsi

843 2176 985 2214 ducere
1012 2176 1237 2228 triumphos
1255 2177 1315 2216 ad
1334 2179 1488 2230 templa
1509 2178 1575 2217 di-

844 2240 1008 2273 cuntur.

904 2291 999 2334 149.
1029 2292 1175 2330 alienis·
1199 2293 1400 2332 mensibus
1420 2302 1569 2343 aestas,

843 2349 1034 2389 bibernis
1103 2351 1167 2389 Ex
1218 2351 1378 2390 Lucret.
1415 2352 1451 2401 I,
1490 2355 1573 2394 182

850 2408 973 2459 Quod
990 2411 1029 2446 si
1049 2408 1098 2446 de
1119 2408 1248 2447 nihilo
1255 2410 1416 2459 fierent,
1445 2410 1573 2448 subito

844 2475 1095 2505 exorerentur
1123 2469 1279 2505 Incerto
1299 2471 1435 2519 spatio
1453 2478 1574 2520 alque

843 2526 988 2563 alienis
1003 2524 1190 2576 partibus
1206 2528 1320 2564 anni.
1358 2527 1452 2570 150.
1468 2526 1574 2564 Oves

843 2589 885 2622 et
904 2583 1068 2622 arbores
1087 2582 1250 2623 biferae.
1308 2584 1411 2622 Nota
1440 2584 1574 2622 Italiae

841 2642 942 2680 laus.
959 2640 1054 2680 ἰν-ἰὰ.
1075 2640 1124 2679 de
1141 2641 1285 2680 Mirab.
1316 2642 1436 2681 Ausc.
1462 2656 1495 2680 e.
1517 2644 1568 2683 81

842 2706 884 2738 et
918 2700 975 2738 ibi
1016 2700 1123 2738 Nota
1159 2699 1363 2738 clarissimi
1394 2699 1572 2738 editoris.

843 2759 955 2796 utilis
972 2772 1048 2811 pro
1065 2758 1219 2806 fertilis,
1251 2758 1302 2795 ab
1324 2758 1479 2796 effectu.
1501 2756 1571 2795 inf.

831 2818 928 2858 ⁸323
960 2831 1030 2854 ver
1049 2816 1147 2853 utile
1170 2817 1298 2853 silvis.

903 2874 982 2917 151
1006 2895 1065 2903 —
1086 2871 1181 2916 154.
1229 2872 1410 2911 ornate:
1454 2872 1573 2910 Caret

842 2932 958 2971 [talia
984 2932 1164 2971 ferarum
1189 2931 1404 2980 monstris,
1444 2942 1572 2970 vene-

1154 2999 1240 3044 27
1262 2998 1292 3032 *
