1768 3320
198 277 228 323 4
447 270 547 319 DE
587 267 957 319 CARMINE
994 261 1420 313 BUCOLICO

334 398 401 446 Et
439 395 681 444 carminis
718 392 938 460 quidem
979 388 1290 450 bucolici,
1339 387 1441 439 ἁπό
1460 391 1559 440 τῶν
1590 397 1711 455 βου-

200 467 364 523 κόλων,
413 465 562 532 quod
598 472 870 530 pastorum
909 476 1075 526 genus
1108 457 1547 507 honestissimum
1583 466 1711 522 erat,

202 535 340 599 dicti,
376 535 436 586 ¹h.
469 545 511 584 e.
542 532 908 600 pastoritii,
954 530 1101 593 origo
1147 527 1288 577 varie
1330 526 1557 577 traditur
1597 537 1652 578 et
1683 545 1710 577 a

202 606 416 654 diversis
435 603 622 652 fabulis
642 602 911 668 repetitur.
984 601 1119 648 Sunt
1150 597 1241 664 qui
1263 596 1375 646 eius
1417 597 1610 647 initia
1654 597 1709 646 in

202 683 368 724 aetate
392 690 561 735 aurea,
582 681 703 721 sunt
728 672 816 737 qui
839 671 891 718 in
915 667 1135 719 Arcadia
1158 676 1245 716 aut
1269 667 1324 715 in
1349 666 1520 716 Sicilia
1547 684 1710 734 quae-

200 752 318 793 rant
328 746 390 808 *).
421 743 518 791 Alii
540 751 810 790 auctorem
830 741 1085 788 Diomum
1106 737 1355 804 aliquem,
1378 736 1709 804 aliiDaphni—

203 813 353 876 dem,
385 812 466 861 alii
489 810 873 872 Stesichorum,
905 808 988 858 alii
1012 807 1364 857 Theocritum
1400 805 1602 863 faciunt
1615 808 1708 873 **).

206 882 313 932 Sed
342 880 557 931 fluctuat
593 889 701 928 tota
729 879 859 927 haec
892 877 1174 944 disputatio
1205 885 1257 926 et
1287 877 1488 926 incerta
1521 875 1709 942 fertur,

203 951 349 1019 quod
371 967 480 999 non
504 949 925 998 animadvertunt
946 947 1089 996 docti
1107 947 1219 1012 viri,
1250 942 1429 996 aliud
1462 964 1575 997 esse
1598 964 1708 1013 car—

199 1038 326 1078 men
362 1020 714 1086 pastoritium,
762 1035 869 1085 quo
913 1017 1188 1082 homines,
1246 1017 1337 1084 qui
1376 1032 1563 1082 greges
1615 1034 1708 1084 pa-

201 1099 429 1153 scerent,
473 1098 532 1138 ut
565 1089 756 1137 nostris
785 1087 1144 1154 temporibus,
1193 1087 1262 1136 ita
1303 1087 1489 1154 primis
1531 1087 1709 1137 statim

200 1162 332 1209 vitae
375 1159 639 1208 humanae
677 1158 868 1220 initiis,
931 1157 1156 1221 longum
1207 1156 1354 1206 diem
1401 1155 1708 1223 fefellerint,

202 1228 396 1291 aliud,
436 1245 541 1295 quo
573 1227 821 1277 homines
850 1228 1112 1292 ingeniosi
1133 1227 1269 1277 vitae
1299 1228 1524 1278 rusticae
1558 1227 1704 1282 bona

200 1315 256 1347 ac
290 1298 496 1347 delicias
527 1307 664 1347 certa
692 1298 896 1347 ratione
928 1307 981 1347 et
1007 1306 1118 1347 arte
1140 1297 1520 1348 adumbrarint.
1555 1298 1708 1348 Prius

200 1367 333 1416 illud
375 1366 517 1415 haud
548 1366 708 1416 dubie
741 1368 879 1416 inter
918 1368 1311 1435 antiquissimos
1350 1367 1602 1418 homines
1630 1368 1707 1418 vi-

196 1437 331 1501 guit,
382 1446 665 1503 antequam
696 1437 750 1486 in
778 1453 1001 1502 magnos
1033 1447 1305 1488 coetus-et
1335 1439 1566 1493 civitates
1597 1438 1706 1487 coi-

196 1515 338 1565 rent;
375 1506 628 1573 idemque
664 1507 802 1556 inter
833 1524 1022 1557 omnes
1048 1508 1281 1575 populos
1308 1509 1561 1559 usitatum
1592 1525 1705 1558 esse

198 1575 379 1635 debet,
419 1577 509 1642 qui
539 1577 646 1625 sive
669 1578 830 1642 vagiS,
866 1578 1177 1629 Nomadum
1195 1595 1376 1643 more,
1410 1579 1519 1628 sive
1552 1579 1706 1628 certis

198 1645 412 1694 sedibus
442 1655 652 1696 utentes
683 1646 808 1696 dant
836 1648 1083 1714 gregibus
1113 1648 1314 1699 alendis
1349 1665 1593 1716 operam:

364 1741 415 1779 Et
442 1741 607 1794 zephyri
636 1757 733 1782 cava
760 1758 831 1796 per
864 1746 1110 1785 calamorum
1144 1745 1258 1784 sibila
1287 1746 1463 1799 primum

369 1798 551 1850 Agrestes
584 1801 753 1840 docuere
784 1816 898 1842 cavas
926 1804 1070 1843 inflare
1100 1804 1274 1854 cicutas3
1453 1816 1457 1819 ·

369 1857 465 1895 Inde
493 1858 721 1897 minutatim
752 1860 885 1900 dulces
915 1862 1090 1901 didicere
1107 1862 1300 1914 querelas,

368 1914 480 1952 Tibia
507 1930 602 1966 quas
632 1917 765 1955 fundit
795 1919 925 1971 digitis
953 1921 1114 1973 pulsata
1144 1927 1372 1970 canentum,

370 1971 469 2010 Avia
497 1987 567 2025 per
598 1988 760 2013 nemora
789 1991 834 2014 ac
857 1978 1207 2030 silvas-saltusque
1235 1985 1409 2032 reperta,

371 2029 444 2067 Per
472 2030 559 2068 loca
586 2039 792 2084 pastorum
823 2035 979 2075 deserta
1010 2043 1130 2088 atque
1161 2037 1242 2076 otia
1272 2037 1338 2075 dia
1351 2035 1444 2089 ***).

198 2105 665 2166 Quemadmodum
705 2111 881 2178 itaque
921 2113 1062 2180 apud
1100 2115 1376 2164 Hebraeos
1417 2122 1470 2164 et
1500 2113 1702 2163 Arabes

198 2175 429 2224 carmina
472 2176 622 2228 suere
653 2183 919 2246 pastoritia
951 2184 1017 2232 ad
1046 2201 1229 2237 veram
1257 2185 1419 2234 vitam
1446 2199 1702 2250 expressa,

198 2251 251 2322 et
280 2259 467 2308 regum
486 2249 891 2318 principumque
914 2252 1031 2316 filii,
1071 2272 1194 2304 cum
1223 2255 1363 2304 inter
1381 2255 1548 2321 ipsos,
1584 2263 1703 2303 tum

197 2320 335 2391 mter
362 2316 643 2382 Troianos,
690 2319 919 2386 Phryges
955 2333 1006 2372 et
1034 2324 1285 2375 Hellenes
1313 2332 1700 2388 memorantur,

196 2397 285 2446 qui
314 2397 495 2447 greges
529 2396 580 2435 et
618 2400 853 2441 armenta
891 2399 1170 2458 paverunt}
1217 2396 1286 2444 ita
1317 2404 1546 2461 potuere
1584 2397 1700 2444 Ar-

149 2483 152 2489 ·
195 2449 392 2531 cades·
419 2462 468 2502 et
499 2457 723 2521 Siculi,
772 2462 884 2527 qui,
917 2464 994 2511 uti
1033 2463 1191 2513 bonis
1225 2465 1430 2532 pascuis
1462 2463 1699 2539 abunda-

194 2518 447 2600 ballt,.1ta
476 2525 633 2574 vitam
670 2543 890 2593 gregum
922 2549 1076 2583 curae
1105 2532 1522 2601 impendebant,
1566 2534 1699 2583 invi-

193 2596 334 2668 tante
354 2607 462 2655 ipsa
481 2593 722 2645 locorum
752 2602 1097 2667 amoenitate,
1138 2604 1265 2654 caeli
1298 2603 1578 2654 clementia
1609 2601 1697 2668 (cs.

188 2657 342 2737 Diod.
364 2661 451 2722 IV,
489 2667 599 2727 84),
637 2667 796 2716 animi
828 2687 855 2717 a
878 2672 1011 2720 curis
1031 2675 1286 2724 vacuitate
1322 2683 1375 2724 et
1409 2675 1547 2738 otio,
1587 2690 1698 2723 car-

188 2742 331 2776 mma
354 2733 618 2794 pastoritia
645 2737 877 2788 condere
901 2749 953 2788 et
980 2741 1176 2807 vulgari
1205 2760 1306 2794 usu
1333 2744 1562 2804 habere3
1597 2759 1696 2810 po-

231 2852 500 2896 ⁸)Vid.Servius
516 2871 569 2903 pr.
581 2861 773 2896 Comment.
785 2866 916 2898 Auctor
1019 2869 1060 2912 *“)
1097 2871 1298 2907 Athenaeus
1333 2842 1422 2909 XIV
1441 2899 1451 2915 ‚
1496 2885 1578 2918 pag,
1616 2873 1696 2909 619,

185 2898 290 2933 vitae
308 2900 449 2954 Virgilii
467 2905 684 2941 Donatianae
703 2911 797 2945 c.21.
826 2911 913 2943 Dio-
972 2914 1116 2951 Diodor.
1142 2921 1191 2952 IV
1228 2933 1256 2953 c.
1285 2919 1342 2956 84.
1375 2921 1542 2955 Aelianus
1570 2921 1613 2954 V.
1643 2921 1686 2953 H.

183 2947 303 3000 medes
323 2945 386 2981 lib.
406 2951 509 2995 111,p.
522 2950 601 2989 483.
620 2955 759 2989 Putsch.
785 2959 910 2991 Gram—
969 2963 1017 3001 X,
1043 2965 1093 2997 18.
1112 2965 1171 2997 ubi
1191 2946 1260 3000 irid.
1280 2968 1365 3000 Not.

183 2997 327 3027 mutiens
345 2997 498 3031 Graecus
517 3011 570 3043 pr.
592 3001 785 3037 Theocriti,
1015 3010 1070 3052 η’)
1096 3011 1235 3046 Lucret.
1261 3015 1304 3055 V,
1330 3015 1419 3050 1381
1441 3024 1518 3058 Sqq·
