1734 3320
2 269 19 326 J

0 335 26 368 ἃ

297 235 789 289 GEORGICON
822 237 967 290 LIB.
1001 238 1070 303 Π,
1107 245 1403 297 313-323

1509 250 1609 300 451

85 363 411 425 Concretam
435 362 636 430 patitur
656 362 895 413 radicem
923 362 1161 429 adfigere
1184 373 1372 421 terrae.

85 431 328 499 Optuma
351 433 542 483 vinetis
566 433 725 497 sati0‚
764 450 935 501 quum
959 450 1088 484 vere
1110 433 1330 486 rubenti

86 490 327 572 Candida
349 503 498 553 venit
520 503 649 567 aviS‚
685 503 859 569 longis
884 504 1048 554 invisa
1076 503 1338 569 colubris3

1507 515 1611 563 320

84 572 262 623 Pnima
283 566 369 623 vel
395 573 668 623 auctumni
692 573 792 624 suh
815 572 1040 639 frigora,
1079 591 1251 642 quum
1273 575 1492 643 rapidus
1518 579 1611 629 Sol

81 642 344 693 Nondum
384 641 628 694 hiemem
666 645 927 711 contingit
971 645 1157 713 equiS‚
1214 645 1322 696 iam
1355 650 1612 714 praeterit

878 724 1058 768 aestas.

82 783 194 834 Ver
217 780 355 832 adeo
378 780 565 833 frondi
589 800 883 835 nemorum
897 826 911 849 ,
947 802 1044 836 ver
1063 784 1195 836 utile
1221 784 1385 847 silvis;

128 924 199 960 318
224 926 440 959 concretum
457 924 585 959 Medic.
607 938 628 960 a
648 938 694 960 m.
712 938 766 972 pr.
797 926 894 972 quod
919 927 1024 960 Voss.
1052 925 1237 971 ingeniose
1263 925 1413 960 adhibet
1439 927 1485 961 ad
1510 927 1611 961 diffi-

81 970 250 1006 cultatem
277 971 349 1006 loci
375 971 594 1014 tollendam,
625 980 667 1006 ut
692 982 902 1007 concretum
932 973 1113 1019 antiquum
1139 972 1350 1007 vocabulum
1375 973 1423 1007 sit
1449 975 1552 1020 quale
1572 975 1610 1009 in

79 1018 248 1052 Lucretio
270 1025 326 1052 est
345 1019 547 1054 adhaesum
566 1032 633 1066 pro
656 1020 847 1064 adhaesio,
873 1027 910 1054 et
927 1020 1112 1054 commode
1132 1019 1256 1055 laudat
1274 1021 1415 1054 Lucret.
1436 1022 1498 1064 IV,
1517 1023 1610 1059 1236

80 1065 127 1100 de
144 1066 279 1100 semine
294 1066 413 1100 tenui:
438 1067 529 1101 locis
546 1069 633 1114 quia
649 1080 727 1102 non
748 1069 854 1115 potis
874 1075 931 1101 est
956 1068 1127 1115 adfigere
1146 1068 1360 1101 adhaesum.
1396 1068 1518 1115 sicque
1545 1069 1609 1103 inf.

79 1113 151 1149 398
167 1113 399 1148 exhaustum.
446 1115 552 1147 Esset
570 1114 680 1148 adeo:
704 1127 773 1148 nec
787 1117 956 1162 patitur,
980 1114 1115 1148 semine
1133 1114 1229 1148 iacto
1242 1141 1251 1157 ,
1277 1115 1438 1149 radicem
1461 1116 1609 1171 adfige-

80 1172 122 1194 re
147 1162 357 1195 concretum
378 1159 528 1202 ’terrae3
553 1162 710 1207 adfigere
737 1161 1020 1203 concretionem5

78 1207 201 1241 nabes
217 1218 308 1242 nnnc
327 1207 441 1242 ninas
458 1208 615 1242 rationes
634 1209 840 1243 consulendi
863 1209 992 1243 versui.

77 1266 158 1289 rum
175 1254 390 1289 auctoritate
406 1255 548 1289 sustulit
564 1255 687 1290 Heius.
735 1258 896 1291 viventis
918 1257 1016 1290 satio
1041 1264 1100 1289 est
1128 1256 1237 1290 Goth.
1259 1268 1314 1302 pr.

79 1302 150 1336 dos
179 1301 272 1336 Gud-
320 1303 465 1350 rapidis
491 1304 599 1350 equis
622 1303 779 1338 malebat
806 1303 950 1346 Heins.,
993 1310 1032 1337 at
1052 1310 1152 1337 recte
1176 1304 1291 1337 Burm.

1052 1160 1174 1208 paullo
1199 1161 1321 1196 durius
1350 1169 1388 1195 et
1415 1162 1608 1197 horridms.

1085 1209 1157 1245 319
1181 1217 1238 1243 est
1254 1215 1339 1255 post
1362 1211 1461 1244 satio
1477 1211 1609 1245 melio-

1408 1257 1476 1293 321
1502 1259 1609 1306 rapi-

1387 1304 1460 1340 322
1483 1314 1610 1340 aestas

80 1348 157 1383 scil.
182 1348 214 1382 si
234 1349 321 1383 duas
338 1361 423 1383 anm
443 1357 566 1396 partes
586 1350 792 1394 constituas,
817 1357 990 1384 aestatem
1008 1356 1045 1384 et
1066 1350 1238 1384 hiemem:
1267 1357 1307 1384 ut
1328 1362 1436 1395 saepe
1453 1351 1504 1385 fit.
1544 1354 1608 1386 In—

76 1396 291 1441 terpositum
316 1409 381 1430 ver
405 1403 442 1431 et
468 1404 682 1432 anctumnus.
729 1402 776 1432 At
800 1398 943 1433 Wakef.
969 1397 1131 1444 reposuit
1151 1406 1289 1432 aestus.

1383 1399 1454 1434 323
1470 1398 1611 1445 frondi

78 1452 136 1478 est
156 1443 286 1478 Medic.
306 1444 470 1479 Parrhas.
505 1445 647 1490 (Medic.
661 1444 802 1492 frondi
829 1458 850 1479 e
875 1458 1083 1485 nemorum3
1108 1445 1247 1478 mediae
1263 1458 1284 1478 e
1303 1457 1411 1490 supra
1429 1445 1607 1492 adscripta

77 1503 107 1525 s.
153 1491 353 1525 Nemora
364 1517 374 1533 ,
397 1498 439 1525 nt
458 1492 613 1538 explicat
630 1494 749 1535 Voss„
785 1492 932 1525 arbores
951 1492 1136 1537 plantatae
1147 1518 1156 1534 ,
1192 1492 1287 1525 silv
1298 1504 1318 1525 a
1330 1504 1349 1526 e
1383 1500 1513 1538 sponte
1539 1506 1608 1527 na—

76 1544 148 1572 tae.
179 1538 275 1583 Wr.)
324 1539 393 1572 Pro
414 1539 519 1574 silvis
533 1539 759 1574 coniectabat
777 1541 892 1573 Burm.
911 1540 1043 1581 sulcis,
1066 1551 1112 1572 ne
1130 1539 1226 1573 idem
1252 1539 1308 1573 bis
1328 1538 1517 1574 diceretur.
1558 1543 1607 1576 At

76 1584 189 1631 copia‘
199 1584 371 1620 orationis
385 1585 462 1620 sine
480 1586 686 1633 synonymis
703 1587 801 1622 nulla
821 1598 899 1620 esse
915 1592 1047 1632 potest.

77 1689 210 1720 mento
244 1704 305 1712 ·—
340 1681 543 1722 scrobibus
587 1684 807 1722 concidere.

77 1741 177 1783 318.
210 1739 467 1791 Cone-tetam,
507 1741 666 1794 poetica
695 1742 811 1795 copia

76 1797 341 1852 appositum3
383 1798 444 1838 ita
477 1805 528 1839 ut
571 1813 666 1839 cum
698 1806 812 1839 terra

76 1862 320 1907 concrescat,
351 1855 451 1896 dum
464 1857 667 1912 adfigitur.
687 1858 812 1898 Clau-

76 1914 185 1956 dian.
200 1915 389 1966 XXVIII,
400 1918 457 1958 77
493 1918 610 1955 Hinc
623 1916 697 1956 tibi
712 1931 811 1955 con-

76 1981 185 2013 creta
212 1973 351 2014 radice
386 1977 569 2014 tenacius
596 1975 730 2014 haesit
755 1976 812 2013 Et

72 2033 236 2084 penitus
263 2034 357 2071 totis
374 2033 540 2072 inolevit
566 2034 706 2072 Roma
723 2047 811 2071 me-

76 2089 214 2130 dullis.
286 2090 350 2130 Ex
388 2090 550 2144 vulgari
594 2091 752 2131 ratione
790 2104 812 2130 e

75 2148 219 2188 Servio
252 2148 451 2202 accipitur
475 2149 553 2199 sic,
592 2156 642 2189 ut
659 2149 713 2188 ad
734 2148 812 2188 sri-

75 2219 149 2258 gus
177 2206 422 2259 glaciemque
442 2208 667 2258 reseratur,
698 2206 813 2259 quasi

74 2263 198 2303 radix
227 2273 412 2304 concreta
435 2266 537 2317 gelu
561 2272 681 2316 esset;
722 2271 814 2304 tum

75 2329 177 2361 vero
208 2331 414 2362 concretae
442 2331 569 2362 terme
596 2323 813 2376 legendum

76 2386 194 2420 esset.
254 2381 415 2420 Semine
450 2383 559 2420 iacto
572 2411 585 2431 ‚
639 2381 813 2421 surculis

74 2438 238 2492 positis,
277 2445 328 2478 ut
355 2440 455 2482 268.
484 2440 535 2479 cf.
567 2439 621 2479 ad
643 2453 685 2480 v.
711 2442 811 2482 267.

77 2495 154 2551 (sie
182 2510 246 2550 ap.
278 2496 393 2536 Arat.
424 2511 485 2537 vs.
520 2500 561 2540 9.
604 2497 813 2551 σπέρματα

75 2551 213 2596 πάντα
260 2554 462 2608 βαλέσθαι
517 2556 811 2609 interpretatur

75 2612 191 2653 Voss.
225 2612 346 2668 Wr.)
407 2614 475 2653 Sic
501 2614 640 2653 statim
659 2628 700 2654 v.
724 2617 810 2657 319

76 2672 194 2709 satio.
231 2671 361 2711 Porro
380 2681 418 2711 et
433 2674 582 2711 semine
600 2674 708 2711 iacto
726 2686 811 2711 non

68 2729 234 2780 patitur
248 2728 376 2769 hiems
389 2760 401 2781 ‚
438 2729 480 2770 h.
502 2744 535 2770 e.
552 2731 665 2784 gelu,
694 2731 812 2769 radi-

77 2799 165 2824 cem
199 2787 380 2840 adfigere
425 2796 550 2827 terrae
597 2789 811 2840 quaeritur

79 2843 327 2896 subiectum3
363 2845 536 2885 debebat
554 2845 635 2885 hoc
653 2846 740 2900 peti
758 2859 810 2886 ex

76 2903 228 2939 semine
247 2904 354 2941 iacto
362 2919 379 2951 ;
422 2905 537 2956 atqui
556 2904 636 2943 hoc
654 2905 728 2943 vix
747 2905 810 2943 la·-

76 2958 165 2997 tine
183 2958 324 3010 fieret;
357 2959 574 3001 dicendum
590 2969 709 3001 esset:
738 2977 811 3001 nec

77 3015 208 3055 hiems
235 3031 370 3056 semen
402 3020 555 3058 iactum
576 3021 737 3071 patitur
752 3042 811 3050 --

867 1694 1016 1734 sequor
1034 1695 1128 1735 ergo
1142 1681 1338 1732 alterum,
1366 1688 1417 1722 ut
1433 1682 1607 1737 affugere

867 1754 944 1794 pro
968 1740 1127 1794 affigere
1156 1753 1198 1778 se
1229 1739 1386 1779 dictum
1409 1740 1484 1791 sit,
1512 1755 1606 1781 mo-

866 1811 913 1838 re
926 1799 1086 1851 poetico
1103 1797 1217 1837 haud
1229 1798 1489 1850 infrequenti.
1518 1800 1605 1838 Ex-

866 1856 1044 1910 peditior
1063 1869 1130 1896 res
1146 1862 1207 1895 est
1232 1856 1276 1895 in
1295 1856 1510 1896 Pmdentii
1539 1858 1605 1897 lo-

869 1928 917 1955 co
937 1914 983 1953 in
1002 1916 1155 1968 Symm.
1185 1914 1243 1964 II,
1262 1916 1347 1957 983
1379 1916 1475 1954 Nec
1490 1918 1606 1967 potis

868 1981 927 2012 est
941 1981 1098 2011 tenuem
1109 1973 1244 2011 telluri
1259 1971 1434 2026 affigere
1432 1972 1602 2025 fibram,

868 2045 965 2070 nam
1002 2031 1060 2070 ibi
1105 2029 1315 2084 praecedit
1355 2031 1602 2083 subiectum,

868 2089 994 2128 herba
1008 2106 1021 2127 :
1060 2088 1161 2127 haec
1180 2095 1292 2128 recte
1316 2088 1426 2128 dicta
1444 2091 1603 2143 affigere

869 2147 1016 2186 fibram
1038 2146 1189 2186 telluri.

928 2207 1026 2247 319.
1066 2219 1157 2244 vere
1194 2203 1371 2254 rubenti,
1418 2210 1469 2243 ut
1505 2205 1602 2244 alias

869 2262 1003 2316 poetis
1035 2277 1312 2314 purpureum,
1364 2259 1600 2315 φοινικόπε·

869 2325 996 2372 πλον,
1025 2321 1228 2373 pulcrum.
1255 2321 1305 2359 cf.
1325 2320 1395 2359 Ge.
1414 2320 1481 2371 IV,
1503 2324 1600 2364 306.

870 2382 968 2421 320.
1007 2378 1066 2417 De
1098 2379 1251 2418 ciconia
1283 2378 1600 2431 intelligendum.

871 2440 968 2479 322.
998 2438 1132 2490 Supra
1151 2438 1222 2476 Ge.
1256 2437 1286 2487 Ι,
1310 2439 1396 2479 312
1426 2432 1599 2476 ubi'iam

869 2494 1098 2548 breviorque
1114 2495 1200 2533 dies
1217 2503 1255 2533 et
1272 2495 1435 2533 mollior
1451 2504 1598 2535 aestas.

866 2553 1040 2591 hiemem
1051 2584 1063 2603 ‚
1097 2553 1208 2606 signa
1226 2551 1427 2592 hiemalia.

926 2614 1023 2654 323.
1053 2611 1157 2662 Ver,
1186 2625 1271 2650 non
1292 2610 1416 2650 modo
1436 2610 1599 2660 vitibus,

867 2669 941 2708 sed
974 2670 1162 2709 omnibus
1190 2669 1356 2709 omnino
1385 2668 1598 2708 arboribus

868 2727 1048 2767 serendis
1063 2727 1257 2767 idoneum
1278 2740 1326 2766 ac
1340 2726 1599 2766 commodum

866 2792 1038 2839 tempus.
1070 2784 1147 2841 (de
1173 2786 1279 2825 Adv.
1307 2785 1409 2824 adeo
1435 2784 1519 2823 vid.
1546 2783 1597 2831 Q.

868 2844 916 2884 V.
935 2845 1095 2895 XXVI,
1123 2848 1162 2887 6.
1202 2842 1331 2897 Wr.)
1416 2841 1512 2884 324.
1550 2839 1606 2880 Ἡ

870 2900 958 2957 ὥρα
974 2897 1230 2957 γονιμωτάτῃ
1242 2899 1446 2953 Theophr.
1460 2898 1595 2937 Causs.

866 2961 1000 3000 Plant.
1020 2961 1087 3010 111,
1109 2959 1150 3001 4.
1208 2958 1478 2997 Pulcerrimus
1498 2968 1596 2994 ver-

867 3032 955 3069 ειιε,
984 3025 1035 3058 ut
1063 3023 1176 3057 totus
1192 3017 1307 3054 locus
1322 3044 1334 3065 ‚
1365 3027 1485 3067 quem
1500 3012 1595 3052 imi-

1197 3087 1313 3134 29*
