1768 3320
560 237 669 288 ‘IN
705 236 1126 289 GEORGICA
1510 243 1617 296 275

94 373 369 431 amaret,
391 364 581 429 Quod
603 363 891 416 fecunda
908 365 1109 416 Ceres
1134 379 1413 430 campmx,
1440 366 1617 433 quod

91 437 308 490 Pallas
338 445 733 503 utrumque,
768 438 983 504 Atque
1018 434 1287 485 arbusta
1316 435 1491 500 vagis
1525 453 1618 487 es-

92 515 239 559 sent
276 504 459 575 qnod
501 505 811 557 adultera
850 505 1101 573 ponne,
1151 503 1617 573 Silvarumque

90 578 278 643 dene,
304 583 698 646 sacrataque
724 576 1021 641 numina,
1057 574 1408 643 NymphaS,
1436 577 1618 626 Pacis

89 662 288 716 epae,
336 662 608 714 magnos
650 655 928 697 naturae
982 645 1217 696 condit
1255 646 1322 695 in
1357 662 1514 696 usus
1540 652 1617 711 *).

91 718 219 782 Quo
237 733 440 786 quaeso
467 718 717 786 Operum
744 733 804 767 ac
825 717 1052 768 Dierum
1080 716 1205 767 loco
1229 731 1415 768 earum
1433 733 1619 767 rerum

91 787 376 854 vestigium
408 788 629 856 aliquod
661 786 1082 855 deprehendas?
1156 786 1270 837 Sed
1298 794 1479 853 potest
1513 786 1618 851 hic,

89 858 246 927 quod
274 859 382 910 iam
407 858 654 909 Bentleio
683 859 860 909 visum
894 866 997 923 est,
1033 856 1404 925 interpolatrix
1427 873 1619 907 manus

88 938 320 995 grassata
355 945 473 980 esse
503 929 713 989 videri3
763 928 821 979 id
852 937 1039 979 tamen
1071 944 1199 978 cum
1230 943 1388 993 aegre
1425 926 1620 977 admit-

92 999 322 1050 tendum
350 1000 417 1050 sit
434 1038 449 1062 ,
484 999 677 1051 videor
699 998 836 1049 mihi
855 998 1139 1050 Manilium
1158 998 1427 1066 Propertii
1444 998 1621 1048 imita-

90 1071 244 1121 tione
288 1069 514 1121 ulterius
532 1111 546 1135 ‚
603 1086 769 1138 quam
817 1068 982 1120 vellet
999 1109 1015 1134 ‚
1073 1077 1323 1120 evectum
1369 1085 1620 1119 excusare

91 1156 267 1208 posse.
352 1143 629 1206 Lynceum
677 1142 720 1191 is
744 1144 837 1206 **)
876 1140 1111 1190 amicum
1146 1156 1311 1190 suum
1327 1179 1342 1203 ‚
1396 1147 1620 1206 poetam

90 1211 332 1277 graviora
373 1220 689 1276 argumenta
725 1219 951 1261 tractare
981 1209 1204 1260 solitum
1215 1219 1236 1274 '‚
1293 1226 1480 1262 amore
1514 1209 1622 1259 iam

91 1290 309 1349 captum
343 1281 598 1347 exagitat,
646 1290 700 1332 et
730 1281 798 1332 ad
827 1280 1010 1347 elegos
1039 1280 1328 1330 amatorios
1358 1279 1621 1330 adhaesu-

92 1368 218 1403 rum
249 1367 367 1402 esse
398 1361 698 1418 auguratur.
768 1355 882 1403 Nec
913 1360 1099 1401 tamen
1128 1367 1248 1401 eam
1276 1366 1398 1402 rem
1425 1359 1487 1400 ut
1518 1367 1621 1417 pu-

95 1422 217 1473 dori
238 1422 342 1472 sibi
371 1421 558 1486 ducat,
594 1431 687 1472 aut
708 1430 771 1471 ut
803 1421 938 1472 haec
970 1421 1205 1472 carmina
1231 1421 1508 1471 minorem
1537 1420 1620 1470 in·-

93 1501 177 1544 ter
196 1494 477 1544 Romanos
497 1492 744 1544 habitura
775 1507 892 1543 esse
918 1492 1142 1557 gratiam
1170 1491 1462 1556 existimet,
1498 1506 1622 1541 mo-

94 1572 219 1615 net:
263 1562 399 1613 dum
428 1562 672 1613 bucolica
696 1562 921 1625 scribat,
960 1561 1094 1612 dum
1120 1561 1346 1612 Hesiodi
1371 1560 1620 1628 exemplo

95 1633 167 1684 de
194 1649 256 1683 re
285 1633 480 1683 rustica
512 1649 733 1683 carmen
763 1632 987 1698 condat,
1035 1648 1168 1682 nou
1196 1640 1414 1682 tamen
1442 1630 1621 1695 haec,

94 1720 234 1772 quae
260 1702 335 1754 de
366 1719 555 1754 amore
586 1704 879 1771 scripturus
909 1703 1010 1768 sit,
1057 1701 1182 1753 ulli
1215 1702 1492 1752 venient
1530 1701 1621 1751 in-

92 1782 276 1840 grata
300 1773 581 1840 legenti,
621 1774 771 1825 Sive
798 1775 863 1824 in
886 1789 1111 1825 amore
1134 1770 1321 1822 rudis
1354 1771 1490 1822 sive
1516 1787 1622 1838 pe-

93 1845 261 1894 ritus
294 1844 434 1896 erit.
505 1846 768 1897 Luserant
797 1843 1019 1906 eadem,
1065 1842 1268 1910 pergit,
1305 1841 1405 1892 alii.
1475 1844 1623 1893 Dum

91 1913 396 1965 Hesiodum
415 1923 713 1980 memorat,
750 1916 846 1964 'I'u
875 1914 1081 1978 cani5‚
1116 1913 1316 1980 inquit,
1352 1911 1622 1963 Ascraei

93 1985 341 2035 veteris
386 1994 751 2052 praecepta
798 1992 1076 2053 poetae,
1130 1986 1274 2047 Quo
1321 1998 1511 2048 seges
1555 1982 1621 2032 in

95 2070 350 2123 camp0‚
404 2071 536 2122 quo
570 2056 742 2106 viret
778 2071 900 2105 uva
935 2054 1104 2120 iugo,
1176 2052 1343 2105 Vides
1370 2052 1620 2120 exemplo

86 2125 317 2176 *Hesiodi
350 2125 466 2176 cani
505 2126 632 2188 dici,
667 2141 783 2176 non
811 2125 877 2176 ab
906 2124 1024 2191 ipso
1048 2123 1317 2185 Hesiod03
1354 2123 1532 2190 potuit
1561 2139 1621 2172 ea

92 2203 278 2245 tamen
298 2195 548 2261 Manilius
576 2195 643 2246 ad
665 2195 968 2246 Hesiodum
988 2195 1167 2261 ipsum
1190 2191 1423 2258 referre,
1461 2202 1621 2260 atque

97 2266 284 2329 etiam,
318 2282 443 2315 cum
466 2266 521 2315 in
546 2265 706 2316 laude
736 2275 932 2334 poetae
955 2272 1282 2329 versaretur,
1320 2280 1387 2313 eo
1412 2262 1622 2328 adduci,

93 2344 156 2385 ut
175 2335 444 2404 copiosius
470 2345 524 2386 et
543 2336 805 2402 ornatiuS‚
843 2352 903 2386 ac
924 2351 1012 2385 res
1034 2332 1269 2400 ferebat,
1306 2331 1544 2386 efferret.

236 2475 638 2527 Sententiarum
667 2484 723 2529 et
751 2483 1171 2543 praeceptorum
1201 2473 1281 2523 rei
1308 2473 1537 2524 rusticae
1566 2473 1621 2522 in

93 2544 201 2596 hoc
226 2546 464 2598 carmine
487 2546 992 2614 interpretationem
1018 2545 1134 2595 sine
1155 2542 1421 2594 tolerabili
1451 2543 1623 2610 aliqua

97 2614 484 2681 agricolationis
512 2617 702 2684 peritia
726 2624 875 2668 recte
904 2616 988 2667 vix
1010 2613 1303 2665 succedere
1321 2631 1507 2682 posse,
1543 2611 1623 2662 fa-

97 2685 195 2736 cile
219 2685 553 2753 intelligitur3
593 2704 713 2739 eam
741 2696 927 2740 tamen
952 2686 1008 2737 in
1035 2685 1147 2741 mei
1171 2683 1374 2736 ordinis
1394 2684 1622 2738 homine

140 2851 168 2895 Ἴ
196 2851 319 2886 Manil.
339 2853 383 2895 11,
406 2852 451 2887 19
470 2864 547 2898 sqq.

141 2909 184 2953 ’Ἴ
208 2910 372 2955 Propert.
390 2909 454 2944 lib.
472 2911 504 2962 H
521 2910 622 2954 Elcg.
647 2916 737 2944 extr.
755 2922 877 2945 versus
893 2909 1011 2944 finem.

1228 2967 1332 3014 18*
