1768 3320
344 248 767 299 BUGOLICA
801 251 967 300 ECL.
1007 253 1069 315 V,
1105 257 1252 303 73—
1276 261 1341 306 87
1505 263 1601 311 165

78 377 333 443 Dumque
377 373 565 439 thymo
614 383 902 441 pascentur
955 394 1105 443 apes,
1173 377 1306 428 dum
1355 398 1480 432 rore
1528 386 1599 435 ci-

302 443 309 450 *
866 446 1052 499 cadae:

80 516 310 582 Semper
344 512 524 563 honos
553 530 870 582 nomenque
901 525 1057 567 tuum
1085 515 1380 585 laudesque
1412 537 1598 572 mane-

139 591 145 603 *
861 584 1012 638 bunt

75 655 148 705 Ut
163 652 374 704 Baccho
399 654 692 720 Cererique
709 694 722 716 ‚
759 653 855 704 tibi
878 656 952 705 sic
970 665 1093 706 vota
1121 665 1255 724 quot
1275 658 1425 707 annis

75 723 351 789 Agricolae
373 721 595 784 sacient3
635 723 911 775 damnabis
933 735 991 776 tu
1017 743 1238 795 quoque
1262 729 1411 781 votis,
1531 736 1596 782 80

144 808 240 847 Μο.
299 796 449 857 Quae
483 793 602 858 tibi,
651 811 788 862 quae
823 795 914 845 tali
949 796 1177 847 reddam
1215 814 1316 866 pro
1361 801 1595 850 carmine

849 865 1033 918 -dona!

72 936 211 985 Nam
230 949 410 1000 neque
430 950 521 983 me
542 942 752 984 tantum
773 936 1035 987 venientis
1056 936 1241 987 sibilus
1264 938 1439 1002 austri,

71 1006 185 1055 Nec
205 1020 454 1071 percussa
475 1004 654 1054 iuvant
676 1002 843 1054 fluctu
863 1014 973 1056 tam
990 1007 1170 1072 litora,
1208 1024 1310 1058 nec
1333 1025 1469 1076 quae

75 1076 292 1124 Saxosas
312 1073 453 1124 inter
473 1073 764 1124 decurrunt
783 1072 1006 1128 flumina
1026 1077 1202 1130 valles.

73 1160 161 1197 ME.
196 1147 308 1195 Hac
326 1152 381 1194 te
404 1160 504 1193 nos
526 1142 697 1210 fragili
720 1144 1042 1198 donabimus
1067 1157 1190 1198 ante
1213 1148 1393 1199 cicuta.

70 1217 216 1265 Haec
235 1230 361 1278 1105,
395 1216 721 1264 Formosum
746 1216 1001 1281 Corydon
1024 1218 1244 1269 ardebat
1269 1217 1501 1268 Alexim:

70 1287 216 1336 Haec
235 1283 426 1335 eadem
449 1284 656 1349 docuit,
696 1286 890 1335 Cuium
911 1295 1112 1355 pecus?
1148 1306 1215 1339 an
1238 1287 1531 1340 Meliboei?

142 1380 223 1431 85.
259 1392 476 1439 clcu‘rA3
551 1384 631 1430 86.
667 1380 868 1429 ALExm

1525 1150 1591 1200 85

163 1536 440 1596 vpascumar
466 1539 555 1573 Gud·
571 1566 580 1582 ‚
612 1541 707 1584 quod
733 1548 852 1576 tuetur
877 1542 972 1577 cort.
999 1543 1044 1577 ad
1071 1543 1161 1577 Plin.
1181 1544 1214 1577 11
1242 1544 1333 1588 Epp.
1354 1544 1390 1583 9,
1410 1543 1435 1575 f.
1462 1541 1584 1586 (male;

69 1589 157 1623 dum
177 1588 344 1622 adiuncto
368 1599 484 1631 praes.
504 1593 580 1620 est:
606 1585 646 1623 ἐν
666 1583 708 1636 ᾦ.
755 1591 799 1622 Et
818 1589 888 1623 vid.
907 1592 951 1632 Q.
971 1592 1015 1625 V.
1034 1592 1101 1633 VI,
1124 1591 1159 1627 5.
1190 1590 1284 1634 Wr.)
1380 1590 1427 1625 78
1452 1590 1585 1621 Versus

68 1636 239 1682 repetitus
263 1637 349 1668 Aen.
367 1636 395 1676 Ι,
420 1635 499 1670 609.
593 1636 640 1671 79
664 1635 731 1669 tibi
756 1649 827 1670 saa
852 1638 982 1671 Moreti
1010 1645 1162 1683 quartus.
1257 1639 1304 1673 80
1329 1634 1523 1670 damnabis
1540 1655 1585 1660 —

68 1685 175 1718 votis.
205 1682 373 1716 Placebat
390 1680 536 1715 Heinsio
555 1683 643 1716 voti.
673 1682 743 1717 Sed
758 1690 941 1730 utrumque
961 1693 1068 1719 recte.

66 1731 231 1765 carmine
246 1728 306 1763 alt.
341 1728 457 1776 digna
473 1729 637 1763 Parrhas.
673 1738 762 1763 vota
786 1742 871 1764 unus
888 1731 988 1766 Leid.

66 1779 195 1812 Moret.
287 1775 334 1811 85
357 1776 575 1809 donavimus
591 1788 648 1821 ap.
668 1777 821 1810 Probum
844 1777 881 1811 iu
900 1778 1073 1812 Institutis
1102 1786 1166 1812 art.
1193 1784 1229 1811 et
1249 1778 1286 1811 in
1307 1789 1360 1822 pr.
1381 1776 1526 1810 Mentel.
1547 1784 1584 1809 et

66 1825 155 1870 Reg.
175 1823 294 1870 (etiam
310 1824 345 1859 2-
365 1822 400 1857 8.
434 1822 528 1866 Wr.)
541 1849 550 1863 ,
575 1823 670 1868 quod
688 1824 732 1857 de
750 1831 876 1868 parato
896 1825 1077 1859 Menalcae
1097 1826 1143 1859 ad
1165 1824 1364 1859 donandum
1385 1823 1500 1858 animo
1520 1835 1584 1857 ac-

67 1871 155 1917 cipit
178 1872 339 1911 Muson.,
371 1881 495 1914 parum
521 1878 617 1914 apte.
666 1879 772 1912 ante,
803 1879 987 1918 antequam
1015 1872 1236 1907 discedimus.
1282 1871 1406 1905 Paullo
1433 1870 1582 1904 ieiunius

65 1918 136 1954 hoe
153 1931 174 1952 a
190 1923 299 1964 poeta
316 1916 497 1950 insertum.
528 1918 731 1951 Praestabat
747 1918 871 1952 saltem
889 1932 979 1954 ecce.
1011 1919 1164 1954 Coniicit
1180 1919 1249 1953 hoc
1268 1918 1362 1952 idem
1382 1920 1431 1951 Io.
1450 1917 1582 1952 Schra-

66 1966 142 2000 der.
165 1972 202 1999 et
230 1964 350 1998 laudat
368 1965 429 2006 VI,
455 1965 501 2000 69
535 1966 616 1998 Hos
642 1963 711 1998 tibi
735 1966 829 1998 dant
853 1967 1032 2008 calamos,
1076 1980 1122 2001 en
1153 1968 1294 2020 acce-Pe,
1328 1967 1475 1999 Musae.
1525 1966 1583 2010 (At

65 2013 218 2058 pessime
242 2012 330 2045 haec
355 2018 500 2044 sonant:
533 2024 612 2045 ecce
637 2013 777 2047 cicuta:
815 2019 851 2046 et
876 2021 973 2048 recte
1003 2014 1084 2060 ipse
1112 2015 1272 2059 Heymus
1300 2012 1336 2046 in
1368 2012 1454 2046 edit.
1477 2012 1579 2045 mim:

66 2087 89 2103 „
98 2069 186 2095 ante
197 2085 207 2103 ,
232 2070 334 2106 quam
350 2064 389 2091 tu
404 2070 460 2091 me
481 2057 576 2091 dono
593 2069 708 2092 ornes.
719 2062 742 2078 “
773 2060 868 2105 lVr.)

1163 1685 1207 1720 81
1228 1697 1301 1731 pro
1318 1695 1469 1717 munere
1483 1682 1584 1716 Leid.

1083 1733 1131 1768 82
1155 1744 1222 1765 nec
1246 1731 1380 1764 mentis
1400 1742 1430 1764 s.
1459 1729 1583 1774 fragm.

436 2136 451 2156 D

63 2200 319 2241 inductiones
356 2198 596 2237 declaretur.
614 2219 674 2227 —
695 2198 794 2237 dum
851 2206 936 2239 ctat
955 2207 1090 2239 autem
1103 2200 1184 2239 hoc
1200 2199 1254 2238 ad
1274 2212 1425 2239 numen
1443 2198 1579 2237 decla-

63 2274 147 2298 rore
155 2258 321 2297 cicadae
335 2273 347 2294 .·
369 2257 535 2308 antiqua
552 2255 793 2308 opinio.vid.

63 2316 226 2356 Hesiod.
261 2317 323 2354 Sc.
353 2315 473 2353 Herc.
501 2314 598 2363 395,
621 2313 791 2354 Theocr.

61 2373 259 2428 Idyll.IV,
283 2375 348 2415 16.
371 2373 419 2411 cf.
441 2372 573 2411 Ursin.
595 2378 635 2410 et
649 2372 790 2412 Cerda.

61 2436 130 2476 79.
161 2435 228 2475 80.
258 2431 474 2470 Referetur
493 2444 586 2482 ergo
610 2429 788 2482 Daphnis

60 2491 104 2530 in
119 2490 290 2529 deorum
316 2490 532 2542 agrestimn
560 2502 787 2527 numerum.

60 2547 274 2587 damnabis
293 2555 338 2585 tu,
354 2561 509 2600 quoque
523 2548 638 2596 νοίιὲς,
665 2545 706 2585 h.
726 2560 785 2597 eo,

59 2606 172 2659 quod
217 2605 400 2644 homines
453 2618 591 2643 earum
634 2617 786 2654 rerum,

60 2678 159 2716 quas
178 2677 202 2701 a
224 2670 266 2702 te
279 2662 434 2716 precati
449 2669 586 2711 erant,
618 2676 785 2715 compo-

58 2728 119 2760 tes
145 2721 261 2771 facis,
292 2720 482 2773 obligabis
510 2734 575 2759 eos
602 2720 654 2758 ad
673 2726 783 2770 vota,

60 2792 161 2831 quae
182 2792 228 2817 ea
249 2779 361 2831 quasi
381 2779 455 2817 sub
475 2778 705 2818 conditione
723 2779 786 2817 fe-

60 2843 200 2875 cerant
218 2867 230 2886 ,
280 2837 485 2876 solvenda.
554 2837 632 2874 Res
671 2850 786 2889 saepe

59 2894 190 2933 obvia.
220 2894 277 2932 sie
312 2900 353 2933 et
380 2897 465 2932 voti
491 2909 579 2932 rems·
608 2894 707 2933 Aen.
737 2894 785 2944 V,

58 2954 156 2994 237.
221 2951 414 2990 Formula
444 2952 652 2991 sollennis:
705 2953 786 2990 da-

58 3018 220 3047 mnatus
243 3011 347 3058 voti,
387 3009 457 3047 sed
482 3016 523 3048 et
553 3018 654 3048 voto.
685 3011 785 3062 Spe-

848 2258 1046 2308 randum,
1090 2266 1139 2297 ut
1173 2272 1257 2297 non
1294 2257 1416 2296 modo
1451 2271 1577 2307 sacra,

848 2330 992 2355 verum
1016 2322 1066 2355 ut
1104 2316 1225 2355 etiam
1256 2329 1395 2369 preces
1420 2321 1461 2354 et
1480 2322 1578 2354 vota

848 2374 900 2412 ad
927 2387 1042 2424 eum,
1074 2374 1144 2426 qui
1170 2375 1278 2413 inter
1306 2374 1402 2412 deos
1427 2373 1578 2412 relatus

846 2438 928 2481 est,
966 2432 1090 2481 fiant,
1119 2439 1247 2484 utque
1272 2438 1393 2482 vota,
1430 2445 1476 2470 re
1498 2432 1575 2470 im-

844 2496 1028 2543 petrata,
1060 2490 1095 2528 ei
1114 2490 1412 2542 persolvantur.
1452 2490 1577 2528 Simili

844 2548 967 2586 modo
1015 2562 1164 2586 numen
1216 2548 1448 2586 declaratur
1503 2560 1576 2599 per

843 2605 1146 2645 iusiurandum:
1163 2605 1446 2658 Iurandasque
1463 2613 1577 2643 tau-m

835 2679 917 2715 per
935 2678 1083 2702 numen
1095 2679 1288 2716 pommus
1305 2678 1415 2701 aras.

903 2780 971 2820 82.
998 2781 1159 2817 veniens
1189 2787 1326 2817 auster
1352 2784 1412 2816 est
1431 2778 1574 2826 oriens,

843 2835 942 2875 flare
968 2836 1172 2889 incipiens,
1197 2836 1280 2875 vid..
1310 2837 1447 2874 Burni.
1506 2836 1573 2875 83.

844 2893 1029 2933 Certavit
1062 2908 1154 2933 cum
1195 2893 1363 2932 Theocr.
1402 2893 1439 2941 Ι,
1468 2895 1506 2933 7.
1535 2893 1573 2931 8.

844 2955 912 2994 86.
953 2954 1020 2994 87.
1060 2952 1237 2990 Exordja
1268 2950 1493 2989 carminum
1521 2947 1575 2985 ad

843 3023 887 3046 ea
937 3009 1177 3049 declaranda
1223 3008 1354 3062 posita
1389 3013 1437 3045 ut
1486 3019 1572 3056 sup.
1608 3044 1618 3061 Ι
