1734 3320
0 331 30 507 ι

0 544 16 594 ζ
43 521 291 589 Frigidus
307 530 371 573 ut

257 251 751 307 GEoRGmON
785 251 926 305 Llss.
954 255 1043 319 lv,
1068 258 1364 310 250—266

1470 263 1573 311 639

23 385 192 436 :frum
238 398 407 434 sonus
453 381 670 433 auditur
715 380 929 446 gravior
947 422 961 449 ,
1026 383 1348 451 tractimque
1391 401 1573 436 susur-

43 460 49 464 “
782 460 929 503 rant:

400 520 682 589 quondam
704 520 844 571 silvis
864 521 1224 571 inmurmurat
1243 524 1456 587 Auster3

1467 461 1572 510 260

0 596 14 673 {j
43 596 119 646 Ut
137 609 289 644 mare
312 591 602 643 sollicitum
622 591 797 640 stridit
818 590 1171 642 refluentibus
1193 591 1379 655 undis;

0 689 6 735 ᾗ
44 667 264 716 AeStuat
280 672 343 714 ut
364 662 553 713 clausis
572 661 789 728 rapidus
810 660 1120 712 fornacibus
1140 663 1288 727 igniS.

0 736 10 796 ς’
43 734 144 786 Hic
165 734 271 784 iam
293 733 584 800 galbaneos
610 732 852 782 suadebo
878 733 1170 783 incendere
1198 732 1413 796 odoreS‚

0 814 6 860 ἶ
41 803 315 873 Mellaque
341 803 652 854 arundineis
676 801 877 853 inferre
909 802 1201 866 canalibUS,
1237 802 1381 852 ultro

1469 805 1572 857 265

41 876 368 926 Hortantem
406 883 460 924 et
478 872 644 924 fessas
673 873 741 924 ad
762 872 956 940 pabula
976 882 1106 923 nota
1131 882 1431 925 vocantem.

0 963 25 1010 fe

0 1049 6 1060 ²
43 1058 278 1098 tractumque

42 1091 302 1132 immurmurat
325 1098 575 1145 Longobard.‚
614 1109 679 1131 nec
710 1097 814 1131 male.
859 1109 893 1130 v.
925 1096 1046 1130 Heius.

90 1004 163 1040 ἕο
186 1011 287 1038 tract

337 1017 385 1039 ue
419 1002 566 1038 Mentel.
603 1009 640 1036 et
670 1002 808 1036 Bodlei.
846 1002 918 1036 vid.
953 1003 999 1036 ad
1029 1001 1145 1036 Gratii
1175 1002 1307 1047 Cyneg.
1333 1002 1422 1042 362,
1456 1002 1572 1034 Burm.

363 1051 419 1086 th.
450 1063 507 1097 pr.
555 1059 755 1084 susurrant
782 1050 874 1084 Gud.
923 1058 1104 1083 sus-urant
1132 1050 1255 1083 Franc.

1360 1049 1428 1084 261
1456 1048 1574 1082 silvas

1164 1098 1237 1132 262
1266 1095 1376 1129 Abest
1404 1107 1524 1129 versus
1551 1107 1572 1129 a

41 1145 206 1180 Pan-has.
253 1149 335 1180 Aue
354 1146 483 1180 Medic.
500 1144 627 1186 Pierii,
652 1146 781 1178 Mol-et.
802 1157 855 1190 pr.
875 1144 1010 1177 Zulich.
1032 1145 1119 1188 Reg.
1140 1143 1235 1188 apud
1254 1142 1397 1176 Martin-
1446 1143 1572 1176 stridit

42 1192 169 1227 Heius.
181 1193 342 1228 eMedic.
360 1193 456 1227 Gud.
467 1206 489 1227 a
507 1206 554 1226 m.
566 1204 620 1238 pr.
646 1192 765 1237 Vulgo
774 1191 927 1231 stride-m
953 1191 1049 1236 quod
1064 1198 1100 1224 et
1110 1191 1285 1224 Romanus
1301 1196 1431 1223 tuetur.
1499 1190 1572 1226 263

42 1241 206 1275 Aestuat
234 1240 395 1276 inclusis
426 1241 570 1275 Servius
598 1239 756 1273 Danielis
789 1245 826 1272 et
859 1238 1008 1272 aliorum
1038 1238 1083 1271 ad
1113 1241 1199 1271 Aen.
1230 1239 1286 1279 V,
1310 1237 1392 1273 595.
1438 1238 1573 1284 ingens·

41 1287 175 1322 Medic.
192 1300 214 1322 a
230 1299 276 1322 m.
307 1299 363 1333 pr.

457 1288 529 1324 264
554 1289 653 1320 Hinc
675 1288 749 1321 iam
768 1286 898 1320 Medic.
928 1298 1005 1319 cum
1029 1285 1138 1319 tribus
1169 1285 1246 1318 aliis
1268 1284 1364 1329 apud
1384 1284 1506 1320 Heius.
1534 1289 1572 1317 et

41 1334 117 1369 er.
150 1340 204 1381 (at
226 1334 288 1369 hic
307 1341 363 1368 est
384 1334 618 1382 prior-lectio
636 1333 802 1368 Medicei.
841 1335 898 1368 W
894 1334 939 1377 r.)
989 1331 1188 1379 infundere
1206 1331 1377 1366 Rottend.
1398 1338 1482 1365 tert.
1499 1341 1567 1376 pro

44 1381 117 1416 div.
135 1381 220 1416 leot.
268 1380 412 1429 inferre
431 1381 626 1418 canalibus
647 1381 748 1416 ultro
760 1408 769 1424 ,
794 1379 1013 1426 interpungit
1033 1379 1176 1415 Wakef.

102 1478 202 1522 252.
238 1479 341 1518 Vita
370 1479 487 1528 tulit,
516 1476 559 1516 h.
588 1477 783 1527 conditio,

43 1550 154 1587 sors,
182 1542 334 1576 natura
356 1550 494 1590 apum,
528 1542 577 1576 ut
599 1538 711 1590 βίος,
743 1542 785 1575 et

43 1607 163 1648 saepe
179 1597 268 1635 vita
286 1595 488 1634 humana.
551 1594 650 1638 254.
674 1595 783 1633 alius

44 1653 166 1703 color,
189 1648 469 1707 ἆλλοχροοῦσι.
526 1654 626 1696 259.
645 1654 783 1705 Igna-

43 1716 123 1750 me
132 1711 258 1764 fame
270 1741 283 1761 ,
314 1710 461 1750 inedia.
521 1711 603 1750 Sed
617 1711 783 1764 proprie

5 1771 182 1824 ss-potest
217 1775 357 1822 tamen
386 1769 536 1822 aceipi3
577 1776 639 1808 est
677 1770 784 1808 enim

31 1827 179 1881 fames
197 1826 366 1867 hiberna
383 1828 493 1867 inter
511 1828 643 1867 morbi
664 1842 784 1867 caus-

44 1899 108 1926 sas
127 1902 137 1925 :
173 1887 286 1926 unde
319 1886 429 1925 inter
456 1887 637 1926 remedia
674 1887 785 1926 infra

42 1957 105 1984 vs.
124 1946 211 1987 280
228 1944 311 1984 cibi
332 1945 448 1999 copia
474 1946 655 1998 ponitur.
684 1960 784 1983 con-

43 1997 172 2042 tracto
194 2002 359 2056 fiigore
394 2005 548 2055 pigrae
562 2034 574 2053 ‚
616 2003 784 2055 proprie

44 2066 142 2101 sunt
187 2061 299 2114 ipsae
333 2060 498 2113 frigore
544 2069 783 2099 contractae.

3 2120 6 2124 ’
44 2119 127 2158 Sed
170 2120 420 2158 transfertur
464 2117 546 2157 boc
564 2149 575 2167 ‚
623 2118 782 2171 poetico

43 2189 159 2216 more
177 2206 189 2227 ,
220 2177 273 2216 ad
313 2177 448 2230 ipsum
483 2176 623 2228 frigus.
683 2179 782 2218 260.

7 2264 10 2266 v
45 2237 232 2285 tractim,
282 2241 422 2274 tractu
439 2265 450 2284 ‚
489 2233 694 2273 trahendo
726 2247 781 2283 se,

0 2321 13 2339 ,
28 2293 132 2333 ‘sive
158 2293 213 2332 ad
243 2300 405 2347 tempus
441 2293 591 2332 reseras
603 2323 615 2342 ‚
658 2298 707 2331 ut
732 2292 783 2330 sit

46 2351 243 2391 continuo
265 2382 276 2402 ,
317 2352 468 2404 iugiter
485 2380 496 2400 ,
527 2351 612 2390 sive
643 2350 696 2389 ad
714 2350 781 2389 lo-

45 2423 154 2461 cum,
185 2410 235 2448 ab
254 2424 339 2449 uno
357 2410 503 2462 angulo
521 2409 575 2447 ad
594 2409 782 2459 alterum,

18 2509 22 2511 .
44 2481 120 2522 per
152 2482 292 2507 omnes
319 2468 529 2507 alveorum
556 2474 595 2506 et
627 2467 785 2506 exami-

44 2540 147 2566 num
165 2526 329 2566 ordines
344 2540 513 2566 susurro
532 2526 784 2575 continuato,

46 2584 387 2638 ἐπισεσυρμένως,
407 2584 466 2624 nil
482 2585 665 2623 interest.
695 2583 786 2622 Hoc

46 2643 154 2682 forte
188 2643 373 2693 doctius,
422 2649 472 2682 ut
509 2644 670 2682 Lucret.
707 2642 780 2691 ΠΙ,

1 2716 25 2742 Γ
48 2700 135 2744 529
149 2702 263 2741 -mori
292 2700 477 2740 homines
506 2715 580 2754 per
602 2700 783 2739 membra

47 2759 209 2798 sublato
232 2773 369 2799 sensu:
393 2768 492 2811 post
510 2760 602 2798 inde
613 2774 695 2812 per
710 2774 782 2797 ar-

46 2825 114 2855 tus
141 2819 208 2856 Ire
237 2818 345 2856 alios
375 2819 537 2856 tractim
559 2818 693 2870 gelidi
711 2831 782 2856 ve·-

47 2877 177 2927 8ligia
199 2876 281 2914 leti.
339 2877 439 2917 261.
470 2876 666 2927 Frigidus
689 2875 784 2913 Au-

45 2940 127 2971 uer
142 2963 154 2982 ,
187 2932 272 2972 vid.
294 2932 347 2971 ad
369 2933 440 2971 Ge.
471 2932 537 2982 ῘΠ,
568 2935 666 2975 278.
686 2935 784 2975 279.

45 2989 147 3029 Mox
162 2993 250 3033 262
267 3004 379 3028 mare
398 2991 616 3028 sollicitum
627 3020 639 3039 ,
673 2990 785 3029 solli-

47 3049 244 3099 citatum,
286 3054 555 3098 commotum,
590 3044 785 3102 ὄρινόμε-

842 1493 938 1526 νον,
987 1489 1059 1515 seu
1105 1474 1274 1514 defluxu
1308 1473 1431 1512 maris
1463 1472 1572 1512 reci-

841 1549 966 1588 proco
980 1565 990 1584 ,
1020 1547 1090 1573 seu
1103 1564 1113 1582 ,
1143 1539 1192 1571 ut
1214 1534 1257 1572 iu
1276 1532 1468 1581 Homero,
1488 1530 1571 1570 flu-

842 1594 973 1632 ctibus
993 1592 1046 1631 ad
1073 1592 1188 1630 littus
1213 1590 1395 1644 impulsis
1416 1596 1458 1628 et
1479 1589 1572 1628 alli-

840 1652 906 1690 sis.
969 1653 1066 1693 263.
1082 1649 1279 1701 meaces
1310 1654 1407 1688 sunt
1431 1648 1572 1687 fabro-

839 1724 934 1749 rum
952 1708 1063 1762 apud
1080 1713 1233 1761 poetas.
1284 1707 1436 1746 Ternas
1457 1719 1571 1745 com-

840 1768 1071 1822 parationes
1089 1779 1140 1804 ex
1163 1766 1342 1805 Homero
1366 1777 1573 1817 expressas

842 1840 926 1865 esse
956 1831 1050 1878 post
1076 1824 1207 1863 Servii
1236 1823 1433 1862 indicium
1465 1822 1574 1861 vidit

840 1885 921 1924 iam
959 1883 1159 1931 Guellius,
1198 1882 1312 1921 Iliad.
1341 1884 1382 1932 ξ,
1417 1879 1574 1923 394—

842 1946 940 1985 399.
970 1942 1101 1981 Aliam
1118 1940 1324 1979 Homerici
1337 1939 1416 1979 loci
1433 1939 1573 1978 imita—

840 2002 995 2040 tionem
1013 2001 1055 2038 in
1088 1999 1245 2047 Quinto
1267 2000 1487 2051 Smyrnaeo
1504 1996 1573 2035 vi-

842 2059 960 2107 deas,
1000 2057 1300 2110 locupletissimi
1324 2056 1378 2094 ad
1405 2060 1574 2094 ornatus

842 2115 1094 2168 quaerendos
1121 2114 1271 2167 ingenii
1295 2120 1442 2166 poeta,
1478 2126 1572 2151 mo·-

842 2175 895 2214 do
944 2173 1175 2225 castigatior
1222 2178 1325 2210 esset
1344 2202 1356 2221 ,
1414 2172 1482 2210 lib.
1513 2170 1571 2218 V,

840 2234 926 2277 364
942 2254 1002 2262 —
1022 2234 1107 2273 380
1125 2253 1183 2260 —
1203 2232 1355 2272 386—-
1372 2231 1470 2271 389.
1498 2227 1573 2268 ubi

839 2290 956 2329 facile
976 2302 1164 2342 agnosces
1178 2288 1396 2338 luxuriem,
1426 2287 1458 2326 si
1478 2300 1572 2325 cum

840 2348 1008 2401 Virgilio
1033 2359 1252 2400 compares.

899 2406 996 2449 264.
1024 2406 1082 2444 De
1102 2404 1288 2457 galbano
1315 2402 1398 2443 vid.
1428 2401 1482 2440 ad
1500 2401 1571 2440 Ge.

841 2465 916 2515 III,
932 2464 1030 2507 415.
1072 2462 1147 2517 (de
1180 2462 1220 2502 vi
1239 2461 1345 2501 Adv.
1366 2462 1468 2499 ultro
1486 2459 1571 2499 vid.

844 2523 896 2572 Q.
912 2523 959 2562 V.
974 2522 1141 2573 XXVII,
1157 2524 1194 2563 1.
1215 2522 1286 2559 IV
1279 2518 1328 2574 r.)
1367 2517 1571 2571 266 fis-

844 2597 927 2630 sas,
962 2594 1112 2634 aegras,
1145 2585 1196 2618 ut
1213 2591 1343 2630 saepe.
1382 2575 1572 2619 267.a0L-

840 2642 1003 2678 miscere
1015 2670 1026 2689 ,
1060 2639 1142 2678 scil.
1154 2637 1232 2676 illis
1250 2635 1449 2684 mellibus,
1470 2645 1572 2686 quae

840 2697 1031 2737 infundis.
1052 2697 1207 2736 Colum.
1218 2695 1244 2734 l.
1255 2695 1282 2733 l.
1314 2694 1369 2732 Id
1384 2707 1476 2731 cum
1495 2706 1571 2729 ac-

841 2756 960 2805 cidit,
994 2755 1230 2794 arundineis
1260 2751 1390 2804 infimi
1407 2749 1571 2788 canali-

841 2814 915 2852 bus
937 2813 1157 2868 offerantur
1174 2811 1255 2850 cibi
1262 2841 1273 2859 ‚
1304 2810 1481 2847 maxime
1498 2806 1572 2844 de-

842 2874 946 2911 cocti
971 2872 1102 2910 mellis
1116 2901 1127 2919 ‚
1171 2878 1209 2907 et
1232 2881 1325 2906 cum
1356 2866 1479 2917 galla
1506 2863 1573 2902 vel

842 2931 963 2969 arida
990 2944 1081 2968 rosa
1112 2927 1256 2965 detriti.
1319 2923 1454 2972 Galla,
1495 2934 1570 2960 ex-

843 3001 1023 3027 crescens
1070 2986 1137 3024 ille
1179 2984 1224 3022 in
1256 2981 1570 3034 glandiferarum

842 3045 1133 3085 nonnullarum
1160 3041 1352 3081 arborum
1373 3038 1480 3078 foliis
1495 3043 1569 3077 tu-
