1768 3320
204 254 323 289 cxlv
501 236 558 284 P.
592 229 885 283 VIRGILII
918 222 1235 277 MARONIS
1273 219 1443 270 VITA

207 373 314 420 „est‚
355 362 632 411 admetireris‚
671 359 909 414 reliquistif‘
967 353 1198 396 Praeclarus
1223 351 1362 400 loeus,
1393 348 1517 407 modo
1533 362 1617 389 non
1637 356 1763 401 esset*

209 425 390 466 mutilus.
451 421 590 461 Tertio
610 420 700 459 loco
727 420 918 459 Asinium
938 415 1184 459 Pollionem,
1225 422 1344 462 quem
1364 408 1407 447 in
1423 407 1487 446 his
1506 408 1626 448 terris
1645 422 1737 448 cum
1762 463 1764 465 r

207 483 376 537 imperio
403 481 523 521 fuisse
551 491 673 530 supra
697 477 893 525 vidimus,
935 468 1220 512 distribuendis
1247 467 1349 520 agris
1377 467 1623 520 praefuisse,
1661 467 1739 506 alia

209 542 426 583 Servianae
449 536 742 590 compilationis
768 536 857 574 loca
885 533 1103 572 affirmant:
1142 527 1195 569 ad
1215 527 1296 566 Ecl.
1317 525 1364 575 II,
1390 528 1434 567 1:
1468 526 1604 564 Pollio
1622 556 1633 575 ,
1668 528 1741 579 qui

210 616 255 640 eo
284 611 458 651 tempore
494 594 835 646 Transpadanam
865 591 1015 630 Italiae
1042 595 1204 639 partem
1229 584 1387 624 tenebat
1416 592 1453 622 et
1479 586 1739 636 agris-prae-

212 667 298 699 erat
322 654 568 696 dividundis.
633 653 683 691 Et
711 653 896 692 Donatus
923 649 967 687 in
996 646 1089 685 Vita
1120 644 1273 696 Virgilii
1305 641 1348 696 5.
1379 645 1454 685 36:
1493 644 1582 682 Hic
1610 643 1738 682 Pollio

218 714 560 767 Transpadanam
587 711 843 762 provinciam
868 705 1055 759 regebat,
1096 705 1211 741 cuius
1233 702 1409 755 favore,
1455 715 1550 740 cum
1579 710 1738 765 fetera-

213 777 276 814 nis
292 796 349 804 —
368 773 463 824 agri
500 768 822 808 distribuerentur
841 796 852 816 ‚
896 779 989 803 suos
1023 763 1225 814 Virgilius
1265 774 1346 799 non
1379 761 1532 798 amisit.
1604 762 1738 799 Facta

212 834 320 871 enim
346 828 637 875 distributione,
682 840 774 864 suos
803 839 873 863 seu
903 822 1075 861 Claudio
1104 835 1172 858 seu
1192 820 1311 858 Arrio
1331 818 1450 857 datos
1476 820 1738 870 recuperavit.

213 891 441 930 Obscurum
473 892 532 924 est
563 885 633 936 qui
656 885 811 923 sactum
840 882 913 932 sit⁷
940 886 989 919 ut
1014 879 1122 918 idem
1143 878 1349 930 negotium
1368 876 1421 915 ad
1438 876 1575 930 plures
1594 876 1740 929 referri

213 953 357 1002 posset.
417 944 496 986 Sed
527 944 631 982 sorte
659 956 703 982 ea
727 942 817 980 loca
844 953 930 979 rem
960 937 1200 990 expedient,
1232 937 1276 975 in
1301 935 1448 987 quibus
1469 934 1635 975 Alfenus
1655 935 1739 975 Va-

213 1021 284 1046 rus
315 1003 482 1048 Pollioni
516 1003 653 1053 fugato
687 999 915 1039 successisse
941 996 1128 1036 traditur.
1157 996 1269 1034 Serv.
1297 994 1350 1033 ad
1369 994 1450 1034 Ecl.
1475 994 1547 1044 IX,
1567 997 1623 1037 29
1655 994 1738 1032 Sa-

214 1079 262 1107 ne
282 1062 486 1104 blanditur
501 1059 649 1111 Alfeno
687 1060 813 1106 Var0‚
848 1058 919 1110 qui
933 1086 944 1106 ,
980 1056 1163 1093 Pollione
1176 1053 1358 1106 jugato,
1390 1053 1553 1104 legatus
1584 1054 1739 1092 Trans-

211 1122 393 1174 padanis
414 1119 669 1171 praepositus
696 1124 750 1155 est
784 1115 836 1153 ab
867 1116 1076 1166 Augu-sm,
1120 1118 1159 1150 et
1190 1112 1241 1150 ad
1272 1111 1352 1151 Ecl.
1382 1111 1456 1161 VI,
1479 1113 1506 1153 6
1535 1112 1627 1150 Alii
1632 1110 1738 1163 fiiso

202 1181 438 1233 fugatoque
457 1178 603 1216 Asinio
626 1176 831 1224 Pollione,
862 1173 914 1211 ab
936 1173 1124 1224 Augusto
1151 1170 1350 1223 Alfenum
1374 1171 1535 1209 Varum
1555 1170 1739 1222 legatum

215 1237 466 1277 substitutum
481 1264 492 1283 ‚
534 1235 606 1286 qui
657 1232 977 1283 Transpadanae
1004 1231 1243 1281 provinciae
1283 1236 1319 1267 et
1357 1230 1473 1280 agris
1510 1228 1739 1267 dividendis

210 1302 433 1348 praeesset,
465 1294 536 1345 qui
558 1294 738 1340 curavit,
771 1305 819 1328 ne
853 1303 974 1341 ager,
1018 1290 1091 1340 qui
1113 1288 1291 1340 Virgilio
1309 1289 1511 1326 restitutus
1519 1286 1680 1339 suerat,
1710 1301 1739 1325 a

215 1354 409 1393 veteranis
427 1350 662 1402 auferretur.
725 1348 883 1389 Habere
905 1361 978 1387 nos
996 1346 1151 1399 putabo
1170 1345 1324 1397 aliquid
1337 1376 1347 1396 ‚
1379 1345 1491 1397 quod
1509 1344 1621 1397 sequi
1642 1359 1739 1398 pos-

215 1411 359 1459 simus,
389 1408 509 1447 modo
531 1407 746 1446 Pollionem
770 1420 815 1445 eo
839 1420 944 1444 anno
966 1406 1151 1458 fugatum
1173 1418 1254 1443 esse
1274 1404 1485 1457 probabile
1513 1403 1601 1442 fieri
1619 1410 1739 1456 pote-

214 1469 281 1508 rit.
340 1468 437 1506 Erat
454 1466 487 1505 is
507 1465 559 1504 M.
583 1464 749 1504 Antonii
775 1464 944 1514 amicus3
974 1470 1014 1502 et
1033 1464 1168 1502 statim
1198 1478 1221 1501 a
1238 1463 1524 1504 triumviratus
1542 1462 1638 1501 inde
1661 1476 1739 1516 pa-

215 1527 346 1566 ctione
370 1525 417 1563 U.
448 1525 489 1564 C.
517 1526 598 1566 711
633 1523 782 1562 Galliae
814 1522 1036 1575 Cisalpinae
1070 1523 1120 1561 ab
1154 1522 1332 1561 Antonio
1358 1522 1585 1575 praefectus
1606 1521 1741 1560 suerat

218 1581 286 1638 (cf.
315 1582 478 1623 Martin.
512 1596 551 1634 p.
583 1580 749 1636 XL111)3
778 1581 858 1620 hoc
887 1596 1016 1631 anno,
1058 1584 1165 1631 713,
1197 1581 1413 1620 Octaviani
1443 1580 1578 1633 copias
1597 1579 1647 1619 ab
1664 1579 1739 1619 AJ-

215 1643 328 1695 pium
345 1641 521 1680 transitu
539 1640 790 1693 prohibuisse
807 1646 1080 1689 memoratur,
1111 1640 1195 1679 vid.
1221 1639 1394 1693 Appian.
1421 1653 1460 1692 p.
1486 1640 1612 1689 1088,
1642 1644 1683 1677 et
1696 1638 1740 1678 in

216 1700 320 1739 bello
341 1699 531 1739 Perusino
558 1698 642 1737 eius
665 1698 712 1737 fit
738 1699 844 1737 inter
874 1698 995 1738 <luces
1025 1697 1282 1738 Antonianos
1308 1698 1485 1748 mentio,
1509 1697 1581 1749 qui
1603 1696 1738 1737 Salvi—

219 1758 381 1796 dienum
409 1770 430 1795 e
459 1756 595 1795 Galliis
623 1757 844 1796 Octaviano
873 1758 1006 1810 copias
1034 1757 1305 1796 adducentem
1335 1756 1593 1810 persequuti,
1626 1762 1668 1795 et
1695 1755 1738 1795 L.

219 1815 396 1855 Antonio
425 1815 625 1867 suppetias
651 1816 755 1854 ferre
778 1816 956 1854 cunctati
977 1822 1086 1865 sunt,
1103 1815 1200 1855 ibid.
1218 1829 1307 1869 pag.
1327 1817 1441 1857 1097
1452 1827 1537 1866 sqq.
1597 1814 1739 1863 Quum

219 1875 261 1913 L.
290 1872 488 1912 Antonius
521 1886 625 1911 anno
658 1874 835 1925 sequenti
863 1888 904 1912 se
938 1874 1173 1913 dedidisset:
1214 1887 1307 1913 cum
1328 1873 1397 1923 iis,
1432 1886 1531 1925 quas
1548 1872 1738 1924 habebat,

220 1932 342 1984 copiis
365 1931 488 1969 Pollio
505 1932 706 1983 profectus
725 1939 803 1982 est,
835 1939 882 1971 ut
901 1932 1082 1972 Antonio
1113 1933 1156 1971 in
1175 1932 1330 1972 Italiam
1350 1931 1530 1972 venienti
1546 1945 1740 1971 occurre-

219 1996 283 2028 ret
294 2004 305 2039 3
332 1989 375 2027 in
400 1989 542 2028 itinere
577 1990 793 2029 Domitium
819 2005 911 2030 cum
942 1992 1065 2045 copiis
1099 1991 1171 2030 sibi
1212 1990 1413 2031 adiunxit.
1445 1989 1530 2029 vid.
1566 1989 1738 2044 Appian.

220 2061 259 2100 p.
285 2049 407 2088 1113.
431 2047 551 2088 1114.
582 2047 716 2086 Vellei.
737 2049 785 2098 II,
813 2052 865 2091 76
906 2052 1027 2088 Nam
1050 2051 1184 2088 Pollio
1204 2052 1376 2088 Asinius·
1396 2064 1490 2088 cum
1505 2058 1658 2101 septem
1677 2048 1739 2087 le-

217 2104 409 2156 gionibus
429 2105 500 2143 diu
521 2114 667 2144 retenta
691 2109 733 2144 in
747 2115 940 2158 potestate
965 2110 1136 2147 Antonii
1164 2110 1335 2149 Venetia
1349 2138 1360 2157 ‚
1394 2110 1560 2160 magnis
1580 2109 1739 2159 specio-

221 2164 352 2215 sisque
370 2162 480 2200 rebus
500 2164 606 2201 circa
624 2164 810 2203 Altinum
828 2167 1013 2219 aliasque
1034 2169 1118 2205 eius
1143 2169 1319 2219 regionis
1337 2165 1451 2204 urbes
1471 2165 1588 2206 editis
1605 2166 1739 2204 Anto-

221 2221 335 2258 nium
346 2228 506 2270 potem,
537 2235 691 2273 vagum
717 2223 852 2262 adhuc
872 2226 1102 2263 Domitium
1121 2247 1177 2255 --
1189 2227 1324 2264 iunxit
1339 2225 1533 2264 Antonio.
1595 2223 1740 2264 Potuit

222 2277 356 2328 itaque
373 2277 477 2317 inter
493 2277 563 2317 has
577 2293 713 2319 rerum
730 2281 1021 2322 vicissitudines
1040 2283 1148 2333 fieri,
1179 2290 1229 2322 ut
1244 2283 1370 2322 Pollio
1392 2296 1443 2322 ex
1464 2282 1568 2335 agris
1585 2283 1739 2322 Trans-

223 2334 386 2386 padanis
406 2337 680 2387 expelleretur.
739 2340 856 2379 Nunc
877 2348 1012 2380 autem
1031 2342 1074 2380 in
1098 2341 1249 2394 Alfeno
1275 2344 1387 2382 Varo
1407 2354 1538 2381 novae
1560 2340 1738 2382 difficul-

223 2399 325 2431 tates
353 2393 559 2444 oriuntur,
605 2410 721 2447 quem
756 2398 928 2439 nobilem
956 2400 1094 2439 ICtum
1121 2401 1225 2439 male
1253 2400 1370 2439 nobis
1401 2400 1664 2453 Grammatici
1694 2399 1738 2438 in

223 2450 323 2488 haec
346 2457 527 2503 tempora
549 2453 754 2493 intrudere
786 2456 990 2497 videntur.
1022 2459 1105 2498 vid.
1130 2458 1292 2511 Argum.
1306 2459 1388 2498 Ecl.
1411 2459 1478 2499 VI.
1539 2459 1579 2498 Si
1600 2466 1738 2498 tamen

223 2509 318 2547 satis
337 2521 376 2546 se
401 2509 449 2547 de
477 2523 712 2562 quocunque
742 2514 818 2552 alio
850 2515 957 2554 Varo
981 2517 1162 2556 narratio
1195 2518 1245 2556 de
1278 2531 1467 2570 agrorum
1487 2517 1739 2558 Mantuano-

222 2580 314 2608 rum
342 2567 555 2606 metatione
580 2570 829 2620 probaverit:
867 2579 908 2611 et
937 2574 1014 2613 suit
1033 2575 1174 2627 aliquis
1203 2576 1332 2615 Varus
1350 2575 1517 2629 Virgilio
1542 2576 1738 2615 amicissi-

223 2637 330 2673 mus,
362 2625 433 2663 etsi
459 2626 544 2676 quis
575 2627 638 2664 ille
667 2629 810 2679 fuerit,
850 2645 932 2671 non
964 2632 1015 2670 ad
1040 2633 1237 2685 liquidum
1267 2634 1436 2687 perduci
1462 2640 1618 2688 potest:
1650 2634 1736 2674 vid.

224 2682 444 2721 Excurs.1[
473 2683 523 2721 ad
554 2684 710 2736 Bucol.;
749 2693 838 2726 tum
867 2690 967 2728 alius
1001 2704 1051 2728 ex
1080 2692 1275 2732 Serviano
1306 2699 1478 2732 centone
1505 2694 1618 2732 locus
1652 2706 1738 2732 non

223 2745 306 2778 tam
328 2740 416 2778 salsi
446 2741 716 2794 convincitur,
749 2745 846 2784 dum
867 2747 1034 2787 innuere
1055 2749 1241 2800 videtur,
1272 2751 1410 2803 plures
1434 2751 1540 2791 iniis
1557 2750 1738 2803 regioni-

222 2796 296 2837 bus
324 2797 643 2839 Triumvirorum
672 2804 829 2855 negotia
860 2819 1038 2845 curasse:
1079 2808 1131 2846 ad
1163 2809 1242 2848 Ecl.
1275 2809 1341 2859 VI,
1372 2809 1427 2852 64
1470 2810 1739 2848 Gallus-

222 2857 295 2906 qui
313 2863 349 2921 et
367 2870 395 2921 ‚a
412 2858 651 2921 ¹{l'rt'umviris
669 2864 926 2912 praepositus
941 2864 1033 2914 suit
1057 2866 1115 2903 ad
1138 2868 1361 2919 exigendas
1378 2870 1580 2920 pecunias
1600 2867 1653 2906 ab
1673 2867 1739 2906 Iu's

221 2926 451 2963 municipii-s·
464 2943 474 2962 ,
508 2930 671 2966 quorum
693 2921 787 2970 agri
805 2922 848 2958 in
876 2923 1176 2973 'lb-anspadana
1202 2928 1363 2977 regione
1389 2940 1470 2964 non
1496 2924 1739 2964 divideban-

220 2978 296 3013 mr.
357 2971 528 3011 Potuere
561 2973 658 3012 adeo
690 2990 780 3015 cum
810 2978 991 3018 Pollione
1027 2994 1162 3020 omnes
1198 2982 1257 3021 illi
1289 2998 1390 3036 quos
1428 2983 1740 3023 memoravimus
