1768 3320
161 175 263 224 344

489 173 545 224 Ρ.
581 173 945 224 VIRGILII
984 173 1357 226 MARONIS
1418 177 1424 187 ⁴

160 302 229 350 At
252 298 554 350 rubicunda
580 301 744 351 Ceres
764 299 952 349 medio
980 301 1272 352 succiditur
1295 310 1470 365 aestu3

160 372 229 420 Et
251 369 438 419 medio
465 379 629 420 tostas
654 379 804 420 aestu
828 371 953 420 terit
977 388 1098 421 area
1122 370 1319 437 fruges,

160 439 350 492 Nudus
376 457 486 504 ara,
522 457 641 491 sere
665 439 868 491 nudus:
905 439 1081 492 hiems
1106 443 1291 507 ignava
1316 441 1528 494 colono,

208 560 281 595 297
304 558 534 593 succinditur
552 557 662 592 Goth.
685 569 755 592 sec.

161 606 256 640 forte
275 618 342 651 pro
364 614 500 639 coctas.

848 559 919 594 298
946 567 1072 593 costas
1092 558 1180 593 alios
1201 559 1335 594 habere
1355 558 1519 593 Reiskius
1540 558 1693 592 notabat

595 606 667 640 299
693 617 763 638 ara
788 613 826 638 et
848 617 931 639 sere
950 606 1052 639 Leid.
1071 619 1125 652 pr.
1174 607 1305 641 colono
1329 614 1385 640 est
1404 605 1573 641 Rottend.
1600 606 1693 640 alter

164 660 200 687 et
217 653 344 687 Medic.
364 652 490 693 Pierii5
516 652 553 685 in
571 652 649 686 aliis
671 653 823 686 colonis.
871 654 988 687 Notus
1007 660 1060 687 est
1079 654 1178 688 iocus
1199 652 1415 701 παρῳδίαςτ
1450 651 1600 687 habebis
1609 651 1692 701 sri-

162 713 277 748 gora,
293 699 432 747 febrim
453 699 585 734 Donati
605 699 688 735 Vita
708 700 753 734 V.
771 712 798 732 s.
818 700 875 735 61.

221 809 318 850 297.
359 806 527 845 Messem
560 806 617 845 ait
648 818 732 844 esse
756 819 898 845 secan-

165 865 260 905 dam
291 871 332 904 et
361 865 574 904 terendam
603 865 734 902 medio
765 874 894 903 aestu.

167 924 280 963 Ceres
299 923 535 973 rubicunda,
568 936 670 975 quae
691 922 788 962 alias
801 924 898 975 fla-

163 997 219 1022 va
233 1013 244 1032 ,
298 982 393 1034 quia
429 981 581 1020 rubent
598 1011 609 1031 ,
659 981 898 1031 flavescunt,

164 1040 320 1078 aristae.
362 1039 582 1078 Columella
601 1039 656 1088 II,
679 1043 749 1090 21,
768 1042 796 1081 2
827 1054 901 1077 ae-

163 1099 338 1152 qualiter
374 1098 620 1137 flaventibus
658 1099 745 1136 iam
783 1097 901 1147 satis,

163 1165 385 1209 antequam
402 1171 451 1194 ex
476 1165 555 1194 toto
575 1170 714 1208 grana
738 1156 903 1194 indure-

111 1236 114 1237 ⁷
163 1223 289 1264 scant,
320 1229 413 1253 cum
430 1214 707 1253 rubicundum
728 1215 904 1253 colorem

162 1279 405 1323 traxerunt,
449 1275 590 1311 messis
605 1272 811 1324 facienda
834 1281 902 1311 est.

163 1331 219 1371 At
249 1331 298 1370 de
320 1331 451 1369 medio
473 1339 589 1369 aestu
607 1330 785 1370 dubitari
802 1337 901 1384 pot—

165 1396 257 1428 est:
297 1390 401 1428 sitne
441 1389 575 1428 media
610 1395 761 1428 aestate
786 1420 797 1440 ,
848 1403 901 1427 an

163 1448 296 1488 medio
338 1448 402 1487 die
439 1447 603 1487 aestivo.
673 1449 902 1501 Utrumque

163 1513 273 1547 recte
292 1520 338 1545 ac
356 1520 452 1546 vere
482 1506 700 1545 diceretur.
759 1508 897 1556 Prius,

164 1565 294 1603 medio
325 1573 466 1614 aestu,
516 1570 689 1614 aestate,
733 1564 900 1614 dictum,

163 1630 213 1663 ut
230 1624 312 1662 Ecl.
333 1624 386 1674 X,
407 1623 474 1673 65,
492 1622 726 1675 frigoribus
745 1623 900 1673 mediis,

166 1696 258 1721 cum
277 1695 361 1733 sqq.
383 1680 593 1732 convenit,
627 1681 787 1720 Nudus
805 1696 896 1731 ara,

164 1755 247 1779 sere
274 1740 429 1789 nudus,
472 1752 565 1777 cum
595 1745 778 1789 mature,
810 1752 902 1777 aere

165 1797 301 1837 adhuc
321 1803 500 1850 tepente,
530 1797 755 1836 arationem
775 1803 817 1835 et
833 1811 902 1835 sa-

165 1857 320 1896 tionem
349 1855 574 1895 faciendam
612 1868 694 1894 esse
724 1855 790 1894 ait.
850 1856 902 1894 Et

167 1915 218 1954 de
249 1929 375 1952 messe
400 1922 560 1952 mature
570 1913 777 1966 facienda
810 1927 902 1952 mo-

165 1979 266 2012 nent
284 1972 347 2011 alii
368 1984 550 2024 quoque:
571 1971 655 2011 vid.
670 1972 863 2011 Colum.l.
876 1972 902 2011 1.

166 2031 342 2071 Omnino
357 2029 438 2069 hoc
454 2029 562 2068 idem
592 2031 788 2084 praecipit
817 2030 903 2069 He-

165 2090 267 2129 siod.
298 2090 379 2132 571
401 2101 509 2141 sqq.,
540 2088 612 2127 ubi
638 2095 801 2128 tantum
829 2089 903 2127 ab-

166 2154 227 2187 est
248 2179 259 2199 ,
295 2153 345 2186 ut
375 2146 424 2186 de
463 2160 583 2200 opere
613 2160 687 2200 per
723 2147 902 2186 medium

167 2206 274 2245 djem
309 2205 491 2257 urgendo
529 2211 639 2258 agat,
689 2211 739 2244 ut
780 2206 902 2244 etiam

165 2278 284 2304 mane
320 2263 567 2315 surgendum
597 2270 638 2302 et
665 2264 902 2303 metendum

167 2336 250 2361 esse
288 2328 462 2360 moneat.
534 2323 584 2360 Et
629 2322 800 2361 Theocr.
837 2323 900 2373 X,

167 2380 357 2423 48-51
391 2379 510 2419 simili
539 2380 662 2418 modo
690 2381 900 2434 praecipit,

166 2439 297 2477 medio
333 2444 470 2477 autem
510 2437 574 2476 die
612 2439 900 2491 quiescendum

167 2512 249 2536 esse
270 2496 389 2546 dicit,
423 2493 623 2549 ἄρχεσθαι
641 2493 683 2537 δ’
710 2493 901 2551 οἷμῶντας

168 2553 410 2610 ἐγειρομένω
434 2555 696 2606 κορυδαλλῶ,
737 2554 807 2596 καὶ
827 2553 901 2608 λή-

166 2629 254 2668 γειν
275 2609 481 2660 εὕδοντος,
500 2611 685 2653 ἐλινῦσαι
702 2611 745 2653 δὲ
758 2611 900 2664 (nard)

166 2669 214 2713 ‘co‘
232 2672 382 2724 καῦμα.
444 2671 607 2721 Spectat
624 2683 784 2722 quoque
805 2670 900 2720 huc,

167 2729 280 2781 quod
297 2727 540 2781 colligendae
559 2734 656 2766 sunt
673 2728 807 2781 fruges
824 2729 899 2768 sub

168 2787 416 2838 diluculum3
447 2786 552 2824 conf.
575 2786 754 2838 Geopon.
769 2786 818 2836 Π,
831 2787 899 2829 25.

166 2847 372 2885 Posterius
412 2844 446 2882 si
487 2843 692 2896 praeferas
713 2875 724 2894 ,
765 2844 899 2883 medio

167 2903 255 2954 die,
285 2902 470 2956 respiciet
496 2902 776 2941 antecedentia
801 2905 899 2944 289.

169 2965 267 3004 290.
296 2962 372 3001 Inf.
399 2961 465 3011 IV,
492 2958 573 3002 401
615 2962 717 3013 Ipsa
748 2975 823 3013 ego
851 2968 899 3014 te,

956 806 1109 845 medios
1125 821 1221 845 cum
1232 807 1294 846 sol
1308 805 1533 845 accenderit
1546 814 1692 857 aestus,

960 865 1064 903 Cum
1093 867 1235 904 sitiunt
1261 864 1405 904 herbae
1435 870 1511 904 etc.
1541 871 1591 904 ut
1607 879 1694 903 me—

957 923 1025 961 dio
1042 931 1158 962 aestu
1180 923 1253 973 sit,
1283 922 1417 962 medio
1439 923 1503 962 die
1521 953 1532 973 ‚
1562 923 1694 962 inter-

959 981 1052 1032 dju;
1082 982 1140 1020 sic
1157 981 1226 1020 ins.
1245 981 1313 1032 ΙΠ,
1336 979 1418 1024 154
1441 981 1585 1019 mediis
1596 981 1692 1034 jer-

958 1039 1120 1079 voribus
1135 1057 1147 1078 :
1168 1046 1219 1079 ut
1237 1039 1424 1093 opposita
1444 1039 1526 1078 sint
1545 1041 1631 1082 287
1633 1041 1692 1090 ,8.

957 1097 1101 1150 gelida
1127 1106 1262 1148 nocte,
1295 1111 1390 1137 cum
1414 1096 1479 1136 die
1496 1112 1599 1138 novo
1613 1128 1624 1148 ,
1653 1102 1694 1135 et

960 1170 1073 1195 nunc
1097 1156 1180 1194 diei
1199 1157 1314 1195 calor
1334 1170 1364 1194 s.
1393 1161 1538 1196 aestus.
1569 1162 1612 1195 et
1627 1155 1693 1205 ΙΠ,

962 1216 1043 1256 331
1080 1214 1256 1253 aestibus
1291 1223 1336 1253 at
1361 1214 1505 1252 mediis
1531 1213 1693 1253 umbro—

961 1286 1054 1310 sam
1089 1275 1291 1326 exquirere
1322 1272 1489 1312 vallem.
1552 1272 1694 1312 Enim-

961 1343 1060 1370 vero
1085 1330 1142 1369 sic
1163 1336 1393 1384 repugnant
1418 1330 1494 1369 sibi
1515 1324 1575 1370 vs.
1596 1332 1693 1380 389,

959 1388 1030 1427 ubi
1048 1394 1168 1428 nocte
1193 1389 1369 1440 stipulas
1394 1396 1431 1427 et
1453 1397 1582 1440 prata
1601 1396 1694 1426 ton-

959 1447 1094 1485 denda
1116 1448 1192 1498 ait,
1224 1453 1265 1485 et
1282 1460 1393 1486 nunc
1413 1447 1544 1485 medio
1562 1454 1690 1496 aestu,

958 1506 1138 1556 meridie,
1158 1505 1594 1558 succidendasfiuges.
1633 1504 1695 1543 Ita

961 1563 1261 1604 occurrendum
1295 1569 1399 1602 esset
1421 1563 1500 1614 sic,
1520 1598 1522 1600 ,
1540 1569 1590 1603 ut
1620 1565 1694 1601 sti-

952 1623 1083 1674 pulas
1102 1623 1268 1676 proprie
1287 1621 1508 1675 acciperes,
1543 1628 1585 1660 et
1606 1634 1695 1660 rem

959 1694 983 1718 a
1008 1694 1134 1720 messe
1158 1681 1360 1720 diversam
1383 1680 1502 1719 innui
1529 1680 1694 1731 diceres,

959 1744 1008 1777 ut
1037 1753 1147 1792 supr.
1184 1739 1237 1778 ad
1264 1742 1350 1781 289
1387 1739 1591 1779 monitum
1622 1744 1693 1777 est.

961 1794 1062 1851 (Qui
1080 1797 1216 1837 verbis
1241 1797 1372 1835 medio
1400 1805 1515 1835 aestu
1540 1797 1695 1850 simpli-

959 1855 1060 1894 citer
1081 1861 1275 1894 aestatem
1297 1854 1513 1907 significari
1530 1861 1693 1909 putant,

958 1913 986 1951 ii
1006 1927 1151 1953 vereor
1168 1927 1220 1952 ne
1237 1913 1448 1966 Virgilium
1465 1912 1508 1952 h.
1524 1914 1551 1952 1.
1572 1927 1695 1967 prae—

960 1972 1109 2025 cepisse
1148 1972 1302 2024 aliquid
1335 1977 1542 2022 statuant,
1583 1971 1695 2024 quod

958 2036 1045 2068 tam
1072 2031 1241 2084 planum
1261 2031 1313 2068 sit
1343 2036 1385 2069 et
1407 2036 1613 2084 apertum,
1645 2036 1697 2081 ut

958 2088 1148 2140 insaniat,
1167 2089 1236 2141 qui
1257 2089 1334 2127 alio
1353 2095 1551 2141 tempore,
1573 2103 1695 2141 quam

960 2153 1124 2198 aestate,
1145 2153 1297 2186 metere
1315 2147 1427 2186 velit.
1457 2147 1597 2199 [taque
1615 2146 1695 2187 hoc

959 2207 1138 2259 praecipi
1153 2205 1320 2245 videtur
1333 2219 1355 2244 a
1369 2211 1504 2258 poeta,
1519 2212 1569 2245 ut
1586 2220 1694 2245 mes-

959 2264 1018 2303 sio
1046 2264 1120 2303 fiat
1149 2278 1234 2303 non
1257 2264 1344 2317 ipso
1371 2263 1694 2315 quidemmedio

961 2322 1024 2361 die
1035 2348 1054 2373 ,-
1087 2322 1158 2361 ubi
1193 2322 1451 2374 quiescebant
1486 2335 1694 2374 messores,

959 2381 1032 2419 sed
1059 2394 1132 2434 per
1168 2387 1305 2420 totum
1335 2380 1442 2419 diem
1473 2381 1674 2433 reliquum
1682 2397 1695 2433 ;

959 2439 1049 2491 qui,
1089 2438 1268 2478 hibernis
1299 2439 1487 2478 noctibus
1514 2453 1574 2478 VS.
1593 2442 1692 2482 291.

961 2497 1168 2549 oppositus
1184 2527 1195 2547 ,
1235 2497 1370 2536 verbis
1406 2496 1537 2535 medio
1579 2507 1694 2537 aestu

957 2555 1175 2594 indicatur.
1201 2555 1272 2594 W
1263 2553 1317 2609 r.)
1358 2557 1458 2596 298.
1476 2555 1586 2594 Area
1606 2559 1694 2595 terit

945 2613 1098 2665 fiuges
1110 2630 1121 2651 :
1150 2612 1193 2650 in
1211 2625 1291 2664 qua
1309 2618 1514 2652 teruntur.
1547 2628 1587 2654 v.
1605 2628 1691 2667 sup.

960 2670 1013 2710 ad
1034 2684 1074 2710 v.
1096 2673 1191 2712 192.

1015 2731 1113 2771 299.
1155 2729 1218 2766 Ex
1246 2727 1424 2768 Hesiodo
1452 2729 1581 2782 petita
1610 2742 1693 2769 esse

959 2787 1054 2825 satis
1090 2792 1271 2836 constat,
1309 2785 1426 2841 ’'Eoy.
1464 2790 1544 2830 391
1561 2818 1572 2837 ‚
1608 2791 1692 2830 392

957 2842 1117 2899 γυμνόν
1137 2845 1331 2899 σπείρειν,
1350 2842 1508 2899 γυμνόν
1527 2844 1571 2887 δὲ
1590 2846 1693 2900 βοω-

957 2907 1042 2944 τεῖν
1060 2909 1136 2942 etc.
1182 2902 1322 2942 Monet
1342 2909 1497 2954 autem,
1517 2909 1690 2955 mature,

958 2967 1081 3014 atque
1121 2961 1223 3001 adeo
1257 2967 1496 3013 auctumno,
1536 2962 1690 3002 aratio-
