1768 3320
225 252 398 288 xxvm
624 234 727 284 EX
773 218 1358 280 PRAEFATIONE

227 364 541 425 incaluerat,
573 358 802 410 subinde
827 354 1196 420 refrigeratum
1234 353 1484 398 avocatur
1507 356 1666 393 mens
1690 342 1754 392 ab

230 436 410 503 operis
433 449 643 483 summa
676 439 728 480 et
760 428 823 477 ab
852 427 1128 476 universae
1154 418 1358 469 virtutis
1395 432 1453 465 ac
1481 423 1756 482 praestan-

229 508 333 557 tiae
373 503 699 569 cognitione,
761 514 897 566 quae
940 511 1051 544 non
1092 502 1202 541 tam
1237 490 1291 538 in
1326 485 1546 552 singulis
1582 485 1753 542 ,rebus

233 594 396 645 quam
423 576 476 624 in
504 572 738 640 partium
776 570 915 617 inter
936 583 991 614 se
1029 558 1402 620 convenientia
1428 566 1481 607 et
1512 555 1579 606 ad
1602 572 1756 605 com-

230 662 399 697 mune
423 643 702 694 consilium
729 636 1122 704 conspiratione
1145 631 1402 689 cernitur3
1453 644 1515 677 ex
1537 625 1755 692 singulis

231 727 442 767 tantum
485 723 538 763 et
577 711 792 762 minutis
822 702 991 757 modo
1040 702 1316 753 sententiis
1360 698 1534 748 modo
1575 697 1755 747 verbis

234 787 510 838 aestimare
552 791 797 850 poetam,
860 787 911 827 et
951 791 1108 841 saepe
1150 772 1205 822 id
1248 771 1386 821 adeo
1432 768 1499 819 ad
1538 768 1755 818 alterius

233 867 442 908 tantum
464 863 656 904 nutum
680 860 731 901 et
754 865 942 899 nasum
964 845 1156 906 facere,
1185 842 1466 902 discimus3
1501 856 1611 908 quo
1635 840 1754 906 ipso

233 927 517 994 voluptatis
547 942 606 974 ex
637 920 880 972 carminis
911 915 1198 967 dulcedine
1232 911 1525 980 capiendae
1559 926 1756 976 magna

233 1016 353 1066 pars
387 994 739 1060 intercipitur,
788 1006 944 1058 quae,
994 988 1100 1036 iam
1135 1002 1234 1052 per
1277 985 1448 1051 ipsam
1494 1000 1556 1032 ex
1585 991 1757 1032 retar-

237 1069 450 1119 datione
491 1063 820 1125 molestiam,
868 1075 979 1108 non
1023 1055 1325 1106 admodum
1357 1053 1607 1105 imminui
1640 1068 1755 1102 non

232 1146 456 1206 poterat.
535 1135 670 1185 Huic
706 1142 885 1181 tamen
920 1128 1066 1178 malo
1106 1125 1324 1176 medela
1357 1134 1538 1192 parata
1575 1133 1655 1173 est
1694 1140 1757 1173 ex

232 1209 456 1276 repetita
479 1206 722 1255 lectione.
793 1201 1085 1253 Enimvero
1117 1214 1219 1247 nec
1243 1197 1487 1258 minores
1520 1193 1757 1245 difficul-

234 1289 366 1329 tates
399 1278 574 1344 ipsum
610 1281 867 1342 premunt
904 1272 1275 1336 interpretem.
1347 1270 1598 1334 Namque
1643 1266 1756 1316 eius

236 1359 288 1399 et
329 1348 602 1412 ingenium
646 1362 829 1394 rerum
870 1342 1203 1391 minutarum
1244 1337 1453 1389 infinita
1497 1337 1651 1404 copia
1698 1353 1756 1385 ac

233 1418 516 1470 subtilitate
564 1414 817 1478 obtundi,
877 1412 1214 1479 obscuraque
1255 1426 1422 1477 opera
1465 1407 1756 1472 obscurari,

235 1499 309 1554 et,
349 1488 479 1538 dum
509 1488 562 1536 in
597 1486 824 1535 aliorum
856 1500 1018 1533 sensu
1053 1480 1299 1532 acuendo
1334 1478 1586 1542 desudat,
1625 1494 1757 1547 pro-

231 1561 409 1628 prium
437 1575 655 1608 sensum
687 1555 843 1606 obrui
875 1564 928 1603 et
958 1553 1203 1603 hebetari
1239 1567 1462 1602 necesse
1497 1559 1589 1602 est.
1662 1552 1757 1614 Ita,

236 1631 366 1680 dum
391 1629 634 1695 undique
684 1637 736 1677 et
780 1625 847 1675 ad
881 1623 1084 1686 singula
1118 1623 1307 1684 verba,
1347 1621 1544 1690 quibus
1578 1620 1756 1688 aliqua

237 1699 540 1763 difficultaS,
579 1698 644 1747 ad
676 1697 903 1746 aliorum
937 1694 1159 1763 quidem
1183 1693 1619 1759 intelligentiam,
1659 1690 1756 1741 ad-

234 1770 547 1820 haerescere
570 1767 711 1818 forte
735 1768 925 1834 possit,
966 1763 1275 1815 circumfert
1300 1773 1353 1814 et
1376 1763 1610 1814 intendit
1642 1763 1756 1813 ani-

234 1859 403 1902 mum,
430 1838 599 1889 multa
619 1838 893 1888 interdum
919 1854 1199 1886 occurrere
1225 1835 1402 1885 solent
1423 1836 1603 1885 minus
1631 1851 1757 1883 cum

236 1928 295 1960 re
329 1911 632 1971 coniuncta;
682 1919 734 1959 et
770 1907 1010 1958 excidere
1041 1924 1442 1975 nonnunquam
1473 1905 1552 1968 id,
1602 1903 1758 1973 quod

239 1982 306 2032 ad
346 1981 499 2030 illum
540 1980 723 2030 locum
755 1979 1122 2047 quaerebatur.
1198 1981 1338 2029 Cum
1387 1978 1549 2028 etiam
1588 1975 1758 2026 multa

238 2053 363 2115 sint,
402 2068 536 2118 quae
571 2051 751 2100 sentiri
782 2050 1004 2117 quidem
1035 2048 1190 2099 facile
1221 2049 1456 2116 possint,
1495 2047 1592 2098 sed
1616 2064 1757 2115 quae

241 2139 508 2188 exponere
544 2121 840 2171 admodum
871 2119 1092 2170 difficile
1126 2121 1216 2184 sit,
1258 2120 1391 2170 dum
1427 2120 1482 2169 in
1518 2120 1580 2169 iis
1605 2135 1758 2168 com-

236 2192 404 2242 mode
424 2191 741 2258 explicandis
772 2201 824 2241 et
846 2190 1169 2241 illustrandis
1190 2190 1396 2241 defixus
1428 2190 1640 2240 animus
1663 2198 1757 2253 est,

239 2262 358 2311 fieri
392 2262 550 2325 solet,
603 2271 664 2311 ut
707 2263 904 2311 sensim
948 2263 1256 2329 sensimque
1291 2262 1358 2312 ad
1398 2262 1523 2312 alias
1567 2277 1758 2310 rerum

239 2334 488 2382 notiones
522 2342 574 2381 et
608 2333 862 2397 imagines
903 2332 1189 2396 delabaris,
1242 2342 1294 2383 et
1322 2333 1549 2383 tandem
1588 2330 1758 2398 expli—

241 2403 505 2452 cationem
532 2412 582 2452 et
609 2403 1106 2469 interpretationem
1134 2404 1448 2470 subiungas,
1487 2420 1675 2472 quam,
1716 2402 1759 2451 si

241 2474 295 2523 in
341 2472 441 2522 alio
490 2472 933 2539 deprehenderis,
983 2474 1267 2542 quomodo
1314 2476 1362 2525 ei
1411 2476 1467 2525 in
1508 2482 1760 2524 mentem

240 2544 471 2606 venerit,
510 2545 714 2611 assequi
733 2545 814 2593 vix
834 2545 1016 2610 possis,
1068 2549 1217 2608 Quae
1244 2548 1426 2596 omnia
1447 2562 1562 2595 non
1584 2543 1757 2594 modo

241 2623 481 2663 nostram
503 2614 595 2663 sed
624 2631 972 2664 communem
998 2617 1357 2683 interpretum
1382 2616 1758 2667 conditionem

243 2683 433 2734 duram
468 2684 585 2732 satis
621 2693 673 2733 et
708 2685 947 2751 iniquam
983 2703 1097 2736 esse
1136 2687 1361 2752 docent,
1409 2689 1479 2738 ita
1510 2696 1572 2737 ut
1603 2688 1657 2736 in
1690 2702 1757 2735 eo

240 2770 440 2819 genere
474 2752 743 2820 perfectae
789 2754 988 2822 aliquid
1030 2766 1081 2806 et
1120 2758 1394 2809 absolutae
1433 2774 1634 2826 operae
1674 2757 1759 2807 vix

243 2825 504 2892 expectari
527 2825 706 2890 possit.

379 2894 512 2944 Mihi
547 2912 675 2944 vero
705 2895 759 2943 in
791 2896 1010 2962 Virgilio
1045 2900 1320 2964 perpetuis
1358 2897 1759 2949 commentariis

240 2963 572 3036 illustrando,
612 2982 735 3015 nam
759 2968 1016 3017 variantes
1040 2967 1298 3020 lectiones
1320 2986 1632 3035 congerere,
1669 2977 1760 3018 aut
