1734 3320
146 197 248 248 536
493 197 549 247 P.
587 197 948 249 VIRGILII
991 198 1368 250 MARoNIS
1412 186 1415 187 ’

148 324 383 390 Carpere
401 339 530 377 mox
539 339 736 389 gyrum
755 324 996 390 incipiat,
1033 325 1397 393 gradibusque
1418 340 1611 375 sonare

147 393 477 460 Compositis,
515 395 801 461 sinuetque
828 394 1028 444 alterna
1048 395 1324 446 volumina
1345 411 1593 457 crurum3

148 464 337 531 Sitque
355 462 618 514 laboranti
637 464 846 526 similis;
885 474 1004 515 tum
1026 467 1266 516 cursibus
1296 482 1462 529 auras,

147 537 291 586 Tum
308 543 479 599 vocet,
520 551 578 584 ac
595 552 695 601 per
716 544 896 602 aperta
916 535 1117 600 volanS,
1156 553 1256 587 ceu
1276 535 1416 586 liber
1432 535 1672 599 habeniS,

143 607 395 671 Aequora
408 645 422 669 ,
461 605 541 655 vix
562 621 774 654 summa
792 605 1008 670 vestigia
1027 616 1195 672 ponat
1212 624 1394 658 arena:
1575 608 1674 658 195

146 674 326 739 Qualis
343 675 707 742 Hyperboreis
727 675 925 742 Aquilo
951 693 1123 742 quum
1146 676 1344 728 densus
1365 676 1429 727 ab
1453 676 1560 726 oris

143 745 417 810 Incubuit,
458 744 815 813 Scythiaeque
834 745 1045 796 hiemes
1084 755 1246 815 atque
1276 746 1421 797 arida
1453 744 1639 797 differt

219 844 330 891 196.
366 840 595 903 AQUILO,
744 844 855 891 197.
893 855 1078 889 H1E1v11s

191 992 259 1026 192
283 1003 434 1024 currum
451 991 579 1025 Medic.
600 1005 620 1025 a
647 1003 693 1025 m.
725 1004 779 1037 pr.
811 992 982 1026 Rottend.
1010 997 1093 1025 tert.
1192 993 1260 1028 193
1285 1004 1365 1025 cum
1395 990 1567 1026 cursibus
1585 990 1674 1036 Reg.

144 1044 180 1071 et
199 1037 362 1071 Parrhas.
390 1037 428 1071 in
457 1050 588 1084 marg„
619 1039 744 1084 fragm.
774 1039 893 1074 Vatic.
920 1053 940 1073 a
968 1052 1013 1073 m.
1039 1051 1108 1073 sec.
1137 1039 1248 1074 Goth.
1280 1051 1350 1073 sec.
1398 1038 1570 1073 cruribus
1589 1038 1674 1072 edit.

141 1085 302 1119 Norimb·
401 1084 470 1121 194
499 1088 591 1120 Tum
620 1095 725 1120 vocet
750 1086 874 1121 Heius.
903 1086 1064 1132 reposuit
1090 1098 1132 1120 ex
1149 1086 1277 1121 Medic.
1299 1092 1335 1119 et
1357 1086 1493 1132 optimo
1514 1097 1674 1132 quoque;

143 1132 247 1165 etiam
265 1133 443 1166 Romanus
466 1132 517 1166 sic
546 1133 667 1167 habet.
713 1135 815 1168 Prov
808 1142 917 1177 'oc-et,
951 1134 1046 1180 quod
1076 1134 1245 1178 vulgare,
1273 1133 1391 1167 editur
1411 1133 1542 1178 vulgo.
1582 1135 1675 1167 Tam

141 1187 263 1213 movet
280 1179 337 1213 vel
364 1188 470 1214 vocet
487 1181 621 1215 Zulich.
673 1184 759 1214 Cum
786 1190 893 1216 vocet
913 1181 1005 1215 alter
1024 1181 1162 1235 Menag.
1212 1181 1382 1215 Advocet
1400 1193 1487 1214 unus
1506 1180 1673 1214 Arundel.

136 1234 246 1274 petat
263 1233 347 1260 tert.
367 1228 561 1270 Rottend.‚
588 1241 630 1262 ex
650 1227 835 1274 interpret.
934 1229 1000 1264 195
1021 1237 1133 1276 pontt
1153 1228 1245 1262 alter
1263 1229 1391 1262 Moret.
1441 1236 1570 1262 verrat
1589 1228 1674 1261 Mo-

140 1280 207 1307 ret.
230 1280 395 1318 quartus,
432 1275 492 1320 qui
522 1288 542 1309 a
568 1289 614 1309 m.
644 1289 698 1321 pr.
725 1284 877 1310 resonat
905 1277 1094 1323 vestt'gtssat
1143 1283 1271 1323 szgnat
1292 1276 1385 1320 apud
1405 1277 1502 1309 Serv.
1522 1275 1568 1308 ad
1585 1277 1672 1309 Aen.

139 1322 186 1364 V,
210 1322 291 1357 317.
389 1323 459 1358 196
483 1324 694 1360 condensus
714 1325 852 1368 Menag.
873 1323 975 1357 alter.
999 1325 1050 1368 (et
1070 1322 1169 1368 Lips.
1188 1323 1288 1356 alter.
1321 1322 1420 1366 Wr.)
1469 1322 1573 1356 ltorzs
1590 1322 1672 1355 duo.

142 1369 209 1403 197
234 1367 416 1403 Incumbzc
434 1370 539 1403 Goth.
566 1382 637 1404 sec.
687 1371 846 1404 hor-reda
871 1370 1148 1404 T011.arrida
1174 1371 1300 1403 Franc.
1327 1370 1419 1403 cons.
1445 1369 1508 1403 inf.
1538 1382 1571 1403 v.
1590 1367 1672 1404 458.

140 1414 266 1461 defert
287 1415 380 1448 alter
397 1418 567 1451 Rottend.
589 1417 739 1451 Gudian.
758 1430 779 1451 a
799 1430 844 1451 m.
863 1430 917 1463 pr.
941 1417 996 1451 ed.
1014 1419 1105 1452 Ven.
1141 1418 1282 1463 (hiemzs
1299 1417 1472 1462 Heynius‚
1489 1416 1585 1450 haud
1604 1416 1674 1450 du-
1707 1413 1712 1417 ’

139 1462 198 1495 bie
218 1474 260 1495 ex
276 1464 392 1497 Burm.
413 1464 509 1506 edit„
531 1465 720 1511 expressit,
747 1465 869 1510 quod'
858 1477 895 1498 1n
912 1465 1051 1499 lzzemes
1070 1464 1178 1498 tacite
1196 1470 1374 1498 mutarunt
1389 1466 1496 1499 Voss.
1519 1470 1556 1497 et
1572 1463 1672 1498 Iahn.

140 1510 264 1552 Certe,
291 1510 321 1544 si
340 1512 572 1545 accusativum
591 1512 694 1546 huius
714 1523 790 1546 voc.
809 1512 846 1546 in
864 1514 921 1546 -is
946 1512 1090 1545 missum
1110 1518 1264 1554 statuas,
1300 1511 1426 1546 eodem
1444 1512 1551 1545 modo
1577 1511 1670 1544 scri-

138 1556 293 1590 bendum
317 1557 387 1591 erit
409 1560 472 1593 Ge.
495 1561 521 1601 Ι,
550 1562 627 1595 100.
649 1567 684 1593 et
702 1561 745 1602 11,
769 1561 851 1596 373.
900 1559 1044 1593 Invenio
1064 1565 1184 1592 tamen
1205 1558 1362 1593 lzzemis
1351 1570 1388 1591 m
1409 1559 1536 1604 fragm.
1555 1558 1672 1599 Vatic.

140 1611 322 1644 exaratum
354 1618 375 1639 a
402 1606 583 1649 Bottario,
624 1606 848 1653 imprudente
886 1607 1054 1640 sortasse.
1113 1608 1153 1639 In
1183 1606 1345 1640 Mediceo
1374 1607 1488 1650 Fogg.
1527 1605 1672 1640 exhibet

139 1652 291 1693 luemes·
322 1651 372 1686 sic
405 1653 528 1696 etiam,
578 1666 666 1700 quos
695 1654 792 1688 solos
818 1662 1005 1702 praeterea
1031 1653 1208 1700 inspicere
1232 1653 1354 1697 licuit,
1398 1660 1547 1699 uterque
1572 1653 1670 1700 Lips.

139 1699 304 1733 Heinsius
323 1699 428 1744 silet,
451 1708 490 1734 ut
508 1713 628 1748 saepe.
659 1701 754 1747 Wr.)

140 1831 221 1856 non
241 1819 472 1871 expavescit
490 1819 541 1858 ad
562 1820 740 1872 plausus.
766 1823 876 1859 invi--

139 1891 247 1925 cem,
293 1876 489 1927 vicissim,
530 1878 641 1929 quod
673 1892 802 1931 quum
830 1879 874 1918 in

138 1934 224 1972 istis
266 1935 441 1974 ferocem
489 1936 668 1975 animum
707 1937 872 1989 prodi-t,

140 1992 361 2044 capistrum
385 2000 522 2032 tamen
543 1994 726 2034 admittit
750 2009 873 2048 opera

138 2056 223 2089 tua.
250 2048 318 2104 (in
346 2052 515 2091 vicem
538 2052 639 2091 haec
658 2055 869 2106 experien-

140 2108 213 2159 da,
253 2109 278 2148 i.
298 2123 330 2148 e.
356 2110 479 2149 modo
508 2112 716 2164 strepitui,
747 2113 872 2151 modo

140 2167 323 2219 capistris
357 2168 692 2209 adsuefaciendus
734 2184 873 2224 equuS,

137 2225 341 2264 invalidus
360 2227 515 2278 adhuc,
548 2235 766 2280 antequam
785 2230 881 2277 for—s

138 2284 219 2322 tior
266 2285 397 2323 factus
452 2287 687 2339 refragetur.
743 2289 814 2327 W
807 2286 873 2342 r.)

141 2344 237 2384 189.
275 2343 414 2394 Equus
452 2346 594 2395 ferox,
635 2345 872 2396 indomitus,

138 2406 272 2452 potest
292 2401 424 2440 videri
446 2405 627 2441 conscias
646 2417 728 2442 esse
755 2413 873 2442 aela-

139 2459 212 2507 tis,
247 2458 458 2510 iuventae,
500 2461 667 2512 vigoris,
698 2462 851 2501 virium
861 2477 871 2513 ;

138 2515 274 2567 itaque
290 2519 440 2556 inscius
456 2523 560 2569 aevi,
592 2520 752 2569 virium,
774 2534 873 2571 quas

139 2573 322 2613 nondum
344 2589 418 2614 nec
435 2576 558 2617 habet
577 2592 651 2616 nec
678 2585 872 2631 expertus

139 2638 211 2671 est.
240 2633 373 2672 valer.
401 2635 460 2673 Fl.
482 2636 511 2685 Ι,
535 2638 614 2678 771
649 2639 743 2675 aem·
759 2637 871 2675 mdis

89 2734 95 2739 ο
138 2692 268 2730 altera
291 2692 445 2743 proles,
494 2693 534 2732 h.
568 2707 687 2743 aevo,
740 2700 871 2732 aetate

137 2748 244 2788 rudi.
303 2750 425 2788 Recte
462 2751 647 2791 Servius:
686 2752 871 2791 nondum

137 2807 289 2846 habens
307 2809 357 2847 ab
377 2810 490 2848 annis
509 2810 712 2848 fiduciam.

199 2869 295 2908 190.
337 2867 429 2907 Vid.
453 2868 582 2908 Varro
611 2869 659 2906 R.
687 2868 735 2906 R.
763 2868 810 2918 II,
832 2871 871 2918 7,

141 2926 206 2966 13.
231 2926 386 2965 Colum.
415 2926 489 2977 VI,
509 2930 578 2978 29,
602 2925 642 2968 4.
676 2923 735 2980 (et
757 2926 810 2973 JV.
829 2927 870 2965 L.

143 2981 256 3036 Wr.)
321 2986 414 3027 191.
450 2987 544 3028 192.
588 2985 760 3036 Carpere
785 2998 871 3036 gy-

933 1836 1045 1870 rum,
1095 1827 1145 1859 ut
1168 1820 1300 1870 viam,
1342 1834 1551 1873 campum,
1583 1834 1670 1873 sup.

936 1878 1030 1920 142.
1052 1878 1093 1917 h.
1111 1879 1154 1917 in
1177 1892 1324 1930 gyrum
1348 1891 1419 1917 seu
1439 1879 1577 1917 orbem
1600 1879 1670 1917 ire.

931 1951 1073 1977 sonate
1097 1936 1297 1989 gradibus
1327 1939 1565 1989 οοηροερίίε,
1603 1937 1671 1975 in-

933 1995 1074 2034 cedere
1089 2026 1100 2045 ,
1131 1995 1282 2046 ungula
1302 2001 1493 2044 sonante,
1524 1994 1672 2047 gressi-
1708 2043 1715 2047 ι

930 2054 1007 2092 bus
1046 2053 1283 2092 numerosis.
1338 2055 1468 2091 sinuet
1513 2054 1671 2092 alterna

932 2113 1142 2151 volumina
1166 2125 1345 2161 cruram,
1377 2111 1418 2150 h.
1441 2111 1520 2150 alte
1539 2111 1669 2162 tollat,

933 2170 1076 2220 iactet,
1121 2183 1241 2208 crura
1271 2168 1436 2208 alternis
1446 2184 1456 2220 ;
1487 2176 1530 2209 at
1547 2183 1670 2221 quam

935 2229 1098 2267 ornate!
1169 2230 1264 2270 193.
1297 2227 1391 2270 194.
1433 2232 1542 2278 tum,
1585 2236 1670 2266 tum

934 2287 1114 2325 cursibus
1135 2301 1260 2324 auras
1280 2295 1394 2326 vocet
1405 2302 1421 2335 ;
1453 2285 1494 2325 h.
1513 2300 1669 2339 provo—

935 2351 1019 2395 cet,
1069 2350 1116 2383 ut
1142 2351 1253 2383 recte
1284 2344 1542 2397 interpretati
1574 2349 1670 2383 sunt

931 2403 1012 2443 viri
1040 2403 1152 2442 docti
1182 2416 1233 2441 ex
1256 2403 1425 2441 sollenni
1455 2407 1670 2456 poetarum

930 2476 1031 2511 usu,
1063 2462 1185 2500 etiam
1206 2461 1466 2500 Graecorum.
1526 2460 1666 2499 Paullo

933 2519 1093 2559 diversa
1123 2519 1282 2558 ratione
1313 2527 1449 2558 ventos
1478 2519 1577 2557 velis
1598 2534 1667 2558 νο-

930 2593 1021 2616 care
1053 2578 1220 2626 dicitur,
1261 2577 1329 2628 qui
1364 2576 1550 2615 extendit
1578 2577 1668 2616 vela

931 2636 984 2674 ad
1002 2635 1280 2689 recipiendum
1302 2641 1472 2673 ventum
1485 2650 1495 2685 3
1527 2636 1667 2682 etalc's

929 2702 1065 2732 venlos
1101 2701 1220 2732 vocat
1241 2723 1252 2742 ‚
1297 2693 1472 2732 advocat
1494 2723 1505 2742 ,
1556 2693 1658 2741 avis,

929 2765 1032 2802 quae
1064 2764 1129 2789 eas
1159 2751 1355 2803 expandit
1386 2751 1438 2790 ad
1467 2751 1664 2790 volatum.

932 2809 978 2847 In
997 2809 1189 2861 exemplis
1211 2810 1320 2862 apud
1340 2809 1476 2849 Heins.
1494 2815 1536 2848 et
1557 2809 1666 2848 Bur-

930 2881 1066 2907 mann.
1093 2874 1267 2919 utraque
1297 2868 1412 2906 notio
1448 2867 1664 2906 confundi-

930 2931 1029 2977 tur;
1078 2926 1131 2964 ad
1175 2926 1442 2978 posteriorem
1479 2931 1665 2978 spectant

930 2982 1027 3024 Aen.
1064 2984 1139 3034 III,
1180 2987 1276 3027 253.
1326 2984 1400 3034 lv,
1435 2983 1532 3026 417.
1566 2986 1662 3026 223.
1719 3005 1721 3007 ·
