1734 3320
191 193 295 242 428

531 190 587 239 P.
631 189 977 240 VIRGILII
1008 167 1383 240 'MARONIS

190 319 298 367 Aut
318 303 467 365 fetus*
483 315 692 380 ovium,
730 324 819 364 aut
839 316 1044 365 urentis
1065 315 1206 365 culta
1233 314 1483 382 capellas:

194 385 371 436 Saltus
398 394 451 435 et
470 387 632 435 saturi
652 385 822 454 petito
847 385 1142 453 longinqua
1167 385 1400 449 Tarenti,

189 459 259 507 Et
279 455 496 524 qualem
524 454 708 505 infelix
727 456 898 505 amisit
922 459 1141 516 Mantua
1166 472 1434 522 campum,
1483 497 1486 499 .
1531 498 1533 501 .

189 529 508 577 Pascentem
539 526 726 576 niveos
746 525 986 576 herboso
1011 525 1238 576 flumine
1263 541 1480 591 cycnos;

189 599 313 650 Non
356 596 549 664 liquidi
593 596 843 661 gregibus
874 596 1056 646 fontes
1073 637 1085 660 ‚
1140 613 1254 645 non
1299 595 1540 661 gramina
1588 592 1717 643 dee-

980 674 1108 716 runt
1120 690 1132 727 3
1614 669 1716 716 200

187 738 279 797 Et,
319 744 582 803 quantum
602 734 775 799 longis
797 745 1019 802 carpent
1039 743 1280 785 armenta
1301 734 1507 799 diebus,

188 807 386 871 Exigua
406 814 616 855 tantum
638 804 845 870 gelidus
874 822 964 854 ros
982 815 1145 855 nocte
1166 815 1411 872 reponet.

188 878 348 942 Nigra
370 874 488 926 fere
514 884 566 925 et
591 892 777 942 presso
796 876 1009 943 pinguis
1034 876 1133 926 sub
1157 892 1384 927 vomere
1405 885 1562 939 terra,

262 976 374 1023 197.
413 971 634 1046 Samus,

236 1099 304 1134 196
329 1102 409 1133 Aac
428 1098 549 1132 oviam
563 1096 674 1146 setus
691 1097 822 1131 Medic.
843 1110 923 1132 cum
940 1099 1140 1145 permultis.
1191 1102 1271 1134 Aut
1290 1097 1401 1145 fetus
1420 1099 1541 1133 ovium
1568 1104 1717 1130 urentes

186 1147 324 1190 Menag.
338 1158 392 1191 pr.
418 1154 454 1178 ec
477 1153 627 1179 urentes
648 1145 703 1178 ed.
715 1146 804 1179 Ven.
831 1146 999 1190 (urentes
1015 1147 1144 1181 Medic.
1170 1149 1224 1182 W
1222 1146 1267 1190 r.)

1343 1147 1410 1181 197
1429 1148 1480 1179 Et
1499 1144 1620 1179 saltus
1633 1143 1715 1176 duo.

186 1195 310 1238 satyri
330 1193 457 1226 Medic.
477 1205 497 1225 a
515 1205 560 1226 m.
579 1204 633 1236 pr.
655 1193 777 1226 Franc.
798 1199 834 1226 et
849 1205 904 1238 pr.
926 1196 1151 1237 Moretanus,
1177 1207 1254 1228 cum
1276 1193 1413 1238 glossa,
1446 1192 1486 1227 id
1505 1199 1563 1225 est
1579 1191 1714 1238 oppidi.

187 1241 307 1274 Habet
329 1240 435 1274 lectio
455 1240 636 1273 doctrinae
657 1239 822 1284 speciem.
872 1242 925 1274 Ita
944 1249 978 1274 et
1003 1248 1140 1275 veteres
1162 1240 1390 1284 Grammatici
1407 1240 1570 1284 legerunt
1593 1243 1629 1271 et
1651 1250 1715 1271 ac—

187 1294 378 1332 ceperunt,
412 1294 449 1320 ut
478 1287 523 1320 sit
554 1298 621 1332 pro
648 1287 796 1332 Satyrii3
830 1289 1022 1333 Satyriam
1058 1291 1269 1322 Tarentum.
1312 1300 1346 1322 v.
1374 1288 1510 1322 Pmbus
1523 1312 1532 1329 ,
1566 1293 1619 1327 et,
1656 1284 1715 1330 qui

183 1335 268 1368 inde
308 1346 369 1368 sua
393 1334 595 1376 transtulit,
626 1334 733 1367 Iulius
761 1335 921 1368 Sabinus.

980 1337 1019 1368 Iu
1048 1343 1167 1371 vetere
1194 1347 1368 1381 responso
1398 1333 1597 1368 Phalantho
1624 1332 1714 1366 <dato

185 1382 280 1427 apud
298 1382 412 1415 Strab.
431 1383 491 1423 VI,
517 1395 552 1427 p.
576 1381 646 1417 427
671 1379 867 1427 Σατύριόν
893 1393 953 1417 τοι
974 1381 1096 1417 δώσω.
1140 1384 1232 1417 conf.
1254 1386 1382 1427 Opusc.
1407 1381 1491 1416 Vol.
1511 1382 1555 1423 ΙΙ,
1579 1393 1614 1426 p.
1633 1380 1713 1416 218.

183 1431 265 1465 219.
312 1429 428 1463 Etiam
456 1428 627 1474 Stephani
654 1430 737 1474 Byz.
767 1429 942 1474 epitome,

978 1432 1168 1475 Satgyrium
1194 1437 1347 1464 tractum
1377 1441 1493 1475 prope
1523 1428 1715 1462 Tarentum

187 1489 275 1520 esse,
300 1476 393 1510 unde
414 1476 546 1521 gentile
566 1479 627 1510 Sat
655 1477 750 1510 rinus
771 1484 806 1509 et
826 1478 984 1522 Satyrius
1004 1491 1031 1511 s.
1050 1478 1207 1511 Saturius
1230 1478 1300 1518 sit;
1332 1477 1382 1513 ita
1399 1477 1540 1511 Satur-I
1561 1475 1716 1510 Tarenti

184 1537 256 1558 non
274 1524 364 1558 male
386 1523 445 1557 hic
474 1523 548 1568 legi
574 1489 733 1566 vidjetun
768 1535 835 1568 pro
862 1526 1025 1559 Salutii:
1058 1525 1223 1559 Heinsius
1246 1532 1362 1558 tamen
1379 1523 1443 1557 has
1475 1536 1494 1557 e
1514 1522 1601 1556 vitio
1621 1521 1714 1555 scri-

184 1579 313 1617 pturae
345 1577 382 1604 et
408 1571 699 1615 pronuntiatione
731 1571 863 1605 vocalis
891 1585 914 1605 u
948 1579 983 1605 et
1010 1586 1039 1617 y
1057 1573 1202 1606 confusa
1221 1567 1318 1605 ortas
1339 1583 1448 1616 nugas
1466 1570 1594 1605 reiicit.
1615 1568 1713 1606 conf.

184 1619 247 1653 inf.
268 1620 329 1662 IV,
354 1619 436 1660 335,
461 1618 522 1651 ubi
539 1627 670 1652 saturo
691 1619 814 1652 colore
835 1618 940 1652 etiam
956 1621 1100 1662 Satyro
1118 1620 1249 1665 legitur
1268 1619 1447 1664 scriptum.
1491 1618 1610 1652 Satiri
1621 1616 1712 1650 Gud.

185 1666 271 1712 (vid.
291 1669 334 1708 Q.
359 1667 399 1700 V.
421 1667 520 1707 XVI,
545 1665 579 1700 4.
611 1666 706 1710 Wr.)
763 1668 915 1699 Terenti
934 1667 1062 1700 Medic.
1083 1680 1103 1700 a
1133 1680 1178 1702 m.
1205 1679 1259 1711 pr.

182 1727 270 1748 unus
296 1713 412 1747 Mead.
447 1720 482 1746 et
510 1713 590 1746 edd.
620 1716 709 1746 vett.
756 1714 795 1746 in
825 1713 955 1747 omisso
991 1713 1146 1748 herboso
1176 1713 1285 1748 Goth.
1310 1725 1366 1758 pr.

1357 1667 1424 1702 199
1449 1660 1604 1700 herbossw
1626 1659 1712 1710 ihs:

1460 1714 1533 1748 200
1555 1712 1714 1745 deerunt

183 1762 306 1795 Heins.
325 1760 471 1805 recepit.
522 1760 659 1793 derunt
681 1760 809 1793 Medic.
841 1766 877 1793 et
895 1761 940 1794 ab
967 1760 1035 1794 alia
1064 1774 1167 1794 manu
1187 1761 1366 1806 adscripto
1393 1773 1423 1794 e.
1471 1759 1529 1794 Sic
1551 1771 1613 1792 sex
1638 1755 1711 1792 alii.

185 1809 308 1854 (etiam
327 1809 360 1843 3.
405 1807 500 1851 Wr.)
553 1807 690 1840 desunt
714 1807 835 1851 vulgo.

179 1864 299 1910 ponat
322 1854 488 1888 Rottend.
516 1860 596 1887 tert.

929 1809 1001 1843 202
1026 1810 1173 1854 reponit
1201 1808 1330 1841 Medic.
1358 1811 1408 1853 (et
1437 1808 1471 1842 2.
1504 1805 1598 1850 Wr.)

699 1855 770 1889 203
795 1862 831 1886 et
857 1854 960 1888 abest
993 1868 1013 1888 a
1039 1855 1153 1888 tribus
1181 1862 1216 1888 et
1246 1855 1352 1888 Goth.
1382 1867 1436 1900 pr.
1485 1867 1531 1887 ex
1558 1853 1711 1887 Gudian.

1649 1819 1712 1840 re·-

178 1903 317 1950 pmgui
347 1901 475 1934 Medic.
522 1902 681 1946 (Nempe
708 1900 853 1934 iunctim
882 1901 919 1934 in
949 1901 1078 1935 Medic.
1104 1902 1272 1948 scriptum
1297 1900 1513 1949 pinguz'sub.
1562 1902 1606 1934 Et
1632 1901 1709 1945 ipse

181 1951 209 1984 F
212 1950 330 1995 oggin.
355 1948 414 1982 hic
437 1948 600 1981 adnotat:
631 1948 829 1990 „Nimirum
844 1960 913 1983 uua
934 1962 953 1983 s
969 1949 1102 1996 duplici
1122 1950 1231 1983 verbo
1249 1949 1416 1992 inservit,
1448 1948 1544 1994 quod
1563 1948 1600 1981 in
1625 1948 1710 1983 Cod.

181 2009 290 2042 saepe
310 1996 499 2030 occurrit.“
528 1994 623 2039 Wr.)

181 2118 312 2154 scere,
343 2103 424 2142 hoe
437 2118 477 2143 v.
498 2118 531 2143 e.
549 2104 673 2143 etiam
697 2104 812 2142 Grat.
833 2104 916 2156 Cy-

180 2177 266 2216 neg.
292 2166 388 2205 306.
407 2165 502 2204 307.
534 2170 688 2201 urentes
706 2163 817 2200 culta
837 2177 916 2200 ca·

172 2223 309 2273 pellas
326 2252 336 2270 ,
384 2221 589 2259 laedentes
635 2234 706 2259 seu
759 2227 913 2259 serrato

182 2280 300 2318 dente
325 2293 395 2317 seu
422 2280 568 2330 saliva,
599 2285 648 2317 ut
665 2285 912 2318 exarescant.

178 2338 242 2377 Ita
259 2352 368 2375 urere
386 2338 541 2376 (lictum
555 2344 642 2376 erat
663 2338 732 2376 Ge.
751 2338 781 2387 I,
799 2340 855 2379 77
873 2344 913 2376 et

179 2396 251 2435 inf.
273 2398 370 2438 378.
405 2399 501 2437 379.
521 2419 579 2425 ——
609 2404 791 2434 saturum
827 2398 914 2434 Ta-

178 2463 333 2492 rentum
358 2460 526 2506 propter
564 2454 759 2506 insignem
792 2468 912 2506 agro-

145 2512 153 2523 '
177 2527 270 2551 rum
328 2513 558 2551 ubertatem
608 2510 715 2566 (vid.
769 2512 914 2551 Horat.

180 2571 310 2609 carm.
340 2571 388 2620 Ι[,
419 2573 457 2620 6,
490 2573 541 2612 10
556 2569 681 2624 sqq.);
725 2584 748 2608 a
771 2584 914 2609 conse-

178 2629 339 2681 quenti3
369 2634 416 2667 ut
426 2630 600 2679 pingui-s·
618 2658 629 2678 ,
676 2635 716 2667 et
736 2627 820 2670 224
845 2630 912 2666 da·-

177 2702 246 2725 ves
266 2687 425 2736 Capua.
483 2686 669 2724 Illustrat
685 2701 805 2725 usum
826 2687 914 2739 epi-

177 2745 284 2785 theti
302 2744 503 2784 Heinsius,
535 2745 760 2796 longinqua
774 2775 784 2794 ‚
819 2745 913 2783 lon-

176 2804 344 2856 ginquos
366 2817 492 2855 agros.
525 2800 566 2856 (i.
588 2815 621 2840 e.
640 2802 755 2854 longe
775 2805 912 2841 remo'-

175 2869 252 2913 tos,
282 2867 427 2915 utpote
445 2861 488 2899 in
506 2866 688 2899 extrema
700 2861 715 2898 I
721 2861 813 2898 talia
832 2875 911 2913 po-

177 2921 286 2959 sitos.
322 2917 442 2973 Wr.)
463 2942 519 2948 —
560 2921 654 2960 198.
684 2919 838 2958 Notum
860 2933 911 2958 ex

176 2979 259 3019 Ecl.
275 2979 293 3018 I
311 2983 569 3031 argumento,
597 2982 638 3016 et
657 2977 739 3015 Ecl.
759 2977 830 3027 ΙΧ,
842 2980 909 3019 27.

974 2106 1120 2146 28.--
1152 2106 1247 2146 199.
1278 2104 1370 2144 Vid.
1398 2103 1480 2142 Ecl.
1512 2103 1606 2152 VII,
1642 2105 1708 2145 11.

978 2165 1043 2204 12.
1078 2165 1142 2203 13.
1173 2162 1336 2202 herboso
1351 2164 1556 2214 flamine;
1598 2161 1708 2201 Min-

975 2221 1059 2259 cius
1078 2221 1182 2259 enim
1205 2221 1403 2260 arundine
1430 2226 1471 2259 et
1491 2220 1577 2272 alga
1598 2220 1709 2259 obsi-

972 2285 1039 2317 tus
1053 2285 1124 2317 est.
1141 2302 1199 2308 --
1227 2282 1431 2321 201.202.
1450 2291 1525 2331 per
1545 2284 1708 2318 noctem

972 2337 1198 2376 sucorescit.
1220 2352 1298 2387 ros,
1332 2344 1541 2389 tamquam
1568 2348 1708 2377 caussa

971 2395 1213 2434 fertilitatis:
1260 2395 1370 2435 unde
1405 2399 1539 2448 θῆλυς
1567 2394 1706 2450 ἑέρσηε

971 2468 1011 2493 v.
1039 2468 1072 2492 c.
1105 2454 1253 2493 Graev.
1287 2453 1341 2492 ad
1367 2453 1530 2492 Hesiod.
1561 2454 1623 2492 Sc.
1653 2453 1705 2492 H.

973 2512 1070 2554 395.
1111 2512 1274 2550 Poetica
1294 2512 1456 2563 quidem
1484 2511 1706 2564 amplifica-

970 2570 1081 2608 tione
1107 2570 1237 2620 dicta,
1269 2583 1344 2608 nec
1378 2569 1515 2608 tamen
1549 2584 1572 2607 a
1605 2583 1704 2609 vero

970 2629 1089 2681 plane
1109 2628 1381 2666 abhorrentia.
1404 2629 1451 2667 cf.
1464 2627 1564 2666 Plin.
1578 2628 1703 2678 XVII,

971 2685 998 2727 4
1023 2691 1127 2724 extr.
1201 2686 1256 2723 De
1284 2687 1433 2738 Campo
1470 2687 1621 2726 Roseae
1651 2685 1705 2724 ad

968 2744 1118 2782 Lacum
1155 2744 1342 2782 Velinum
1379 2744 1463 2783 vid.
1500 2747 1612 2784 Serv.
1651 2744 1704 2783 ad

969 2801 1069 2840 Aen.
1089 2801 1174 2852 VII,
1193 2805 1288 2844 712.
1332 2802 1491 2842 Cluver.
1511 2803 1599 2842 Ital.
1620 2808 1702 2841 ant.

1024 2920 1296 2959 203—211.
1338 2918 1520 2957 Tandem
1553 2918 1702 2959 humus

965 2975 1079 3028 pulla
1095 2989 1165 3014 seu
1184 2975 1318 3029 nigra,
1348 2977 1529 3029 pinguis,
1562 2982 1603 3016 et
1615 2992 1701 3029 pu—
