1768 3320
189 199 246 233 v1
674 170 1218 228 PRAEFATIO

189 313 347 370 rima
368 308 728 390 profecerim
754 319 810 363 et
839 304 1099 381 quotidie
1126 299 1447 380 proficiam
1471 320 1503 356 e
1525 318 1712 379 prae-

193 391 540 449 stantissimi
579 388 713 444 Viri
752 387 917 443 libris
969 383 1160 442 omnis
1205 380 1564 438 eruditionis
1607 403 1714 461 ge-

191 493 338 531 nere
389 468 819 538 refertissimis,
882 485 1043 522 nunc
1086 463 1304 521 acriter
1354 482 1711 541 persequar,

194 554 247 610 si
288 572 436 630 quos
477 551 542 606 in
582 562 706 606 tam
746 550 922 625 longo
964 547 1061 602 ille
1095 544 1251 600 fudit
1283 563 1497 622 opere,
1544 563 1714 601 erro-

192 653 305 692 reS.
388 633 595 706 Itaque
639 628 934 705 quidquid
978 625 1242 684 continet
1275 625 1454 681 tertia
1485 623 1715 703 Heynii

197 714 375 770 editio
398 758 411 783 ,
468 712 532 768 id
571 711 635 766 in
686 711 801 766 hac
856 719 1068 783 quarta
1117 726 1292 763 omne
1335 705 1714 765 redhibitum

193 794 440 850 videbis.
521 790 721 847 Unum
768 789 920 846 mihi
970 789 1151 845 licere
1206 787 1456 866 putavi,
1523 798 1595 844 ut
1646 788 1714 845 in

195 885 497 944 contexui,
549 873 600 927 si
642 890 822 947 quam
865 870 1221 926 deteriorem
1261 868 1593 925 lectionem
1632 871 1710 926 ab

191 954 424 1032 Heynio
466 953 728 1008 viderem
767 962 1101 1029 receptam,
1145 969 1510 1028 reponerem
1553 968 1712 1023 eam,

194 1053 378 1109 quam
418 1034 677 1089 rationes
721 1032 959 1088 criticae
991 1031 1524 1103 commendarent3
1568 1032 1714 1088 reli-

193 1115 356 1191 gioni
397 1115 557 1170 enim
598 1113 923 1183 ducebam,
977 1112 1410 1169 nitidissimum
1461 1125 1714 1193 poetam

191 1196 263 1250 iis
307 1195 504 1251 adhuc
557 1194 810 1250 maculis
863 1194 1269 1249 deformatum
1323 1194 1484 1273 pati,
1549 1213 1710 1270 quae

193 1275 423 1330 dudum
468 1286 636 1331 erant
677 1274 1125 1351 abstergendae.
1212 1274 1336 1331 Sed
1378 1287 1447 1331 ut
1483 1275 1580 1332 Vel
1622 1275 1711 1333 sic

190 1354 388 1412 statim
428 1356 491 1411 in
534 1356 738 1411 oculos
772 1356 1135 1426 incurreret,
1180 1355 1333 1431 quid
1366 1375 1404 1412 a
1437 1376 1537 1413 me
1573 1377 1715 1414 mu-

189 1446 374 1491 tatum
399 1447 562 1505 esset,
591 1435 708 1512 ipsi
732 1436 920 1491 textui
941 1437 1177 1493 subieci
1200 1436 1526 1494 lectionem
1549 1437 1714 1516 Hey-

187 1515 449 1571 nianam.
533 1512 674 1584 Oua
712 1516 776 1571 in
815 1537 878 1572 re
921 1517 1178 1573 videbor
1207 1520 1464 1575 fortasse
1503 1520 1712 1577 multis

192 1593 274 1672 (et
305 1596 464 1651 visus
492 1596 645 1651 mihi
685 1616 820 1652 sum
859 1597 1167 1654 interdum
1209 1597 1353 1677 ipsi)
1397 1600 1580 1657 nimis
1618 1600 1714 1657 di·-

188 1675 375 1752 ligens
401 1675 607 1747 fuisse,
652 1677 755 1752 qui
784 1678 1037 1752 quodvis
1077 1680 1262 1736 etiam
1289 1699 1533 1738 comma
1567 1683 1715 1738 sub-

189 1755 378 1813 latum
420 1775 455 1811 a
495 1776 591 1812 me
635 1759 729 1813 vel
779 1758 1055 1815 additum
1108 1761 1371 1817 indicari
1421 1774 1711 1820 accurate

190 1834 461 1893 viderint.
539 1837 678 1894 Feci
715 1839 830 1895 hoc
875 1840 1124 1915 quidem
1164 1842 1230 1898 in
1270 1843 1470 1921 primo
1513 1843 1713 1901 Volu-

191 1916 383 1987 mine3
437 1917 541 1972 sed
582 1918 631 1973 si
669 1920 843 1988 mihi,
886 1934 950 1977 ut
988 1942 1195 2000 sperO,
1249 1924 1506 1982 lectores
1549 1925 1712 1983 hanc

191 2006 418 2052 tantam
458 1997 800 2073 religionem
831 2002 1194 2075 remiserint,
1239 2005 1304 2060 in
1342 2007 1556 2063 ceteris
1584 2006 1713 2063 Vo-

191 2074 518 2133 luminibus
562 2091 852 2137 mutatam
889 2102 924 2138 a
958 2104 1054 2139 me
1090 2086 1536 2144 distinctionem
1579 2099 1712 2144 tum

195 2153 440 2212 demum
480 2158 787 2232 indicabO,
830 2164 938 2219 ubi
969 2184 1040 2221 ea
1069 2186 1165 2221 res
1200 2167 1339 2245 plus
1372 2169 1451 2226 ad
1487 2169 1713 2225 intelli-

194 2236 452 2309 gendum
497 2251 733 2315 poetam
766 2242 989 2299 habere
1037 2249 1332 2304 momenti
1374 2250 1530 2306 mihi
1578 2249 1712 2306 visa

194 2315 387 2371 fuerit.
467 2316 540 2373 Et
591 2319 662 2375 de
705 2322 934 2379 ratione
990 2326 1463 2408 interpungendi
1516 2351 1711 2407 quum

194 2393 438 2470 longum
474 2398 546 2453 sit
573 2399 795 2473 dicere,
841 2404 1170 2464 differenda
1199 2423 1286 2467 est
1319 2413 1474 2469 haec
1500 2412 1713 2492 dispu—

194 2474 336 2564 tatio
374 2475 440 2530 in
482 2478 647 2535 aliud
687 2493 950 2560 tempuS,
1000 2488 1051 2542 si
1091 2492 1333 2564 quando
1371 2494 1524 2550 forte
1569 2495 1708 2573 plus

195 2554 349 2609 mihi
389 2558 695 2634 contigerit
731 2564 848 2619 otii.
929 2565 1096 2625 Nunc
1140 2573 1388 2645 quidem
1427 2576 1710 2632 nondum

200 2651 334 2689 eam
367 2655 495 2692 rem
539 2639 617 2694 ad
662 2654 850 2698 certas
898 2649 1191 2720 quasdam
1238 2656 1473 2732 regulas
1524 2675 1561 2712 a
1608 2676 1708 2713 me

195 2726 535 2773 revocatam
604 2739 727 2776 esse
783 2725 960 2782 facile
1016 2728 1348 2810 intelliges;
1420 2737 1572 2793 illud
1617 2749 1711 2794 ta—

194 2811 336 2885 men
380 2796 685 2870 fateberiS,
736 2804 925 2860 multa
967 2810 1177 2867 melius
1214 2814 1278 2869 in
1324 2829 1543 2891 quarta
1588 2819 1708 2875 hac

197 2871 456 2931 editione
494 2877 802 2955 distingui,
856 2904 1039 2959 quam
1070 2890 1133 2946 in
1161 2896 1350 2952 tertia.
1433 2897 1710 2956 Plurima
