1734 3320
298 237 783 311 GEoRJGICoN
817 256 957 308 Lis.
989 256 1065 319 n,
1106 261 1286 308 1—11

1455 261 1558 310 393

29 387 216 440 Floret
237 401 388 453 ager,
423 393 638 453 spumat
657 383 831 451 plenis
853 381 1126 432 vindemia
1147 381 1334 444 labris3

28 460 172 523 Huc,
206 465 361 526 pater
382 473 415 506 o
435 458 677 519 Lenaee,
714 453 865 515 veni3
902 451 1211 519 nudataque
1235 459 1417 501 musto

31 529 243 594 Tingue
269 542 416 577 novo
442 541 663 575 mecum
688 523 924 591 dereptis
950 539 1102 573 crura
1128 520 1419 573 cothurnis

98 590 373 664 Principio
401 595 681 646 arboribus
705 594 846 644 varia
871 602 950 644 est
971 601 1161 643 natura
1187 590 1454 642 creandis:

27 671 278 735 Namque
295 666 444 731 aliae,
465 665 624 716 nullis
644 664 935 715 hominum
958 662 1290 728 cogentibus,
1315 662 1461 728 ipsae
1495 666 1558 713 10

31 738 242 807 Sponte
264 753 358 788 sua
380 736 629 801 veniunt,
667 750 998 802 camposque
1024 742 1079 784 et
1100 731 1326 783 flumina
1348 731 1454 781 late

75 890 100 927 8
121 890 288 939 dereptis
308 889 353 924 ab
370 887 518 924 Heinsio
537 888 630 922 bene
649 888 881 927 emendatum.
916 886 1076 934 direptis
1094 885 1214 932 vulgo.
1240 885 1429 933 (dereptis,
1448 895 1559 931 prae-

28 943 87 972 ter
107 937 257 972 Mentel.
284 936 419 982 prior„
462 935 567 970 etiam
593 937 629 971 2.
655 935 689 971 4.
714 938 749 972 7.
796 934 945 970 Vossius
974 941 1010 968 et
1040 933 1140 968 Iahn.
1172 933 1358 967 ediderunt
1389 932 1558 980 direptis.

28 988 144 1031 Atque
162 983 232 1019 etsi
248 995 322 1018 non
339 982 560 1029 negaverim,
582 982 699 1028 proba
723 983 815 1017 haec
845 993 985 1028 qnoque
1002 979 1136 1014 videri:
1162 981 1239 1015 diri
1263 993 1325 1014 ete
1344 980 1557 1021 cothurnos,

29 1033 213 1074 tunicam,
235 1040 395 1073 vestem,
418 1041 559 1075 semper
572 1036 691 1064 tamen
708 1029 900 1064 violentiae
918 1028 1101 1062 notionem
1124 1027 1183 1062 his
1204 1040 1226 1062 a
1253 1027 1401 1061 haerere
1430 1025 1558 1060 existi-

28 1078 214 1120 mavelim,
245 1089 336 1124 qnae
359 1077 475 1112 aliena
497 1083 553 1110 est
571 1077 615 1110 ab
643 1077 679 1111 h.
700 1077 726 1112 l.
774 1077 854 1111 Dici
872 1083 988 1110 autem
1004 1074 1064 1109 vix
1079 1077 1222 1120 potest,

30 1126 100 1160 de-
125 1125 165 1160 in
195 1124 299 1159 libris
326 1124 383 1158 vel
410 1123 573 1170 optimis,
610 1131 648 1158 ut
666 1123 803 1170 inipso
828 1123 1012 1164 Mediceo,
1047 1128 1228 1156 examtum

28 1172 102 1207 vid.
117 1172 219 1208 v.1..
236 1173 323 1207 Aen.
340 1173 377 1216 ι,
398 1172 480 1208 211.
519 1171 615 1216 Wr.)

31 1226 87 1254 est
101 1232 123 1254 a
138 1217 276 1257 Zalich-

30 1349 87 1390 ad
117 1349 413 1404 recipiendum>
442 1355 623 1390 mustum
657 1356 763 1403 apta.

30 1410 71 1452 7.
87 1408 334 1449 suavissima
349 1408 480 1461 imago
496 1408 646 1447 Bacchi
662 1421 764 1447 uvas

30 1466 223 1507 calcantis
245 1480 331 1507 una
359 1480 454 1506 cum
482 1472 624 1520 poeta,
665 1466 765 1506 dum

29 1524 229 1564 auxilium
251 1525 326 1564 sibi
344 1538 368 1563 a
389 1524 466 1563 deo
488 1525 703 1564 ferendum
719 1525 764 1564 in

30 1583 208 1622 oermine
253 1582 304 1622 de
342 1583 557 1623 vinearum
602 1584 765 1622 cultura

28 1641 199 1695 expetit.
235 1641 288 1681 ef.
315 1641 473 1694 elegans
495 1642 630 1694 Epigr.
651 1641 765 1680 Mae-

29 1699 82 1738 eii
105 1698 151 1739 in
175 1697 362 1739 Analect.
378 1699 558 1739 Brunek.
582 1701 696 1739 Tom.
715 1700 764 1750 Π,

27 1771 118 1811 pag.
138 1759 237 1808 239,
254 1757 327 1797 XI.
359 1757 629 1797 cothurnatus
644 1755 765 1796 exhi-

28 1815 138 1855 bitus
167 1816 253 1854 fere
283 1815 379 1855 olim
406 1815 611 1855 Bacchus:
653 1815 765 1868 quod

29 1871 153 1913 etiam
168 1886 190 1912 e
205 1873 325 1926 signis
340 1873 507 1926 aliisque
520 1887 764 1914 monumen-

27 1931 79 1971 tis
95 1937 265 1972 constat.
295 1931 459 1971 Calcare
474 1932 647 1986 pedibus
662 1946 763 1972 uvas

28 1991 250 2029 etiamnum
261 1989 305 2030 in
315 1990 430 2030 Italia
442 1991 633 2030 sollenne.
654 1991 763 2030 Con-

28 2048 92 2088 fer
107 2049 427 2088 amoenissimam
443 2049 671 2089 vindemiae
688 2049 764 2088 de·-

28 2106 311 2159 scriptionem,
350 2120 375 2144 a
407 2107 564 2160 Satyris
588 2106 763 2157 habitae,

29 2164 141 2217 apud
163 2164 385 2203 Nemesim.
405 2165 487 2204 Ecl.
507 2165 574 2215 ΙΠ,
600 2163 658 2207 40
678 2179 764 2216 sqq.

27 2221 162 2261 Fauni
175 2234 296 2275 super
313 2221 406 2261 lacu
422 2229 576 2262 stantes
590 2222 764 2262 exhibiti

29 2286 128 2320 sunt
147 2292 200 2318 ex
217 2279 445 2333 anaglypho
476 2295 500 2319 a
522 2281 633 2320 Com.
656 2281 764 2333 cay-

26 2338 93 2377 lus
114 2336 303 2392 (Reeueil
324 2338 510 2391 d’Antiq.
537 2339 583 2378 T.
604 2339 652 2389 V,
680 2339 762 2378 tab.

0 2440 6 2444 ,
27 2399 99 2439 72.
136 2396 188 2435 cf.
207 2397 363 2434 Pium
382 2395 428 2434 di
446 2397 649 2436 Ercolano
668 2398 714 2437 T.
731 2397 762 2448 Ι,

26 2454 110 2494 tab.
129 2453 185 2497 35
206 2484 217 2493 .

84 2452 260 2555 9—)21.
289 2510 467 2551 Arbores
491 2518 763 2565 procreantur

29 2576 102 2609 aut
130 2575 280 2608 natura
312 2577 386 2609 aut
404 2577 504 2609 arte.
544 2569 763 2609 Arboribus

28 2627 227 2676 creandis,
255 2626 297 2667 h.
318 2641 351 2668 e.
373 2629 568 2668 arborum
591 2642 763 2667 nascen-

27 2685 156 2735 tium,
185 2691 355 2736 natura,
382 2687 512 2737 ratio,
542 2695 601 2725 est
616 2689 759 2735 μανία,-

30 2741 133 2797 (vid.
159 2741 252 2781 Not.
279 2743 333 2782 ad
356 2745 426 2784 Ge.
445 2745 476 2795 Ι,
496 2747 535 2787 3.
570 2743 691 2799 Wr.)
722 2750 763 2783 et

29 2800 195 2854 quidem
235 2802 429 2841 naturalis
462 2802 566 2842 ratio
597 2803 759 2856 triplex,

29 2867 104 2897 aut
130 2864 179 2896 ut
204 2864 349 2910 sponte
367 2862 551 2910 veniant,
589 2860 633 2899 h.
659 2875 761 2914 pro-

28 2916 197 2956 veniant
217 2914 322 2968 (sup.
336 2916 368 2966 Ι,
389 2916 487 2971 54),
508 2926 583 2955 aut
600 2919 760 2968 semine,

28 2982 103 3012 aut
128 2973 179 3012 ab
200 2973 357 3012 radice:
386 2974 489 3014 Plin.
504 2975 613 3025 XVI,
634 2979 703 3025 32,
730 2990 760 3014 s.

28 3031 98 3075 58.
147 3031 260 3071 Cous.
280 3030 484 3084 Theophr.
508 3031 613 3072 Hist.
631 3033 761 3073 Plant.

711 1174 757 1208 10
780 1174 904 1218 Atque
920 1170 1019 1205 aliae
1036 1169 1147 1204 Goth.
1164 1181 1221 1215 pr.

1276 1073 1390 1108 uoties
1410 1074 1472 1107 di-
1489 1084 1557 1118 pro

1277 1120 1556 1167 eprehendatnr3

1317 1170 1361 1204 11
1387 1180 1457 1215 que
1487 1167 1558 1202 ab-

821 1347 879 1398 11,
910 1351 947 1390 1.
997 1361 1140 1400 quem,
1193 1353 1235 1387 et
1269 1347 1498 1387 Varronem
1523 1345 1555 1396 1,

822 1409 900 1456 39,
927 1409 978 1456 3,
1013 1405 1212 1458 expressit
1228 1403 1430 1458 Virgilius.
1458 1405 1558 1444 item

823 1464 1045 1504 Columella
1072 1463 1123 1502 de
1148 1462 1339 1504 Arborib.
1364 1477 1450 1517 pr„
1485 1461 1556 1514 qui

822 1522 875 1561 ad
891 1521 934 1562 h.
952 1522 980 1562 l.
1000 1522 1174 1575 respicit.
1212 1521 1307 1562 add.
1327 1520 1557 1561 Pontedera

822 1579 987 1633 Antiqq.
1019 1581 1088 1620 Gr.
1118 1581 1204 1619 Lat.
1233 1581 1358 1633 Epist.
1380 1579 1477 1628 XII,
1517 1583 1557 1617 et

822 1640 988 1678 Gesner.
1008 1638 1062 1677 ad
1076 1638 1249 1678 Varron.
1266 1639 1293 1677 l.
1308 1638 1336 1677 1.
1366 1637 1556 1676 Ceterum

821 1697 864 1736 in
879 1696 942 1747 iis,
959 1710 1062 1749 quae
1080 1703 1332 1749 sequuntur,
1360 1694 1556 1734 ornandis

822 1762 973 1807 quanta
992 1761 1137 1808 poetae
1156 1769 1222 1795 ars
1241 1755 1304 1805 sit,
1329 1753 1446 1793 facile
1461 1766 1555 1792 sen-

820 1813 891 1852 firi
918 1819 1074 1866 potest,
1104 1813 1138 1852 si
1168 1813 1222 1852 ad
1248 1812 1402 1852 nudam
1426 1812 1556 1865 pede-

818 1870 917 1910 stris
963 1872 1159 1911 orationis
1198 1871 1474 1912 narrationem
1508 1883 1556 1909 ea

819 1929 1034 1983 redegeris

882 1990 948 2030 11.
980 1989 1130 2040 Sponte
1146 2002 1239 2027 sua.
1287 1987 1439 2026 Parum
1455 1985 1551 2026 sub-

819 2045 948 2085 tiliter
980 2052 1139 2085 veteres
1168 2059 1237 2096 ea,
1284 2060 1389 2099 quae
1415 2052 1556 2096 sponte

819 2112 1060 2154 nascuntur,
1102 2099 1366 2157 αὐτομάτως,
1405 2103 1555 2142 distin-

819 2174 918 2201 xere
933 2161 983 2200 ab
1003 2162 1064 2212 iis,
1082 2176 1188 2215 quae
1205 2163 1356 2200 semine
1372 2175 1556 2200 nascun-

820 2228 887 2257 tur
905 2235 918 2257 :
962 2233 1054 2258 cmn
1087 2226 1225 2258 tamen
1253 2232 1332 2259 nec
1356 2219 1435 2267 ista
1469 2219 1555 2258 sine

820 2277 969 2316 semine
987 2278 1244 2331 proveniant.
1280 2277 1456 2317 Voluere
1474 2277 1555 2317 sci-

819 2335 916 2374 licet
940 2335 1144 2375 declarare
1165 2335 1213 2374 id
1238 2349 1363 2389 genus
1389 2336 1554 2390 planta-

820 2407 915 2433 rum
940 2400 981 2432 et
1006 2394 1220 2445 arborum,
1260 2394 1374 2446 quod
1409 2394 1554 2447 primi-

820 2452 983 2504 genium
1011 2452 1182 2503 dixeris,
1225 2452 1338 2505 quod
1365 2453 1411 2491 in
1447 2453 1552 2502 loco,

821 2524 941 2562 quem
961 2517 1134 2564 occupat
1155 2511 1343 2561 colonus,
1371 2511 1455 2550 iam
1475 2523 1554 2549 na-

819 2574 907 2607 tum
935 2576 1161 2622 repererat:
1209 2568 1554 2620 quemadmodum

818 2627 965 2679 vulgus
995 2626 1142 2666 herbas
1165 2627 1291 2666 malas
1319 2633 1358 2666 et
1388 2627 1552 2666 inutiles

820 2691 964 2738 sponte
988 2685 1074 2725 solo
1105 2685 1216 2724 nasci
1246 2686 1366 2725 dicit:
1403 2698 1551 2733 semen,

818 2743 929 2782 unde
956 2743 1048 2782 illae
1070 2743 1314 2796 gignuntur,
1352 2749 1478 2782 vento
1511 2748 1552 2780 et

818 2814 910 2840 aere
923 2802 1091 2841 allatum
1108 2816 1155 2841 ac
1168 2802 1396 2855 proiectum
1412 2799 1550 2838 humi-

818 2873 896 2911 que
912 2859 1137 2910 conditum,
1159 2874 1243 2899 non
1260 2860 1306 2898 in
1327 2858 1463 2897 oculos
1483 2856 1550 2895 in-

818 2919 958 2968 currit,
977 2918 1158 2970 adeoque
1172 2918 1256 2956 sine
1276 2916 1424 2955 semine
1440 2913 1550 2952 nasci

816 2975 909 3014 illae
936 2982 1150 3029 putantur.
1207 2975 1292 3014 Iam
1313 2987 1400 3025 sup.
1425 2972 1496 3010 Ge.
1517 2971 1548 3021 I,

818 3035 875 3076 22
891 3048 1020 3073 novas
1040 3047 1120 3071 non
1138 3033 1223 3072 ullo
1238 3033 1386 3070 semine
1395 3030 1549 3082 fruges
