1734 3320
144 238 249 287 682
498 233 555 284 Ρ.
591 230 949 284 VIRGILII
983 230 1365 283 MARONIS

142 358 452 423 Lustrabat,
489 367 700 427 raptam
723 358 1031 424 Eurydicen
1052 367 1215 427 atque
1237 358 1394 409 inrita
1412 359 1547 410 Ditis
1578 382 1590 393 ν

139 434 300 483 Dona
334 446 596 499 querens:
632 439 845 498 spretae
875 429 1145 482 Ciconum
1175 447 1287 499 quo
1316 446 1550 482 munere
1573 447 1690 481 ma-

941 508 1052 551 tres
1585 504 1690 556 520

213 575 331 628 520.
368 586 607 637 ΜΑΤΒΕε,

189 716 260 754 520
285 716 444 762 Spretae
476 714 647 747 Ciconum
675 724 748 760 quo
778 725 932 747 munere
957 721 1108 747 macres.
1155 713 1292 748 Locum
1319 712 1414 748 hunc
1437 713 1544 748 variis
1573 715 1689 749 modis

143 770 181 798 et
205 763 332 797 iterata
364 762 442 795 vice
471 767 674 803 tentatum,
714 767 771 804 et,
804 768 842 794 ut
871 760 1051 794 interdum
1071 762 1262 807 putabam,
1284 761 1443 796 feliciter
1473 761 1689 808 expeditum,

142 811 284 857 quoties
303 810 434 844 iterum
453 808 605 851 accessi,
630 808 742 842 toties
761 807 857 842 sensi
875 808 1062 843 commode
1083 809 1263 844 enucleari
1282 821 1355 844 non
1378 821 1500 856 posse.
1549 810 1588 844 Si
1603 821 1690 844 ver-

141 859 189 894 ba
205 871 273 905 pro
292 857 387 892 sanis
408 856 631 899 habeantur,
657 868 747 902 quae
767 856 860 889 inter
879 856 1008 890 multas
1032 856 1120 890 alias
1138 857 1228 891 mihi
1247 857 1322 892 visa
1344 864 1402 891 est
1420 857 1571 892 maxime
1588 857 1690 892 tole—

140 906 266 941 rabilis
289 903 562 950 interpretatio,
588 916 665 938 eam
691 904 730 937 in
758 903 867 938 Notis
894 904 1042 938 subieci.
1089 908 1138 939 At
1166 905 1260 939 bene
1291 905 1410 939 sentio
1438 917 1541 952 quam
1564 905 1690 940 durum

141 954 213 989 hoc
239 953 303 988 sit:
331 953 467 999 'sperni
487 950 628 997 officio,
648 953 792 999 pietate
813 951 987 995 alterius,
1020 964 1088 998 pro
1118 952 1273 994 oflendi5
1306 959 1347 987 ut
1365 952 1434 987 sit:
1467 958 1618 1000 putare,
1644 954 1691 988 ad

136 1001 198 1037 *sui
223 1006 443 1036 contemtum
467 1000 539 1033 hoc
570 999 776 1046 pertinere,
809 999 907 1045 quod
938 1000 1031 1034 alter
1057 1000 1095 1034 in
1125 1000 1244 1035 officio
1264 1012 1330 1035 suo
1349 1007 1491 1044 manet,
1514 1011 1631 1047 neque
1650 1014 1689 1036 se

142 1050 186 1084 ab
211 1061 254 1083 eo
271 1047 402 1082 abduci
419 1047 556 1092 patitur
572 1047 643 1081 mei
662 1059 786 1082 caussa
810 1053 847 1080 et
871 1047 1069 1082 voluntate.
1117 1051 1148 1082 A
1171 1055 1282 1095 poeta
1303 1054 1423 1083 tamen
1451 1060 1592 1083 versum
1615 1055 1691 1084 tam

142 1097 305 1131 scabrum
343 1101 380 1129 et
419 1095 632 1130 sententiam
671 1102 745 1129 tam
775 1107 900 1141 parum
941 1095 1164 1130 commodam
1192 1095 1374 1141 proficisci
1399 1096 1563 1143 potuisse
1591 1097 1690 1131 haud

141 1144 265 1179 credo.
313 1144 455 1177 Interea
488 1155 563 1177 non
591 1143 706 1176 minus
743 1142 880 1177 lubrica
909 1149 964 1177 est
997 1143 1112 1177 omnis
1141 1144 1365 1186 coniectura,
1400 1144 1690 1192 quandoquidem

140 1192 258 1226 nullus
286 1190 375 1226 satis
400 1190 554 1225 idoneus
584 1197 640 1225 est
659 1190 809 1233 fundus,
835 1190 891 1225 cui
912 1203 988 1225 eam
1007 1199 1254 1238 superstruas;
1289 1191 1426 1226 nullum
1453 1199 1572 1227 autem
1590 1204 1687 1239 pon-

141 1241 207 1274 dus
222 1239 359 1273 habere
382 1245 504 1285 potest
529 1238 753 1282 emendatio,
775 1238 820 1272 de
838 1251 908 1285 qua
928 1238 1160 1285 pronunties:
1184 1238 1347 1287 potuisse
1364 1239 1462 1274 forte
1482 1240 1532 1275 ita
1556 1240 1688 1283 scribi5

140 1300 249 1335 posse
271 1294 392 1321 tamen
410 1293 447 1320 et
464 1286 536 1320 alio
557 1286 666 1320 modo
688 1286 861 1333 scriptum
886 1299 975 1321 esse.
1024 1286 1182 1321 videndi
1210 1294 1332 1322 tamen
1358 1287 1417 1322 vel
1442 1287 1494 1323 sic
1513 1295 1595 1322 sunt
1615 1300 1688 1335 po·-

138 1335 252 1370 tiores
270 1335 427 1370 virorum
443 1334 629 1370 doctorum
646 1341 794 1368 conatus
815 1347 878 1368 seu
907 1334 1168 1380 interpretandi
1192 1348 1255 1370 seu
1280 1336 1506 1370 emendandi.
1554 1337 1689 1371 Verum

139 1382 309 1419 audiendi
324 1382 423 1429 prius
445 1382 550 1416 codd.
572 1388 609 1416 et
629 1382 710 1416 edd.
759 1382 916 1427 Vulgata
939 1390 992 1417 est
1022 1383 1059 1416 in
1077 1383 1259 1429 plerisque
1276 1382 1380 1417 libris
1401 1390 1438 1417 et
1467 1383 1504 1418 in
1523 1384 1687 1418 omnibus

141 1430 259 1465 editis.
309 1433 444 1478 Spreto
469 1430 607 1476 aliquot
627 1429 766 1476 antiqui
790 1430 886 1475 apud
917 1430 1010 1465 Pier.
1036 1443 1115 1465 cum
1134 1430 1272 1466 Bodlei.
1299 1432 1521 1467 Burmannus
1543 1431 1615 1477 ait,
1652 1438 1689 1468 et

142 1479 261 1513 editos
285 1477 477 1512 nonnullos
506 1478 650 1523 legere;
685 1490 774 1524 quos
801 1485 923 1512 tamen
951 1490 1025 1512 non
1055 1478 1142 1514 vidi.
1191 1480 1304 1524 Tum,
1339 1492 1413 1527 quo
1441 1477 1592 1514 numine
1616 1493 1688 1515 sec.

139 1528 271 1561 Moret.
297 1538 367 1561 sec.
397 1532 434 1559 et
459 1532 545 1560 tert.
572 1526 745 1560 Rottend.
762 1527 858 1561 Ven.
872 1526 1037 1560 Parthas.
1085 1528 1159 1561 Iam
1183 1534 1222 1561 ut
1242 1527 1288 1561 de
1308 1526 1544 1574 interpretum
1559 1527 1688 1562 studiis

140 1586 284 1620 agamus
298 1600 307 1617 ‚
331 1573 448 1621 primo
467 1573 550 1608 loco
568 1573 711 1609 Servius
732 1573 943 1621 adscripsit:
990 1600 1013 1618 ‚,
1025 1587 1098 1621 quo
1117 1587 1289 1618 munere3
1323 1574 1477 1620 nuptiali
1496 1575 1687 1618 scilicet;“

141 1622 243 1657 addit
264 1622 329 1656 Iul.
351 1622 453 1656 Sab.:
478 1621 581 1668 quasi
603 1634 675 1656 non
698 1628 818 1656 essent
848 1621 978 1666 dignae
1005 1622 1113 1666 illae,
1144 1622 1280 1657 nubere
1301 1623 1462 1669 Orpheo.
1509 1624 1565 1658 Ita
1582 1630 1687 1670 putes

142 1670 270 1705 saltem
304 1672 440 1717 Spreta
471 1683 544 1717 quo
569 1683 724 1704 munere
752 1682 830 1703 esse
858 1670 1069 1715 legendum
1102 1676 1226 1716 spreta
1246 1670 1321 1705 eius
1340 1670 1412 1704 fide
1435 1677 1473 1705 et
1490 1671 1631 1718 pietate
1650 1671 1689 1707 in

140 1717 344 1763 coniugem:
372 1717 460 1751 dura
481 1725 598 1751 tamen
615 1717 673 1752 vel
691 1717 743 1752 sic
759 1717 923 1764 expositu
941 1718 1057 1752 Servii
1075 1718 1170 1752 ratio
1182 1745 1191 1762 ‚
1224 1730 1308 1752 nam
1327 1718 1379 1753 sic
1406 1718 1572 1765 offensae
1601 1719 1688 1754 illae

141 1772 280 1808 essent,
303 1777 376 1799 non
394 1767 638 1812 sprevissent.
685 1765 883 1800 Markland.
914 1766 960 1799 ad
982 1769 1072 1800 Stat.
1095 1765 1179 1800 silv.
1208 1767 1267 1810 111,
1292 1766 1328 1808 3,
1353 1767 1400 1802 87
1426 1766 1590 1811 legebat:
1616 1780 1688 1814 quo

139 1815 304 1856 nomine,
338 1813 376 1847 h.
407 1820 649 1859 quapropter,
684 1814 932 1859 quamobrem3
966 1814 1063 1859 quod
1087 1815 1218 1848 factum
1247 1813 1398 1855 nollem3
1425 1821 1482 1849 est
1511 1815 1604 1849 enim
1629 1814 1689 1850 vel

139 1861 285 1908 plebeio
303 1867 415 1907 poeta
430 1860 578 1906 indigna
599 1861 728 1895 oratio.
777 1863 891 1907 Asper
911 1862 1168 1895 Grammaticus
1182 1888 1192 1905 ,
1249 1862 1321 1895 uod
1339 1862 1584 1908 Philargyrius
1605 1875 1690 1897 ser-

139 1908 259 1950 vavst,
285 1921 357 1955 qao
377 1921 529 1942 munere
551 1908 677 1942 eodem
700 1908 808 1942 modo
840 1908 1064 1954 explicabat,
1099 1874 1352 1955 quamotbrem3
1387 1916 1424 1944 et
1444 1910 1480 1944 b.
1508 1912 1687 1945 Gesnerus

139 1957 211 1991 hoc
237 1955 334 1989 idem
356 1955 555 2002 probabat3
595 1968 674 1990 esse
702 1956 795 1990 enim
819 1949 869 1991 οὗ
889 1953 1022 2002 χάριν,
1064 1969 1139 2003 qua
1166 1969 1323 1999 caussa,
1359 1964 1395 1991 et
1410 1956 1582 1993 laudabat
1607 1970 1687 2004 sup.

139 2017 173 2039 v·
195 2003 266 2040 150
278 2016 352 2051 pro
373 2015 448 2050 qua
466 2004 650 2045 mercede;
675 2003 807 2037 ferrem
821 2030 830 2046 ,
866 2003 897 2037 si
915 2011 989 2038 tam
1013 2003 1170 2038 ieiunam
1187 2004 1404 2039 sententiam
1424 2017 1445 2039 a
1465 2012 1575 2052 poeta
1595 2018 1688 2053 pro-

139 2051 249 2086 ficisci
266 2051 426 2097 potuisse
445 2051 592 2085 credere
608 2052 662 2085 fas
683 2058 790 2086 esset.
840 2053 1055 2085 Burmannus
1077 2051 1196 2086 locum
1213 2052 1384 2086 vitiosum
1403 2059 1441 2086 et
1459 2054 1518 2088 vix
1539 2054 1688 2089 sanabi—

139 2100 211 2134 lem
245 2099 323 2133 sine
353 2098 477 2134 codice
501 2099 653 2133 meliore
682 2099 881 2134 iudicabat:
924 2099 1020 2133 idem
1045 2106 1186 2143 tamen,
1228 2100 1344 2135 Servii
1373 2100 1527 2148 vestigia
1548 2102 1687 2148 legens,

139 2146 382 2182 coniectabat:
407 2149 542 2195 Spreto
564 2149 736 2182 Ciconum
754 2160 859 2194 quem
869 2146 1030 2194 foedere
1047 2156 1207 2190 matres,
1242 2154 1283 2181 ut
1295 2149 1456 2194 nuptiale
1476 2162 1539 2184 seu
1558 2150 1687 2185 coniu-

139 2195 234 2241 giale
259 2195 387 2229 foedus
404 2194 635 2240 intelligatur.
683 2195 795 2230 Varia
814 2196 984 2229 monebat
1002 2196 1053 2229 Io.
1074 2195 1278 2239 Schrader„
1303 2196 1363 2242 qui
1382 2203 1419 2230 et
1437 2199 1588 2232 Cicones
1604 2211 1687 2232 ma-

140 2252 220 2278 tres
241 2242 416 2286 malebat,
446 2250 487 2276 ut
512 2242 709 2286 Ausoniae,
740 2243 909 2286 Latinae,
942 2246 1030 2277 Aen.
1060 2244 1139 2285 VII,
1163 2242 1247 2279 400.
1295 2244 1451 2278 Possunt
1482 2245 1687 2280 huiusmodi

139 2290 354 2326 variationes
372 2291 493 2337 potius
515 2303 620 2337 quam
637 2291 886 2325 restitutiones
906 2291 980 2325 eius
1002 2290 1216 2335 sententiae,
1242 2303 1333 2338 quae
1353 2304 1374 2327 a
1394 2299 1505 2339 poeta
1522 2294 1687 2342 profecta

938 2398 1153 2451 regionum
1193 2413 1217 2437 a
1261 2400 1395 2452 poetis
1432 2400 1687 2453 sequioribus

940 2458 1172 2510 promiscue
1204 2463 1246 2496 et
1270 2458 1428 2498 incerto
1456 2473 1536 2499 usu
1565 2460 1686 2500 adhi—

940 2516 1042 2556 bita.
1100 2516 1173 2555 Illa
1191 2523 1331 2557 tamen
1346 2517 1582 2558 observatio
1602 2519 1687 2559 huc

138 2399 278 2454 paullo
314 2399 506 2439 licentius
549 2399 781 2439 efferbuisse
812 2399 880 2438 di-

140 2459 349 2498 cendum:
399 2458 614 2497 Thraciam
655 2471 882 2498 memorare

137 2518 274 2559 voluit
308 2531 356 2556 ac
385 2517 546 2556 debuit:
586 2532 699 2557 nunc
723 2531 797 2571 per
815 2523 881 2556 to·-

138 2583 227 2617 tam
243 2576 450 2629 Scythiam
479 2583 657 2629 vagatur
680 2575 883 2630 Orpheus,

138 2634 254 2675 Adeo
285 2637 453 2675 nomina
491 2642 656 2675 tantum
694 2635 884 2674 ornantia

139 2694 334 2748 captabat
359 2693 489 2733 Maro.
556 2694 639 2733 Nec
681 2694 779 2732 satis
822 2700 884 2732 est

139 2754 273 2794 dicere
290 2784 299 2802 ,
339 2751 538 2792 Thraciae
581 2752 881 2804 antiquioribus

139 2813 342 2852 aetatibus
372 2825 524 2851 nomen
546 2811 668 2850 latius
688 2811 879 2864 patuisse,

138 2886 192 2911 ex
223 2870 479 2925 ignoratione
502 2877 712 2910 terrarum
730 2870 879 2909 borea—

138 2931 259 2982 lium3
290 2943 394 2982 quae
412 2930 455 2969 in
475 2929 624 2983 vulgus
642 2935 742 2968 nota
759 2934 878 2979 sunt3

139 3002 191 3029 ex
209 3003 257 3028 ea
282 2989 391 3029 enim
415 2989 504 3042 ipsa
532 2988 787 3042 ignoratione
804 3000 879 3027 ve*

137 3054 276 3088 terum
313 3054 539 3103 propagata
579 3053 678 3088 sunt
714 3046 882 3087 nomina

942 2590 1029 2615 non
1065 2576 1278 2629 spectabat
1298 2607 1309 2626 ,
1349 2577 1687 2631 quandoquidem

940 2634 1203 2674 mirationem
1222 2635 1322 2675 facit
1336 2634 1430 2687 hoc,
1461 2636 1575 2688 quod
1591 2637 1686 2676 inde

941 2693 994 2732 ab
1030 2693 1170 2732 Hebro
1203 2693 1316 2732 idem
1353 2693 1480 2733 homo
1531 2708 1686 2736 errasse

938 2753 1074 2791 fertur
1117 2766 1196 2804 per
1242 2752 1527 2805 ‚Hyperboreos
1551 2784 1563 2805 ,
1608 2769 1688 2806 per

946 2812 1126 2849 Tanaim
1177 2818 1215 2848 et
1247 2810 1328 2863 p'er
1376 2821 1531 2851 monte-s·
1572 2812 1685 2852 Rhi-

929 2884 1085 2921 paeos;
1145 2881 1249 2921 quae
1298 2870 1442 2922 utique
1484 2871 1600 2911 Maro
1634 2878 1686 2911 ut

936 2934 1059 2981 poeta
1087 2927 1212 2979 dixit,
1247 2941 1412 2968 nonex
1441 2930 1685 2984 geographi-

940 2987 998 3025 cis
1031 2986 1285 3039 antiquitatis
1313 2988 1553 3040 rationibus.
1585 2989 1682 3033 520.

940 3059 1021 3100 quo
1041 3059 1217 3085 manere.
1263 3046 1366 3087 Cum
1385 3046 1462 3101 ipsi
1483 3047 1580 3088 libri
1602 3063 1683 3103 quo
