1768 3320
166 248 188 266 ι
344 220 964 304 ΒυοοιιεΑΕοι..
999 254 1090 317 1v,
1131 258 1346 310 15—20

1507 267 1604 316 135

85 378 153 426 At
168 373 267 427 tibi
287 374 484 442 prima,
519 392 684 457 puer,
719 376 870 427 nullo
887 380 1205 431 munuscula
1226 383 1370 435 cultu

82 445 320 502 Eri-antis
339 445 531 498 ederas
549 446 746 512 passim
767 463 892 498 cum
912 447 1133 501 baccare
1152 450 1325 517 tellus,

81 515 350 583 Mixtaque
365 515 565 570 ridenti
583 515 843 568 colocasia
861 515 1058 570 fundet
1078 520 1319 574 acantho,

545 614 624 662 19.
657 624 924 676 memma,

155 613 235 662 18.
271 623 469 675 cumo,

127 760 173 796 18
193 761 253 796 Ac
279 758 348 795 tibi
369 761 475 796 Rom.
499 762 623 808 primo
640 761 805 795 Parrhas-

68 804 521 854 fwditGufflampr„
554 815 592 843 et
617 820 702 843 mox
728 808 908 856 teser-,ant

75 935 132 976 ad
156 949 335 982 summos
361 935 404 976 in
428 943 574 989 pacata
607 951 655 976 ac
676 935 811 976 denuo

75 993 318 1037 confirmata
374 994 582 1060 republica
633 993 811 1034 honores

75 1052 174 1100 olim
190 1059 368 1103 evectus,
386 1052 542 1106 patriis,
559 1053 586 1092 i.
605 1065 639 1093 e.
655 1053 811 1104 iisdem,

74 1109 222 1163 quibus
254 1116 374 1164 pater
411 1110 624 1164 splendeat
668 1111 810 1162 Pollio,

73 1168 300 1215 virtutibus
316 1181 405 1207 eam
423 1168 723 1222 gubernaturus
744 1169 810 1208 di-

74 1225 207 1279 eitun
231 1234 343 1280 reget
361 1225 532 1276 orbem,
547 1227 574 1266 i.
594 1240 629 1266 e.
659 1227 811 1267 Consul

72 1285 204 1329 sactus
222 1283 522 1325 administrabit
547 1298 638 1325 rem
654 1286 810 1325 Roma-

71 1356 180 1382 nam.
235 1341 402 1383 Iahnius
420 1342 690 1382 Octavianum
707 1356 809 1395 pro-

70 1401 235 1440 nomine
252 1401 322 1439 ille
343 1400 515 1439 indicari
542 1407 686 1453 putat,
718 1401 807 1439 coll.

71 1458 156 1499 Eel.
180 1458 221 1509 I,
248 1461 289 1501 7.
316 1456 387 1500 42.
413 1456 484 1500 44.
541 1458 622 1497 Sed
644 1458 809 1498 illorum

70 1517 255 1558 locorum
270 1515 388 1569 longe
407 1516 485 1555 alia
500 1522 562 1555 est
578 1517 697 1556 ratio.
727 1516 808 1555 Hic

71 1573 237 1627 quidem
253 1587 329 1616 nec
346 1574 608 1627 grammatica
632 1574 805 1627 patitur,

69 1645 147 1672 nec
170 1646 258 1683 res,
289 1632 341 1671 de
368 1632 594 1672 Octaviano
616 1632 805 1684 cogitare.

67 1690 248 1731 Puerum
266 1696 519 1740 nascentem,
547 1690 680 1743 pergit
706 1689 805 1730 Iah-

70 1748 185 1798 nius,
212 1748 383 1802 intelligi
398 1762 483 1788 non
499 1762 616 1801 posse
631 1754 804 1814 propter

68 1820 129 1846 vs.
150 1809 231 1857 18.,
263 1806 335 1847 ubi
353 1806 556 1860 particula
572 1815 619 1846 at
637 1806 802 1859 opposi-

44 1907 46 1909 ,
67 1864 171 1904 tioni
189 1836 408 1916 inserviam
437 1865 631 1918 deceptus
650 1864 800 1903 videli-

67 1928 135 1962 cet
163 1935 232 1973 eo,
271 1923 384 1975 quod
407 1937 494 1962 non
517 1928 717 1972 senserat,
745 1922 801 1960 il·-

66 1980 148 2020 lam
184 1981 427 2034 particulam
464 1995 511 2019 eo
544 1981 635 2021 loco
661 1986 802 2019 trans-

67 2038 200 2080 euntis
218 2052 302 2078 esse
330 2039 386 2078 ad
409 2053 560 2080 novam
578 2052 686 2088 rem,
717 2052 802 2077 non

67 2096 243 2137 alterum
259 2097 375 2137 alteri
394 2096 645 2150 opponentis.
680 2098 750 2136 W
743 2111 777 2134 r
784 2094 800 2150 )

129 2157 196 2196 18.
235 2155 456 2194 Felicitatis
491 2168 640 2192 aureae
678 2152 801 2192 huius

65 2214 235 2262 aetatis,
276 2226 328 2252 ex
359 2212 543 2252 versibus
581 2213 688 2252 sorte
715 2211 803 2250 He-

66 2269 213 2311 siodeis
263 2270 291 2310 l.
322 2271 350 2311 1.
387 2273 470 2313 130
497 2283 583 2322 sqq.
631 2269 801 2308 suborto

66 2335 318 2379 commento,
356 2330 476 2368 initia
503 2341 596 2367 cum
626 2327 802 2380 pueritia

63 2386 283 2440 procedere
299 2386 409 2436 facit,
439 2388 680 2424 incrementa
696 2398 796 2424 vero

65 2459 160 2485 cum
175 2444 456 2494 adolescentia,
474 2458 569 2483 cum
584 2443 797 2483 virilitan-

64 2503 158 2543 dem
201 2510 244 2543 et
277 2504 457 2557 perfecta
494 2507 627 2541 aetate
668 2503 797 2539 vitam

57 2561 412 2613 pefictissbnam.
444 2561 557 2599 nullo
575 2560 702 2608 cultu,
732 2558 797 2599 uti

64 2619 200 2659 omnia
225 2620 270 2660 in
296 2619 455 2659 saeculo
490 2631 615 2659 aureo
652 2630 797 2656 nasce-

62 2677 247 2728 bantur,
295 2677 460 2718 Hesiod.
497 2677 524 2716 l.
565 2676 592 2715 l.
630 2688 671 2714 v.
712 2676 795 2717 118

63 2750 225 2787 καρπον
244 2731 280 2777 δ’
297 2735 416 2790 ἔφερε
435 2730 667 2788 ζείδωρος”
638 2748 797 2786 αρουρα

63 2789 287 2847 Atii-opitu
310 2789 467 2835 πολλόν
498 2807 541 2834 τε
562 2790 634 2832 καὶ
655 2790 797 2843 ἄφθο-

64 2864 161 2892 νον·
199 2849 269 2892 hic
293 2857 450 2901 tamen,
487 2855 634 2902 utpote
656 2849 701 2888 in
727 2848 796 2887 in—

62 2908 190 2947 santia
219 2908 305 2949 eius
339 2910 478 2962 pueri,
516 2907 664 2948 herbas
698 2912 796 2945 tan-

64 2972 153 3005 tum
181 2972 225 3006 et
248 2965 369 3006 floroe
398 2981 473 3007 sua
506 2971 651 3020 sponte
684 2970 796 3004 terra

63 3023 194 3064 editos
222 3031 441 3076 memorat;
479 3030 525 3065 at
549 3025 682 3075 fruges
703 3035 796 3062 cum

899 762 951 799 m
1001 763 1122 798 undat
1139 776 1196 809 ap.
1216 765 1376 799 Macrob.
1396 767 1470 798 sat.
1490 766 1551 807 VI,
1570 768 1603 802 6.

970 811 1086 845 undet
1101 811 1222 846 Schol.
1239 813 1366 847 Horat.
1383 813 1416 846 11
1441 813 1552 846 Carm-
1569 814 1605 849 6.

869 937 1138 978 adolescentia
1174 953 1214 979 v.
1250 943 1307 983 28
1322 971 1334 991 ,
1375 955 1468 980 cum
1496 942 1601 980 virili

868 997 1036 1036 tandem
1059 1003 1192 1036 aetate
1217 1012 1334 1037 omne
1353 1013 1476 1051 genus
1502 1013 1602 1052 pro-

867 1061 1018 1095 ventus
1050 1062 1186 1095 terrae
1223 1063 1368 1109 sponte
1412 1063 1602 1096 nascetur

866 1127 908 1152 v.
929 1115 996 1156 39.
1036 1113 1207 1153 Ovidius
1226 1114 1349 1165 adeo,
1374 1117 1459 1153 sine
1478 1117 1601 1152 semi-

866 1185 932 1219 ne,
964 1171 1080 1210 addit
1097 1171 1193 1210 Met.
1207 1171 1236 1221 I,
1260 1175 1354 1215 108.
1395 1175 1460 1216 19.
1482 1174 1599 1211 Bae-

866 1243 962 1267 car:
1000 1229 1102 1268 Plin.
1132 1230 1245 1279 XXI,
1272 1233 1313 1280 6,
1339 1245 1370 1269 s.
1399 1233 1451 1272 16
1481 1232 1600 1269 Bac-

866 1287 970 1326 char
981 1302 1137 1341 quoque
1153 1288 1304 1327 radicas
1320 1296 1479 1327 tantum
1500 1289 1598 1326 odo-

865 1353 979 1383 ratae
1001 1353 1059 1383 esl
1067 1361 1084 1393 ;
1118 1360 1146 1383 a
1165 1345 1407 1398 quibusdam
1424 1346 1599 1384 nardum

864 1404 1058 1440 mslicum
1074 1404 1397 1455 appellatum—
1415 1403 1526 1441 Odor
1542 1412 1599 1441 est

866 1461 905 1498 ei
927 1462 1182 1499 cinnamomo
1202 1463 1429 1512 proximus.
1492 1461 1597 1500 For—

863 1531 973 1556 mam
1001 1518 1254 1557 Dioscorides
1278 1519 1375 1557 satis
1409 1525 1597 1558 accurate

865 1575 1096 1640 descripsit,
1137 1576 1230 1626 sed,
1272 1577 1400 1628 qualis
1425 1577 1494 1615 illa
1530 1577 1594 1627 sit,

860 1633 971 1672 inter
999 1634 1244 1674 recentiores
1278 1634 1463 1673 nondum
1494 1648 1595 1674 con-

861 1697 967 1741 stat,
996 1698 1046 1731 ut
1064 1691 1184 1731 docet
1203 1691 1416 1732 Marfinus.
1455 1691 1595 1731 Fasci-

860 1763 961 1788 num
979 1749 1177 1803 depellere
1195 1750 1397 1790 creditum
1415 1763 1510 1800 esse,
1530 1750 1595 1788 di-

858 1807 1006 1847 scimus
1023 1807 1094 1847 ins.
1116 1808 1197 1848 Ecl.
1216 1808 1300 1857 VII,
1325 1804 1396 1850 27.
1436 1805 1595 1862 (Nobile

856 1872 1112 1918 unguentum
1137 1865 1234 1905 inde
1268 1866 1444 1915 factum,
1482 1866 1595 1918 quod

858 1930 900 1963 et
939 1924 1074 1976 ipsum
1122 1921 1318 1978 βάκχαρις
1369 1923 1592 1963 dicebatur.

857 1981 942 2021 vid.
960 1981 1109 2020 Athen.
1127 1981 1155 2021 1.
1174 1982 1265 2022 XV.
1289 1996 1329 2035 p.
1348 1984 1446 2024 690.
1478 1983 1550 2021 W
1541 1979 1590 2035 r.)

858 2042 927 2081 20.
983 2040 1237 2078 Colocasium
1293 2053 1326 2078 s.
1376 2040 1591 2088 colocasia,

857 2097 1001 2150 planta
1017 2097 1210 2150 palustris
1228 2096 1445 2150 Aegyptia,
1475 2097 1591 2135 latis-

857 2155 966 2193 simis
982 2155 1098 2204 foliis,
1130 2155 1243 2194 caule
1261 2155 1483 2208 spectabili,
1509 2168 1590 2206 quo

858 2213 1022 2264 quidem
1066 2226 1151 2252 non
1185 2213 1321 2253 minus
1362 2226 1410 2251 ac
1442 2212 1591 2252 radicis

857 2271 983 2310 bulbo
1021 2271 1131 2310 vesci
1167 2271 1300 2310 solent
1307 2285 1320 2321 ;
1372 2271 1485 2310 sabas
1520 2283 1591 2309 esu

856 2335 991 2380 gratas
1018 2343 1096 2381 pro
1117 2329 1259 2368 fructu
1278 2328 1415 2367 habet.
1475 2328 1590 2366 Circa

853 2386 955 2425 haec
985 2386 1150 2426 demum
1177 2393 1363 2439 tempora
1402 2386 1447 2425 in
1473 2385 1589 2424 Italia

853 2445 932 2484 seri
949 2445 1122 2498 coepisse
1134 2475 1145 2494 ‚
1186 2458 1239 2484 ex
1256 2445 1384 2484 Plinio
1404 2443 1588 2495 colligere

850 2503 967 2553 licet;
1012 2517 1095 2543 non
1130 2509 1268 2541 tamen
1300 2508 1396 2555 post
1435 2501 1587 2541 victam

853 2561 1018 2600 demum
1046 2561 1096 2599 ab
1129 2559 1312 2613 Augusto
1346 2559 1586 2612 Aegyptum,

852 2625 904 2658 ut
924 2620 1037 2658 Serv.
1057 2618 1111 2658 ad
1120 2618 1200 2658 h.l.
1231 2618 1449 2657 Notissima
1465 2617 1585 2655 etiam

854 2691 964 2717 nunc
990 2676 1093 2716 haec
1117 2677 1259 2730 planta
1291 2682 1351 2714 est
1377 2675 1486 2714 inter
1503 2673 1586 2712 Ae-

852 2735 1012 2788 gyptios
1051 2735 1215 2774 nomine
1252 2735 1410 2773 Galeas.
1478 2730 1585 2786 (Res

854 2793 1001 2832 dubiae
1026 2793 1133 2832 fidei.
1158 2792 1242 2832 vid.
1272 2792 1385 2831 Voss.
1411 2803 1453 2843 p.
1489 2791 1583 2830 197.

854 2857 961 2890 extr.
989 2853 1060 2892 W
1053 2850 1104 2906 r.)
1136 2851 1184 2889 cs.
1202 2850 1364 2888 Martin.
1384 2853 1425 2886 et
1443 2845 1582 2893 cerda,

854 2909 1087 2949 Schneider.
1110 2909 1164 2947 ad
1179 2907 1328 2947 Pallad.
1341 2905 1405 2953 ΠΙ,
1423 2903 1491 2952 24,
1517 2902 1581 2943 14.

852 2967 1066 3006 Acanthus
1092 2965 1134 3004 h.
1152 2967 1179 3005 l.
1209 2972 1270 3004 est
1298 2961 1493 3014 Aegyptia
1513 2973 1582 2999 ³1-

851 3025 950 3075 bor,
981 3023 1149 3064 Acaciae
1164 3036 1299 3076 genus.
1350 3020 1407 3058 Cs.
1426 3017 1478 3057 ad
1497 3017 1579 3056 Ecl.
