1768 3320
211 258 333 294 aw
711 244 1223 296 ARGUMENTA

211 371 337 416 Tum
355 381 473 430 cogit
498 387 630 416 naves
648 372 880 416 incendere
902 370 1100 415 Troadas
1125 370 1220 434 Iris·

211 429 356 473 Troes
374 430 435 473 ibi
453 430 668 488 linquunt
686 431 842 474 socios.
906 430 1055 472 Venus
1076 443 1207 493 anxia
1236 425 1405 493 placat·

214 487 499 546 Neptunum.
560 489 758 531 Somnus
778 487 1038 531 Palinurum
1057 492 1220 543 mergit
1235 500 1279 527 m
1300 484 1444 528 und1s.

853 614 1091 650 sEle

545 671 1278 718 ASCLEPIADIUS
1337 671 1409 717 VI

212 754 433 797 Sacratam
457 755 635 799 Phoebo
658 755 907 798 Cumarum
935 752 1083 796 fertur
1100 753 1143 795 in
1165 752 1329 796 urbem

211 811 310 854 Rex
335 813 576 871 PhrygiuS,
608 814 805 870 vatisque
829 811 940 868 petit
959 825 1172 868 responsa
1192 810 1408 870 Sibyllae.

211 869 434 913 Misenum
460 871 632 929 sepelit.
693 871 797 913 Post
822 869 927 911 haec
950 868 1039 911 adit
1059 867 1202 912 infera
1223 885 1385 927 regna3

213 927 574 986 Congressusque
594 928 735 987 patri,
768 926 892 969 discit
914 941 1053 983 genus
1076 941 1213 970 omne
1234 942 1442 982 suorum,

213 985 408 1045 Quoque
430 986 566 1031 modo
587 1001 711 1031 casus
731 984 870 1029 valeat
888 999 1102 1043 superare
1119 983 1322 1030 futuros.

802 1113 1131 1148 sEPT1M1

561 1171 1206 1217 EUSTHENIUS
1265 1172 1371 1217 VII

210 1252 410 1296 Tandem
433 1253 668 1297 deveniunt
689 1252 924 1296 Laurentia
945 1252 1089 1295 Troes
1111 1253 1155 1295 in
1177 1269 1302 1297 arva:

208 1309 267 1353 Et
285 1326 390 1368 pace
411 1319 583 1371 accepta
606 1311 706 1354 laeti
728 1326 841 1353 nova
861 1311 1039 1354 moenia
1059 1311 1274 1355 condunt.

208 1369 349 1410 Nocte
368 1376 505 1411 satam
526 1369 641 1411 Iuno
663 1368 838 1411 Furiam
860 1376 1024 1411 evocat.
1083 1368 1167 1412 Illa·
1187 1370 1369 1414 Latinos

207 1424 330 1468 Inter
348 1434 391 1467 et
409 1426 628 1469 Aeneadas
654 1426 819 1469 bellum
851 1427 980 1479 serit,
1012 1435 1054 1469 et
1076 1427 1158 1470 ciet
1183 1443 1321 1472 arma.

208 1483 416 1526 Protinus
442 1484 621 1527 auxiliis
640 1491 759 1527 terra
779 1483 964 1527 instruit
980 1483 1090 1529 Itala
1112 1485 1341 1530 Turnum.

806 1613 1094 1648 OCTAVI

552 1674 1188 1722 POMPEIANUS
1248 1679 1379 1724 VIII

210 1754 331 1797 Vidit
350 1762 401 1797 ut
427 1755 589 1799 Aeneas
612 1772 787 1800 summa
811 1757 851 1800 vi
871 1756 983 1801 bella
1002 1759 1174 1816 parari:

209 1811 396 1855 Arcadas
425 1813 773 1873 Evandrumque
793 1830 940 1858 senem
962 1817 1043 1860 sibi
1074 1816 1255 1862 foedere
1278 1818 1450 1877 iungit3

207 1869 519 1928 Dardanioque
542 1872 643 1914 duci
662 1873 854 1916 sociatur
877 1874 1057 1918 Etruria
1077 1882 1187 1918 tota.

209 1928 346 1970 Arma
363 1931 476 1986 petit
497 1930 721 1986 genetrix,
753 1931 827 1973 dat
851 1931 1095 1976 Mulciber:
1124 1933 1171 1976 in
1195 1933 1429 1993 clipeoque

210 1983 295 2028 Res
313 1986 457 2044 pingit
474 1987 644 2038 Latias,
676 1996 718 2032 et
738 1988 871 2032 fortia
891 1989 1009 2034 facta
1031 2000 1269 2051 nepotum.

867 2119 1057 2154 NoNl

581 2185 1221 2234 MAXIMIANUS
1280 2190 1355 2234 IX

210 2260 275 2303 Ad
299 2261 509 2306 Turnum
530 2275 723 2324 propere
741 2266 924 2311 Iunonis
947 2271 1147 2314 mittitur
1169 2270 1266 2326 Iris,

208 2317 477 2377 Instigatque
496 2324 679 2368 animos
738 2326 862 2369 Acies
879 2336 1032 2371 movet
1051 2329 1146 2382 ille3
1179 2329 1473 2389 Phrygasque

209 2375 404 2420 Obsidet.
464 2379 512 2421 In
537 2381 773 2441 Nymphas
803 2399 926 2427 versa
947 2394 1011 2429 est
1035 2388 1194 2431 Aeneia
1212 2386 1374 2432 classis.

207 2432 303 2476 Eur
339 2434 433 2478 alus
450 2438 668 2496 Nisusque
687 2441 818 2483 luunt
841 2456 944 2486 nece
967 2445 1134 2502 praelia
1160 2446 1318 2490 noctis.

209 2491 266 2533 Vi
293 2449 475 2537 'furnus
491 2497 667 2554 potitur
688 2501 862 2555 castris,
895 2502 935 2544 vi
959 2502 1150 2560 pellitur
1167 2503 1281 2548 inde.

825 2627 1098 2667 DECIMI

708 2696 1111 2745 VITALIS
1171 2702 1216 2747 X

205 2767 354 2810 Placat
381 2776 423 2812 et
444 2771 621 2823 uxoris,
652 2773 799 2829 dictis,
831 2786 872 2820 et
892 2779 1034 2837 iurgia
1054 2791 1182 2827 natae

205 2824 424 2926 ²lxufflpiter.
484 2829 676 2872 Auxiliis
698 2833 943 2878 instructus
966 2839 1132 2883 Troius
1151 2841 1286 2887 heros

280 2898 296 2926 x

295 2884 411 2949 (enit.
470 2886 723 2931 Occurrunt
749 2890 928 2957 Rutuli,
967 2904 1100 2954 atque
1120 2899 1165 2941 in
1189 2900 1342 2944 littore
1364 2899 1578 2961 pugnant.

205 2940 375 2984 Occidit
394 2958 417 2985 a
435 2942 596 2987 Turno
616 2945 774 2989 Pallas:
808 2958 1038 3011 victorque
1064 2959 1288 3015 superbus

204 2998 374 3043 Aeneae
395 2999 598 3060 eripitur.
659 3003 899 3051 Mezentius
918 3010 1068 3055 interit
1089 3029 1197 3057 acer.

1681 489 1736 532 25

1677 991 1733 1032 30

1677 1491 1733 1534 35

1672 1995 1729 2040 40

1671 2507 1727 2553 45

1670 3017 1726 3060 50
