1768 3320
186 201 290 251 288

512 199 567 248 Ρ.
615 198 754 250 VIR
769 199 975 250 GILII
1019 202 1384 254 MARONIS

186 331 269 377 An
292 325 426 377 deus
456 326 690 378 inmensi
707 328 889 379 venias
910 329 1096 393 mariS,
1136 347 1194 380 ac
1213 338 1303 380 tua
1326 338 1520 381 nautae

183 397 419 449 Numina
446 397 558 447 sola
585 398 788 463 colant,
827 399 922 448 tibi
955 400 1147 450 serviat
1166 400 1356 451 ultima
1382 399 1578 466 Thule,

1647 408 1715 455 50

187 470 378 535 Teque
403 468 502 518 sibi
531 484 797 534 generum
827 469 1027 535 Tethys
1049 480 1192 520 emat
1214 470 1468 521 omnibus
1492 470 1679 535 undis;

183 541 341 590 Anne
364 555 571 590 novum
594 539 758 590 tardis
778 539 924 591 sidus
945 550 999 591 te
1019 541 1299 592 mensibus
1322 540 1501 607 addaS,

228 657 276 693 29
301 665 339 691 et
354 665 421 691 tua
441 657 524 692 duo.
549 671 599 692 an
621 666 689 692 tua
710 659 818 692 Goth.
837 670 908 693 sec.

988 659 1036 695 30
1060 660 1198 694 serviet
1215 659 1326 693 Goth.
1346 672 1416 694 sec.
1469 661 1613 707 Thylae
1629 662 1714 696 Me-

182 704 251 738 dic.
306 704 424 750 Thyle
457 706 507 751 (ut
526 707 559 741 2.
577 707 610 741 3.
645 706 768 750 Wr.‚)
791 706 897 763 Tyle,
926 706 1032 739 Tlule
1053 706 1131 747 alii3
1159 713 1196 739 et
1216 718 1298 740 mox
1315 706 1445 741 vitiose
1467 708 1613 751 Thetis,
1635 709 1715 743 sol-

182 751 279 785 lenni
297 763 439 795 errore,
463 764 531 798 quo
557 749 669 793 Θέτις
689 760 725 786 et
752 750 887 799 Τηθυς
906 759 1161 798 peimutantur.

617 801 666 836 32
697 803 822 847 Atque
847 800 1010 834 nonnulli
1039 811 1095 846 ap.
1122 800 1286 835 Pierium.
1335 802 1443 835 sidus
1470 803 1592 838 tardis
1621 805 1711 840 Ven.

180 799 221 833 in
247 812 279 833 ο.
313 800 421 833 Goth.
452 812 523 834 sec.

181 845 362 881 meSSlbuS
383 847 438 881 ed.
462 849 553 882 Ven.

181 956 260 995 que
274 943 556 993 mutationem,
588 956 690 995 quae
709 958 802 983 cum
822 943 917 997 ipsis

180 1002 376 1054 temporis
411 1001 569 1042 vicibus
604 1003 807 1053 succedit,
846 1016 917 1042 re-

180 1060 361 1112 spicitur.
428 1062 497 1102 28.
538 1068 722 1100 materna
759 1069 886 1114 myrto
901 1090 912 1111 ,

179 1118 327 1157 Veneri
353 1132 486 1168 sacra,
527 1118 580 1157 ad
610 1132 732 1170 quam
762 1126 803 1159 et
827 1118 917 1158 An-

180 1175 319 1215 chisen
354 1177 478 1216 Iulios
505 1190 630 1228 genus
660 1192 779 1218 suum
799 1184 918 1218 retu-

176 1234 268 1274 lisse
299 1242 445 1274 notum
471 1241 543 1275 est.
602 1235 679 1288 At,
722 1251 918 1290 quorsum

177 1293 305 1346 myrti
331 1293 454 1333 huius
483 1296 731 1335 mentionem
755 1295 824 1335 hic
849 1296 917 1335 in-

176 1351 326 1391 iectam
343 1352 553 1393 dicemus?
583 1360 632 1393 ut
661 1355 811 1394 scilicet
827 1354 917 1394 Au—

176 1416 294 1462 gusto
313 1424 334 1448 e
360 1411 500 1450 divino
521 1413 712 1464 sanguine
732 1419 824 1453 orto
852 1413 917 1453 lo-

178 1482 247 1507 cus
265 1469 373 1508 inter
392 1470 488 1508 deos
504 1471 685 1510 tributus
703 1478 820 1511 tanto
836 1472 917 1511 mi-

175 1541 254 1566 nus
275 1527 552 1567 admirationis
570 1528 731 1570 habeat.

234 1588 362 1628 29-—
383 1589 451 1628 31.
490 1585 555 1627 An
590 1595 639 1627 tu
672 1589 780 1628 inter
818 1589 915 1628 deos

174 1644 353 1683 marinos
389 1645 617 1697 recipiaris,
667 1653 707 1686 et
749 1648 915 1699 quidem

174 1702 374 1755 princeps.
422 1706 563 1742 venias
584 1734 595 1754 ,
643 1706 811 1745 futurus
849 1707 913 1745 sis.

175 1760 331 1800 Iterum
379 1762 496 1800 tenui
538 1763 665 1803 verbo
701 1764 914 1804 substituit

176 1819 373 1858 ornatius.
419 1820 576 1859 ‚Thulen
596 1821 648 1860 ad
667 1828 828 1861 nostras
845 1823 912 1862 in·-

174 1877 281 1915 sulas
291 1876 572 1918 Shetlandicas
592 1893 614 1917 a
635 1881 912 1933 septentrione

172 1934 409 1974 Britanniae
450 1937 627 1976 obiectas
656 1940 911 1980 referendam

173 2006 257 2032 esse
274 2008 386 2033 nunc
406 1995 501 2034 satis
525 2003 697 2037 constat.
758 1999 912 2038 Semire

172 2064 219 2089 ea
240 2052 391 2092 dicitur
412 2053 487 2093 deo
507 2055 678 2106 marino,
710 2063 911 2109 quatenus

172 2110 258 2149 eius
300 2112 485 2164 potentia
532 2119 573 2152 et
612 2115 799 2154 maiestas
834 2129 909 2169 per

173 2169 308 2208 omnia
330 2170 459 2209 maria
486 2172 661 2212 obtinet:
693 2173 908 2213 declaran-

170 2232 242 2266 tur
258 2228 386 2267 maria
416 2242 491 2281 per
514 2230 687 2283 insulas,
718 2246 908 2285 nuncque

169 2298 244 2338 per
271 2286 436 2326 ultimas
466 2294 684 2330 terrarum.
745 2292 907 2330 Scilicet

169 2346 313 2383 servire
342 2345 537 2386 dicuntur
564 2355 707 2401 poetae
734 2349 781 2400 ii,
814 2350 907 2402 qui-

168 2401 246 2441 bus
278 2402 518 2456 imperatur.
577 2407 650 2446 Est
676 2407 776 2447 adeo
798 2409 907 2447 idem

170 2473 241 2509 ac,
273 2467 314 2499 et
333 2475 384 2500 an
405 2463 534 2502 omnis
555 2466 676 2505 maris
691 2466 906 2519 imperium

168 2517 386 2559 habiturus
424 2521 487 2560 sis.
535 2524 658 2562 sola.-
699 2525 907 2577 potentius

168 2589 257 2617 voc.
281 2592 424 2630 quam,
454 2582 719 2635 praecipuum
741 2597 906 2623 numen.

168 2637 237 2677 31.
276 2638 408 2689 Teque
429 2637 507 2675 sibi
533 2653 728 2691 generum
761 2641 907 2694 Tethys

168 2702 276 2732 emat
314 2707 391 2747 pro
427 2696 606 2748 vulgari:
653 2704 695 2737 et
733 2712 817 2738 una
855 2712 907 2737 ex

167 2751 472 2792 Oceanitidibus
503 2755 577 2793 tibi
614 2756 755 2795 nubat.
815 2757 906 2806 Eos,

167 2810 237 2862 qui
265 2810 374 2850 inter
407 2810 503 2850 deos
533 2813 726 2866 adscripti
760 2821 905 2865 essent,

167 2868 320 2908 deabus
345 2868 459 2922 iungi
487 2870 548 2909 fas
579 2877 692 2923 erat3
722 2871 778 2910 sic
795 2872 904 2912 Her-

167 2926 276 2966 cules
303 2926 454 2967 Hebae.
527 2929 669 2981 Itaque
708 2928 903 2982 Augusto,

166 2986 288 3025 maris
324 2984 402 3025 deo
419 3016 429 3036 ,
486 3001 570 3025 una
607 2987 902 3041 Nympharum,

1256 754 1300 790 31
1325 767 1504 801 generum
1525 764 1564 790 te
1588 735 1716 791 Thetis

974 943 1153 984 filiarum
1172 944 1322 984 Oceani
1345 951 1386 985 et
1403 943 1603 999 Tethyos,
1636 946 1713 986 da-

973 1002 1116 1042 bitur·
1106 1032 1118 1053 ‚
1166 1002 1239 1041 sed
1271 1004 1402 1056 pretio
1433 1005 1642 1058 proposito
1671 1012 1712 1045 et

976 1060 1071 1099 dote
1091 1067 1317 1102 numerata.
1375 1057 1443 1101 Sic
1459 1063 1603 1102 Perseo
1623 1062 1712 1103 An-

975 1119 1214 1158 dromedam
1239 1120 1504 1173 paciscuntur
1530 1123 1711 1162 Promib-

975 1186 1140 1230 tuntque
1158 1193 1279 1230 super
1296 1190 1468 1232 regnum
1483 1180 1617 1219 dotale
1621 1196 1710 1233 pa-

974 1244 1102 1274 rentes
1122 1252 1134 1275 .·
1192 1237 1314 1277 Ovid.
1361 1237 1458 1278 Met.
1491 1238 1566 1290 IV,
1611 1238 1708 1283 704.

974 1294 1204 1334 Promiscue
1224 1302 1372 1347 autem,
1405 1311 1467 1350 ap.
1485 1296 1710 1338 Homerum

975 1366 1147 1404 quoque,
1176 1368 1366 1405 munera,
1399 1355 1467 1397 ἕδν
1537 1354 1710 1396 heroum

975 1425 1088 1461 aevo,
1116 1418 1158 1450 et
1171 1419 1390 1465 parentum
1406 1371 1710 1467 unaarumque

974 1475 1071 1508 sunt
1090 1476 1130 1509 et
1149 1485 1402 1524 sponsorum.
1433 1472 1523 1511 Alia
1543 1479 1604 1512 est
1621 1473 1708 1512 Ro-

973 1542 1188 1568 manorum
1212 1530 1383 1569 coemtio
1410 1537 1452 1573 et
1479 1531 1521 1571 in
1541 1545 1709 1571 manum

974 1588 1211 1627 conventio:
1243 1588 1293 1627 de
1322 1603 1402 1640 qua
1428 1603 1467 1629 v.
1489 1590 1708 1643 Cannegie-

971 1650 1048 1685 ter.
1080 1646 1194 1686 Obss.
1229 1646 1258 1686 I.
1292 1647 1333 1687 C.
1361 1648 1434 1698 IV,
1469 1650 1490 1690 1
1509 1678 1521 1699 ‚
1551 1647 1590 1691 4.
1649 1649 1707 1688 Ea

970 1717 1069 1743 vero
1098 1704 1232 1743 locum
1263 1719 1347 1744 non
1372 1705 1497 1746 habet
1513 1706 1557 1745 in
1571 1713 1705 1759 poeta,

971 1762 1041 1814 qui
1069 1762 1119 1801 de
1147 1763 1224 1802 diis
1253 1764 1354 1816 agit,
1397 1764 1578 1817 adeoque
1612 1778 1706 1819 my-

969 1820 1070 1860 thici
1102 1822 1170 1860 vel
1196 1820 1351 1862 heroici
1382 1823 1576 1876 temporis
1599 1824 1706 1864 ritus

969 1891 1133 1919 servare
1148 1886 1324 1920 tenetur.
1385 1881 1604 1934 Splendide
1628 1882 1706 1922 ad-

966 1937 1137 1977 iectum:
1169 1938 1350 1977 omnibus
1371 1940 1519 1978 undis!

1027 1997 1232 2040 32—35.
1262 1997 1424 2037 Novum
1448 1997 1703 2051 phantasma,

968 2054 1082 2107 quod
1101 2055 1235 2094 nescio
1255 2070 1306 2094 an
1328 2056 1437 2110 apud
1456 2058 1704 2110 antiquiores

966 2120 1108 2166 poetas
1129 2120 1340 2154 occurrat:
1370 2121 1420 2154 ut
1437 2116 1602 2168 aliquis,
1633 2116 1703 2169 qui

965 2186 1041 2238 pro
1061 2173 1135 2212 deo
1147 2172 1214 2212 vel
1230 2172 1354 2212 heroe
1367 2172 1580 2214 habendus
1601 2187 1645 2214 e1
1646 2181 1702 2225 at,

964 2230 1010 2269 in
1029 2231 1140 2270 sidus
1158 2237 1354 2272 mutetur.
1392 2231 1585 2273 Videmus
1604 2247 1703 2286 pro—

965 2289 1129 2329 fecisse
1117 2304 1201 2329 iam
1219 2290 1430 2330 Maronem
1450 2305 1501 2331 ex
1519 2290 1702 2345 philoso-

964 2347 1056 2400 phis
1075 2348 1376 2400 Alexandrinis,
1408 2350 1478 2402 qui
1493 2349 1702 2390 animabus

964 2406 1127 2446 sedem·
1116 2422 1159 2446 m
1179 2407 1296 2446 astris
1316 2407 1583 2460 assignabant.
1613 2408 1702 2447 Du-

965 2471 1077 2504 ctum
1100 2479 1183 2504 esse
1205 2478 1257 2504 ex
1274 2465 1322 2504 iis
1335 2466 1571 2519 opinionum
1589 2480 1702 2505 com-

963 2524 1110 2562 mentis
1151 2523 1345 2576 suspicari
1382 2523 1479 2563 licet
1515 2524 1628 2564 aliud
1655 2537 1701 2574 ea

965 2588 1098 2621 aetate
1132 2583 1458 2633 frequentatum,
1488 2582 1580 2622 Iulii
1598 2584 1699 2622 Cae-

965 2640 1064 2679 saris
1095 2639 1269 2678 animam
1290 2653 1373 2678 esse
1392 2641 1548 2679 stellam
1574 2640 1701 2680 crini-

964 2704 1072 2748 tam,
1113 2711 1215 2749 quae
1242 2697 1350 2736 ludis
1386 2699 1624 2739 funebribus
1657 2699 1700 2738 in

964 2756 1048 2795 eius
1072 2754 1270 2794 honorem
1296 2756 1414 2795 editis
1433 2757 1565 2797 fulsit:
1597 2759 1700 2797 Sue-

963 2820 1050 2853 ton.
1072 2814 1146 2852 Iul.
1159 2827 1192 2852 c,
1212 2815 1280 2856 88.
1310 2815 1395 2853 Nisi
1412 2814 1515 2855 haec
1529 2816 1586 2855 ita
1607 2814 1695 2854 col-

961 2872 1078 2924 ligas,
1109 2871 1259 2910 mirum
1290 2878 1331 2911 et
1356 2873 1531 2913 insolens
1564 2873 1698 2914 videri

961 2935 1108 2983 potest,
1139 2930 1349 2969 Caesarem
1367 2931 1521 2985 rogari,
1553 2945 1606 2970 an
1624 2944 1699 2971 ve-

961 2988 1010 3028 lit
1027 2989 1138 3028 sidus
1169 2988 1284 3040 fieri,
1316 3003 1408 3040 seu,
1439 2990 1548 3029 inter
1566 2989 1699 3031 sidera
