1734 3320
353 561 411 610 P.
463 534 888 611 v1Rc1L11
939 557 1374 610 MARONIS

101 679 172 751 G
296 679 358 749 E
481 672 559 748 O
689 678 755 748 R
858 676 927 748 G
1041 678 1073 748 Ι
1187 675 1249 748 C
1367 674 1444 749 Ο
1562 678 1631 751 Ν

465 814 754 874 LIBER
802 815 1285 876 SECUNDUS

586 1046 1133 1088 ARGUMENTUM

103 1121 354 1211 propositio
374 1166 468 1193 cum
484 1152 743 1192 invocatione
771 1151 922 1193 Bacchi
942 1155 1083 1197 1—8.
1142 1153 1199 1192 De
1217 1151 1405 1192 arborum
1422 1152 1631 1206 inprimis-

104 1226 183 1268 que
199 1213 348 1253 vitium
363 1218 405 1250 et
423 1211 605 1251 olearum
623 1212 782 1250 cultura
803 1217 989 1262 acturus,
1018 1212 1151 1265 primo
1169 1212 1262 1251 loeo'
1278 1211 1415 1251 varios
1438 1212 1632 1250 arborum

102 1277 350 1327 proventus,
381 1270 481 1309 alios
505 1283 528 1308 a
547 1276 696 1308 natura
716 1269 814 1308 alios
835 1270 886 1308 ab
904 1276 992 1308 arte
1014 1271 1241 1323 profectos,
1280 1270 1461 1323 exponit.
1519 1269 1631 1308 Aliae

103 1331 242 1383 itaque
270 1328 435 1369 arbores
463 1334 606 1381 sponte
632 1333 858 1367 nascuntur
874 1350 931 1359 --
950 1330 1028 1378 213
1068 1329 1166 1368 aliae
1197 1334 1285 1367 arte
1322 1334 1542 1381 parantur:
1590 1333 1632 1366 et

104 1388 269 1442 quidem
286 1386 497 1427 avulsione
511 1389 655 1435 -23‚
684 1386 900 1425 insessione
926 1385 995 1428 24.
1012 1387 1082 1437 25,
1110 1386 1329 1440 propagine
1350 1389 1419 1429 26.
1440 1389 1512 1435 27,
1536 1399 1631 1425 sur-

105 1448 198 1487 culo
222 1449 291 1489 28.
314 1447 386 1495 29,
407 1445 634 1484 concisione
654 1447 722 1486 30.
743 1446 813 1493 31,
833 1444 1022 1483 insitione
1041 1447 1110 1487 32.
1129 1447 1198 1487 33.
1217 1443 1285 1487 34.
1316 1444 1434 1483 Nunc
1457 1444 1631 1484 edoctu-

103 1519 198 1555 rus,
223 1503 409 1544 studium
426 1516 510 1541 esse
530 1501 809 1541 adhibendum
836 1508 875 1540 et
898 1517 1014 1542 suam
1044 1503 1189 1555 cuique
1220 1502 1357 1542 arbori
1380 1516 1457 1556 pro
1476 1502 1631 1555 generis

106 1569 150 1603 et
166 1563 242 1603 soli
263 1567 414 1602 natura
443 1561 665 1601 cultumm:
701 1560 946 1600 Maecenatis
972 1562 1190 1614 propitiam
1207 1561 1463 1600 voluntatem
1484 1561 1632 1614 implo-

104 1628 247 1663 rat—
262 1619 332 1663 46.
362 1619 558 1669 Arbores,
589 1631 692 1671 quae
714 1625 858 1672 sponte
875 1620 1146 1672 proveniunt,
1177 1619 1293 1659 cultu
1311 1619 1515 1658 emendari
1532 1632 1631 1672 pos-

105 1685 204 1720 sunt
226 1700 286 1709 --·
303 1678 381 1728 563
424 1691 529 1730 quae
560 1683 653 1716 satu
686 1683 932 1727 nascuntur,
971 1678 1150 1717 feliciora
1190 1676 1345 1716 habent
1378 1677 1632 1716 incrementa

104 1737 493 1805 transplantatione,
533 1741 575 1775 et
603 1735 690 1774 aliis
723 1735 945 1775 artificialis
970 1736 1155 1776 culturae
1170 1736 1535 1789 generibus—723
1563 1735 1632 1774 in-

104 1796 249 1852 primis
274 1795 551 1835 inoculatione
581 1800 624 1833 et
660 1793 849 1833 insitione
879 1794 1045 1847 proprie
1077 1794 1187 1834 dicta
1204 1816 1263 1824 —
1284 1796 1353 1836 82.
1391 1793 1632 1846 Deligendae

106 1867 269 1908 quoque
297 1853 492 1893 arborum
531 1851 711 1892 eiusdem
744 1852 900 1905 generis
928 1853 1078 1906 species
1114 1852 1432 1906 praestantiores
1454 1873 1511 1881 -
1536 1854 1630 1894 108

107 1913 272 1953 caelum
290 1925 417 1965 porro
437 1910 632 1962 cuiusque
647 1910 803 1949 arboris
820 1917 990 1950 naturae
1006 1911 1200 1950 idoneum
1219 1917 1282 1950 est
1306 1909 1632 1962 circumspicien-

107 1972 228 2022 dum3
260 1983 358 2009 nam
388 1983 534 2021 magna
560 1968 605 2007 in
631 1967 712 2007 hoc
740 1974 800 2007 est
819 1970 996 2009 varietas
1012 1993 1071 1999 —
1093 1969 1200 2019 135;
1238 1975 1280 2007 et
1311 1969 1368 2007 sic
1382 1968 1537 2007 aditum
1556 1967 1632 2007 sibi

106 2035 227 2084 parat
257 2028 311 2067 ad
340 2024 480 2067 laudes
507 2027 669 2076 Italiae,
700 2027 881 2066 omnium
908 2041 1048 2066 rerum
1079 2033 1288 2080 proventu
1304 2026 1555 2065 felicissimae
1574 2048 1632 2055 —

110 2091 215 2138 1765
243 2086 410 2126 tandem
431 2085 506 2124 soli
525 2092 675 2124 natura
693 2091 754 2123 est
775 2086 1049 2137 exploranda,
1081 2086 1147 2124 cui
1164 2091 1389 2138 proventus
1407 2085 1543 2137 generi
1562 2084 1632 2122 illa

109 2145 325 2186 conveniat
345 2166 404 2174 —
421 2143 530 2193 2253
569 2143 841 2182 subiiciuntur
868 2144 1030 2182 criteria
1052 2143 1128 2182 soli
1157 2143 1423 2195 cognoscendi
1451 2149 1494 2182 et
1521 2141 1633 2181 iudi-

109 2203 231 2244 candi
247 2224 308 2242 w-
326 2202 434 2253 258;
481 2207 523 2239 et
555 2201 645 2240 viae
674 2215 721 2239 ac
732 2202 913 2240 rationes
942 2201 1019 2240 soli
1043 2201 1251 2240 tractandi
1282 2207 1324 2240 et
1349 2207 1522 2240 naturae
1547 2200 1632 2239 eius

109 2251 407 2309 emendandae,
446 2258 627 2311 adeoque
655 2259 744 2311 ipsa
776 2260 940 2298 cultura
968 2273 1061 2298 cum
1092 2260 1257 2298 omnino
1286 2260 1500 2309 arborum,
1540 2264 1633 2297 tum

107 2319 295 2374 inprimis
312 2318 474 2358 vitium.
535 2318 693 2356 Scilicet
712 2318 844 2370 primo
864 2317 1065 2356 docentur
1086 2331 1190 2369 quae
1216 2317 1260 2356 in
1284 2318 1538 2371 plantatione
1556 2316 1632 2355 ob-

109 2377 312 2419 servanda
331 2377 414 2415 sint
437 2398 487 2405 -
512 2374 615 2426 3143
643 2375 765 2414 etiam
782 2375 832 2414 de
854 2382 1037 2442 tempore
1056 2376 1323 2428 plantationis
1349 2375 1556 2415 faciendae
1575 2395 1633 2405 —

110 2437 218 2488 3455
248 2436 299 2475 de
317 2449 415 2474 cura
433 2440 527 2487 post
543 2433 654 2472 illam
673 2433 915 2484 adhibenda,
932 2435 1056 2486 inque
1076 2434 1155 2473 hac
1166 2434 1216 2473 de
1227 2435 1442 2487 putatione
1461 2432 1634 2487 (362—

110 2494 213 2549 370)
234 2500 276 2533 et
297 2493 348 2532 de
367 2492 600 2536 avertendis
627 2492 696 2541 iis,
735 2506 838 2543 quae
867 2506 1014 2531 nocere
1038 2499 1210 2545 possunt
1226 2493 1397 2532 novellis
1421 2491 1633 2530 alboribus

112 2551 284 2607 (871—
301 2551 432 2606 379);
468 2563 641 2602 cumque
666 2550 709 2589 in
737 2550 801 2589 his
831 2564 952 2603 caper
980 2550 1053 2599 sit,
1085 2551 1270 2590 excurrit
1293 2552 1337 2590 in
1363 2563 1518 2589 morem
1543 2562 1634 2587 ma-

112 2610 253 2650 ctandi
279 2609 384 2648 hirci
413 2610 458 2648 in
484 2608 634 2647 Bacchi
667 2622 782 2647 sacro
801 2632 860 2638 —
881 2612 980 2651 396.
1037 2608 1085 2647 111
1113 2608 1267 2648 vitibus
1298 2615 1434 2647 tamen
1449 2606 1633 2660 inprimis

113 2667 283 2708 adsidua
304 2674 365 2706 est
380 2681 479 2706 cura
498 2681 572 2720 per
593 2673 730 2706 totum
753 2681 905 2705 annum
923 2666 1155 2705 adhibenda
1176 2691 1231 2697 -
1252 2667 1351 2710 419.
1381 2667 1513 2705 Minus
1536 2677 1634 2716 ope-

112 2740 206 2784 rosa
226 2733 287 2765 est
303 2726 483 2764 olearum
506 2726 668 2765 cultura
684 2748 743 2754 —-
761 2725 866 2775 425,
897 2732 939 2764 et
954 2739 1171 2777 pomorum
1187 2748 1246 2755 —
1266 2726 1372 2774 428,
1403 2725 1545 2775 exigua
1565 2726 1634 2758 aut

114 2779 278 2824 omnino
303 2784 416 2823 nulla
433 2784 659 2823 sativarum
688 2783 880 2823 arborum
892 2806 949 2814 —
966 2782 1065 2826 457.
1103 2783 1203 2822 Inde
1223 2796 1417 2822 excursus
1432 2783 1474 2820 in
1469 2755 1633 2819 Dlaudes

114 2843 226 2883 vitae
250 2842 446 2893 rusticae,
475 2856 571 2896 pars
588 2841 776 2881 carminis
792 2841 1016 2880 felicissima
1032 2864 1092 2872 —
1109 2842 1162 2881 ad
1188 2842 1257 2881 fin
