1768 3320
526 226 653 276 *AD
688 224 1110 277 BUCOLICA
1493 233 1596 285 259

66 356 182 396 cuius
197 355 251 397 ad
270 368 347 395 nos
358 354 555 394 memoria
571 355 686 394 nulla
706 355 916 409 pervenit,
957 369 1079 408 quem
1102 355 1242 394 Gallus
1258 356 1393 396 latinis
1413 360 1596 401 versibus

0 420 2 422 ’
64 413 267 465 reddidit3
295 412 551 453 verisimilius
578 420 712 452 tamen
733 420 818 464 est,
855 414 979 453 fuisse
995 414 1251 466 particulam
1280 415 1480 455 Clzz’liadzls·
1503 420 1597 474 περὶ

65 474 258 527 χρησμῶν
289 484 312 509 a
341 471 457 510 Gallo
484 471 608 511 latine
628 486 879 512 conversam.
938 472 1050 511 Inter
1071 472 1151 511 alia
1169 472 1276 511 enim
1294 474 1455 513 oracula
1475 476 1597 516 etiam

65 529 222 583 Grynei
248 528 389 568 debuit
411 530 648 570 memoratio
679 530 780 570 fieri.
849 530 1055 584 Suspicari
1088 543 1251 584 quoque
1289 531 1431 583 aliquis
1456 535 1595 586 possit,

63 588 197 642 Mopsi
214 595 363 627 nomen
391 587 517 627 latere
545 588 589 627 in
607 602 708 629 voce
735 594 929 642 corrupta
951 590 1187 640 Μοψοπία,
1221 595 1264 627 et
1286 589 1409 628 fuisse
1436 588 1596 644 Μόψου

65 646 165 699 ἔπη,
194 651 264 685 aut
280 646 576 699 Μοψοέπειαν.
636 647 747 686 Inter
762 646 863 686 haec
880 653 1007 686 restat
1026 647 1264 698 difficultas,
1296 648 1408 700 quod
1427 663 1511 688 non
1529 650 1596 689 in-

63 704 189 758 telligi
206 709 360 757 potest,
398 704 594 757 quidnam
613 705 657 744 in
681 706 800 744 simili
823 719 945 758 opera
972 706 1077 745 Galli
1098 706 1148 744 ab
1167 705 1346 745 Hesiodo
1364 713 1597 747 mutuatum

64 775 149 802 esse
170 762 373 816 potuerit:
409 777 507 802 nam
532 764 742 802 Hesiodea
755 763 909 813 fistula
938 763 1041 803 haec
1071 777 1216 803 canere
1242 763 1402 805 dicitur.
1469 766 1595 805 Nimis

62 827 231 861 acutum
251 826 355 859 esset
380 820 414 859 si
442 821 617 872 diceres,
655 821 769 861 aliud
792 821 961 862 Hesiodi
983 836 1084 875 opus
1105 822 1271 875 respici,
1297 837 1379 862 non
1408 822 1504 877 ἔργα
1524 824 1595 866 καὶ

62 877 239 934 ἡμέρας,
278 879 385 917 forte
405 876 456 920 τὰ
484 879 561 933 ἔπη
586 877 781 934 μαντικὰ,
824 886 866 919 et
882 879 1191 935 Μελαμποδίαν
1212 881 1309 920 olim
1327 881 1361 920 ei
1383 882 1595 933 tributam,

63 951 185 991 quam
216 935 456 989 Euphorion
482 944 552 977 aut
577 944 773 990 sequutus
800 943 887 977 erat
905 944 976 978 aut
1002 944 1265 992 expresserat.
1324 939 1479 980 Verum
1497 941 1595 980 sim-

62 996 207 1050 plicius
233 1008 299 1034 res
324 995 382 1034 ita
413 996 696 1036 constituitur:
733 996 848 1036 Idem
873 995 1113 1050 Euphorion
1142 1003 1182 1036 et
1199 992 1394 1040 ‘Holodov
1416 1004 1457 1037 et
1477 1002 1594 1054 Χρη-

65 1050 195 1107 σμοῦς
213 1052 428 1106 scripserat
435 1068 447 1105 ς
487 1055 601 1107 prius
621 1054 725 1094 illud
750 1053 928 1094 habebat
945 1055 1099 1107 aliquid
1118 1055 1381 1095 coniunctum
1401 1071 1495 1096 cum
1510 1057 1595 1096 vita

62 1117 272 1166 pastorum
298 1115 339 1149 et
359 1112 557 1152 cantibus.
617 1113 720 1152 Cum
733 1113 871 1152 Gallus
896 1119 1119 1166 occupatus
1143 1120 1244 1153 esset
1271 1114 1313 1153 in
1333 1115 1460 1154 altero
1485 1118 1594 1169 Χρη-

65 1173 182 1224 anniv
202 1182 336 1223 opere,
366 1170 583 1210 memorari
599 1176 761 1224 poterat
779 1171 903 1210 Linus
922 1172 1088 1211 tradere
1105 1173 1278 1212 calamos
1287 1173 1455 1212 Hesiodi
1466 1174 1593 1225 Gallo,

64 1228 211 1281 quibus
229 1233 420 1267 uteretur
434 1229 480 1268 in
498 1229 626 1268 altero
645 1243 767 1282 opere
786 1229 965 1268 eiusdem
984 1236 1123 1283 poetae
1141 1231 1419 1284 exprimendo.

177 1285 431 1325 Fontaninus
450 1287 477 1326 l.
496 1301 529 1327 c.
547 1287 651 1327 miro
669 1288 852 1327 acumine
872 1288 989 1340 plura
1018 1288 1123 1327 Galli
1141 1289 1320 1328 carmina
1339 1303 1392 1328 ex
1408 1289 1594 1329 versibus

63 1344 290 1398 virgilianis
307 1344 545 1398 exsculpsit:
576 1359 627 1384 ex
646 1360 687 1385 v.
709 1345 872 1398 quidem
894 1349 949 1388 70
968 1346 1152 1399 colligere
1169 1347 1281 1398 vult,
1311 1361 1406 1387 eum
1421 1348 1594 1388 latinum

62 1403 201 1442 fecisse
221 1401 446 1442 Hesiodum
477 1403 750 1456 Euphorionis
764 1434 775 1454 ,
815 1417 868 1443 ex
897 1418 937 1443 v.
965 1407 1020 1447 73
1042 1418 1136 1443 eum
1165 1406 1335 1444 vertisse
1354 1406 1476 1445 latine
1495 1405 1612 1465 Chi-¹

61 1461 233 1510 lisdem,
262 1466 352 1499 tum
383 1472 435 1499 ex
460 1475 500 1500 v.
530 1460 584 1504 74
611 1462 813 1515 scripsisse
850 1475 944 1500 eum
976 1462 1156 1502 fabulam
1183 1464 1339 1517 Scyllae
1365 1464 1592 1517 utriusque,

64 1533 239 1571 quarum
267 1519 435 1557 alteram
462 1533 671 1572 superesse
702 1520 747 1559 in
775 1520 856 1559 Giri
882 1520 1048 1573 Virgilio
1079 1521 1204 1561 tribui
1234 1522 1351 1561 solita
1370 1522 1592 1574 contendit,

64 1584 104 1616 et
118 1591 159 1617 v.
179 1579 236 1620 77
256 1576 434 1616 fabulam
461 1578 577 1616 Terei
605 1584 645 1617 et
669 1577 925 1618 Philomelae.
983 1578 1095 1619 Haec
1125 1585 1262 1619 tamen
1283 1581 1334 1620 ad
1356 1581 1480 1620 Sileni
1500 1595 1593 1620 car-

63 1649 160 1675 men
188 1641 390 1688 spectare,
431 1635 598 1674 meliore
631 1636 969 1689 interpretatione
1001 1637 1116 1676 facile
1150 1637 1310 1678 edoceri
1339 1644 1503 1692 poterat
1527 1638 1593 1678 vir

64 1693 330 1734 doctissimus.
389 1692 502 1732 Cirin
529 1694 644 1733 Gallo
673 1694 930 1735 vindicarant
956 1701 998 1734 et
1028 1695 1116 1746 alii,
1145 1696 1255 1736 inter
1274 1710 1375 1749 quos
1395 1696 1592 1736 Gifanius.

62 1752 147 1792 vid.
167 1752 352 1791 Prooem.
371 1751 424 1790 ad
440 1752 562 1791 Cirin.

179 1811 367 1849 Ceterum
397 1809 688 1863 Euphorionis,
727 1816 775 1849 ut
798 1816 1028 1850 ceterorum
1059 1809 1434 1851 Alexandrinorum
1450 1818 1593 1866 poeta-

63 1882 176 1919 rum,
216 1882 361 1922 magna
386 1869 466 1907 suit
487 1869 640 1907 Romae
666 1868 743 1908 hac
773 1875 901 1908 aetate
925 1868 1190 1908 existimatio:
1220 1875 1262 1908 et
1278 1870 1372 1909 inde
1390 1871 1593 1924 interpre-

62 1926 212 1966 tandos
232 1940 315 1965 esse
334 1940 474 1966 censeo
496 1936 677 1966 cantores
694 1928 970 1979 Euphorionis
987 1941 1048 1980 ap.
1070 1928 1148 1967 Cic.
1169 1927 1287 1967 Tusc.
1309 1929 1377 1979 ΠΙ,
1400 1932 1453 1972 19
1467 1959 1478 1979 ‚
1507 1943 1593 1968 non

63 1991 272 2036 tamquam
290 1984 421 2024 mollis
437 1985 605 2024 alicuius
620 1991 763 2038 poetae
780 1992 993 2024 amatores:
1019 1999 1121 2037 quae
1143 1986 1426 2038 interpretatio
1443 1988 1594 2026 funda-

64 2050 202 2082 mento
221 2042 369 2082 idoneo
390 2049 510 2094 caret,
537 2057 631 2082 cum
647 2044 731 2082 eius
750 2045 928 2083 carmina
950 2044 1145 2082 amatoria
1162 2044 1275 2082 nulla
1290 2059 1461 2098 usquam
1480 2059 1594 2084 com-

63 2107 352 2140 memorentur.
411 2100 467 2140 At
496 2102 741 2141 obscuritate
763 2116 875 2152 eum,
907 2108 948 2140 et
969 2101 1134 2153 quidem
1155 2115 1207 2140 ex
1235 2102 1444 2142 doetrinae
1468 2104 1592 2157 copia,

64 2174 149 2199 non
166 2160 300 2198 minus
318 2173 438 2211 quam
451 2159 742 2199 Callimachum
756 2160 799 2202 ἐν
812 2160 971 2208 Αἰτίοις
987 2165 1027 2197 et
1037 2158 1359 2212 Lycophronem,
1377 2162 1592 2212 laborasse,

65 2218 133 2257 vel
154 2231 206 2256 ex
230 2217 311 2256 Cic.
341 2217 392 2256 de
421 2218 510 2257 Div.
530 2218 579 2268 H,
603 2217 671 2268 64,
701 2224 740 2256 et
771 2219 892 2257 elem.
913 2219 1063 2257 Strom.
1081 2218 1128 2268 V,
1146 2232 1236 2271 pag.
1258 2221 1342 2261 676
1357 2226 1502 2258 notum
1519 2226 1592 2268 est,

67 2276 142 2314 etsi
160 2276 211 2314 ob
228 2274 337 2314 hanc
366 2276 536 2315 eandem
569 2275 858 2316 obscuritatem
884 2276 1132 2329 probaverat
1164 2289 1206 2315 se
1231 2276 1393 2317 Tiberio
1421 2278 1591 2328 Caesari,

65 2333 150 2373 vid.
178 2336 287 2373 Suet.
304 2347 389 2388 cap.
410 2337 479 2377 70.

452 2503 1060 2556 EXCURSUS
1131 2506 1206 2556 IV

632 2605 1027 2660 DeScylla.

184 2725 266 2765 Ecl.
285 2727 353 2777 VI,
373 2725 429 2769 74
461 2727 642 2778 Scyllam
661 2728 765 2765 Nisi
778 2757 789 2777 ,
824 2742 950 2780 quam
953 2727 1086 2780 sama
1105 2734 1275 2780 sequuta
1296 2734 1367 2776 est,
1405 2725 1592 2765 Candida

69 2785 314 2822 suc-cinctam
345 2784 584 2823 latrantibus
608 2787 782 2836 inguina
810 2788 994 2824 monstris
1020 2785 1245 2824 Dulichias
1272 2799 1439 2823 vexasse
1474 2792 1591 2831 rates,

70 2848 108 2878 et
132 2843 297 2892 gurgite
324 2845 368 2880 in
395 2843 480 2880 alto
506 2842 576 2880 Ab
590 2843 606 2879 Ι
646 2843 807 2881 timidos
824 2852 976 2882 nantas
1004 2843 1173 2882 canibus
1187 2843 1385 2881 lacerasse
1404 2842 1586 2878 marinis.

70 2897 168 2937 Aen.
188 2898 253 2948 III,
268 2898 352 2942 426
380 2901 440 2939 At
456 2901 637 2952 Scyllam
657 2903 789 2939 caecis
806 2901 961 2940 cohibet
979 2902 1174 2953 spelunca
1191 2899 1353 2939 latebris
1367 2929 1378 2948 ,
1419 2898 1502 2936 Ora
1518 2911 1592 2934 ex-

70 2963 282 2994 sertantem
311 2965 348 2995 et
368 2959 488 2996 navis
519 2960 563 2995 in
590 2972 696 2997 saxa
717 2959 949 2997 trahentem.
1008 2961 1152 2997 Prima
1179 2955 1497 3008 lzominissacies
1511 2983 1522 3003 ,
1555 2962 1592 2991 et

1205 3026 1311 3071 17*
