1768 3320
361 234 852 291 enorcclcou
886 239 1030 290 Lm.
1066 239 1115 303 1,
1150 244 1339 293 7——11

1494 249 1600 296 283

73 364 373 418 Chaoniam
389 366 576 434 pingui
592 359 848 432 glandem
866 366 1094 417 mutavit
1111 366 1282 431 arista,

2 494 6 499 Γ
70 436 383 504 Poculaque
405 437 634 488 inventis
657 436 915 488 Acheloia
932 437 1148 487 miscuit
1167 437 1309 498 uvis3

69 507 140 557 Et
158 521 282 572 νοε,
318 516 590 573 agrestum
608 508 908 575 praesentia
930 508 1182 572 numina,
1217 507 1405 572 Fauni,

1537 514 1603 559 10

69 578 231 628 Ferte
253 576 413 628 simul
439 578 719 647 Faunique
749 577 955 647 pedem
982 577 1333 648 Dryadesque
1366 576 1605 646 puellae:

117 703 143 740 8
166 704 331 740 chaonia
347 705 441 740 Gud.

537 707 583 743 10
604 709 844 762 praestantia
858 707 983 743 vitium
1000 707 1087 742 edit.
1105 709 1240 743 Genev.
1262 707 1368 745 1636.

1465 707 1508 744 11
1533 707 1603 740 Pro

71 753 266 799 Faunique
281 752 522 788 memorabilis
537 753 648 788 lectio
670 757 871 802 Satyrique
886 755 924 790 iu
943 755 1112 790 Gethano
1134 767 1190 801 pr.
1238 756 1330 790 Nam
1344 754 1480 801 frigere
1497 754 1604 789 vide—

71 805 130 833 tur
148 800 277 834 Fami
293 799 411 834 altero
435 800 519 835 loco
544 801 731 843 iteratum3
765 809 802 836 et
820 803 1012 849 iunguntur
1034 802 1153 849 Satyri
1171 802 1404 849 Dryadesque
1423 814 1457 836 v.
1478 814 1509 836 c.
1529 801 1604 835 cul.

73 845 144 883 115
163 852 201 880 et
217 857 339 893 saepe.
389 846 428 882 Si
445 848 560 882 codex
575 848 698 894 paullo
715 850 898 896 antiquior
915 855 1035 892 esset,
1059 850 1216 886 diceran
1236 862 1357 884 veram
1377 849 1452 884 eius
1469 848 1605 883 lectio-

70 904 153 928 ιιω
169 893 252 928 voci
274 906 318 928 a
340 896 574 930 antecedente
593 907 697 931 versu
711 904 904 932 revocatae
922 897 1084 933 cessisse.
1130 898 1234 932 Nunc
1253 896 1509 943 interpolatori
1535 896 1606 930 de-

71 939 153 974 beri
171 939 323 976 dicenda
339 949 394 977 eet
411 942 540 985 lecti03
563 944 759 989 vulgatum,
780 946 977 994 Faunique
994 945 1252 992 Dryadesque,
1270 944 1406 980 dictum
1423 956 1503 979 esse
1519 951 1605 990 puta

71 998 160 1033 pmz
181 989 230 1023 lt
247 1000 327 1024 cum
341 989 471 1025 Faunis
487 1002 575 1035 vos,
597 991 774 1038 Dryades.

74 1093 279 1136 destinato
318 1096 533 1136 recondita
551 1097 807 1153 philosophi-

74 1166 216 1194 carum
235 1155 519 1208 quaestionum
538 1170 687 1197 areana
704 1170 808 1212 poe-

72 1217 159 1252 tam
181 1211 447 1266 depromsisse
472 1215 665 1255 credibile
687 1215 809 1257 vide-

72 1276 157 1310 tur.
195 1269 331 1323 Atque
348 1277 401 1312 ut
415 1271 518 1312 haec
535 1283 691 1325 „vestm
706 1276 809 1313 si—

73 1329 199 1368 ιινιζειιι
226 1329 417 1370 ita-dicta
433 1337 551 1383 sunt,
579 1338 653 1385 ut,
683 1345 810 1385 quare

72 1387 318 1428 invocentur
364 1389 549 1430 Bacchus
591 1397 634 1431 et
670 1391 812 1443 Ceres,

75 1452 292 1499 appareat,
335 1447 394 1487 sic
420 1447 490 1487 illa
516 1448 812 1499 „labentem—

75 1518 231 1543 annum
244 1507 270 1528 “
291 1518 378 1544 non
402 1518 449 1545 eo
478 1507 644 1547 consilio
674 1508 812 1547 adiicit

74 1568 218 1616 poeta,
240 1568 313 1614 ut,
351 1577 457 1616 quae
476 1565 560 1604 sint
578 1579 626 1605 ea
642 1565 812 1616 lumina,

76 1620 226 1661 clarius
250 1627 412 1675 pateat,
449 1623 523 1664 sed
547 1630 618 1675 ut,
657 1625 729 1677 qui
745 1625 812 1664 Si-

77 1678 222 1720 derum
238 1679 295 1719 sit
307 1680 353 1720 in
366 1679 447 1720 hac
463 1682 722 1723 invocatione
743 1683 808 1722 10-

76 1749 149 1776 cus
166 1766 181 1790 ,
216 1736 479 1791 intelligatur.
537 1740 663 1791 Quod
684 1755 812 1794 quum

75 1809 161 1835 non
185 1795 284 1836 satis
315 1800 588 1851 perspexisset
614 1799 812 1853 Heynius,

76 1854 193 1894 facile
217 1860 383 1908 poterat
410 1856 553 1911 decipi.
610 1858 697 1898 Iam
712 1871 812 1898 vero

74 1912 242 1952 reddita
264 1927 339 1953 sua
364 1916 446 1955 toti
477 1914 576 1955 huic
600 1916 693 1956 loco
712 1930 813 1956 con-

77 1970 291 2022 cinnitate,
327 1971 431 2012 nihil
461 1981 544 2024 est,
583 1974 697 2027 quod
723 1988 813 2013 am·-

75 2029 183 2083 plius
200 2029 461 2071 desideretur.
492 2034 565 2074 W
556 2031 676 2087 r.)—
694 2034 814 2072 Cete-

75 2102 172 2128 rum
188 2103 266 2142 pro
292 2088 463 2130 diversis
487 2091 672 2131 culturae
690 2104 813 2145 gene-

76 2147 191 2187 ribus
232 2147 394 2187 diversa
421 2149 590 2188 numina
618 2149 812 2190 invocare

77 2204 287 2259 putandus
303 2212 377 2246 est.
434 2205 502 2246 Ad
526 2207 596 2247 lib.
616 2207 636 2247 1
653 2214 813 2261 spectat

79 2264 221 2315 Ceres3
242 2264 294 2303 nd
313 2264 384 2304 lib.
402 2264 440 2307 Π
455 2264 651 2316 Bacchus,
680 2266 812 2306 Fauni

78 2328 122 2362 et
148 2321 362 2376 Nymphae
386 2336 482 2362 cum
507 2324 694 2375 Silvano,
730 2324 812 2363 Mi-

77 2393 206 2420 nerva
232 2387 370 2420 autem
399 2388 572 2435 propter
593 2382 704 2421 oleae
722 2383 813 2422 cul-

78 2445 248 2491 turam,
288 2439 344 2478 ad
376 2439 445 2479 lib.
483 2440 538 2479 III
578 2440 812 2494 Neptunus,

78 2496 228 2550 quippe
262 2511 357 2536 cum
389 2497 440 2537 de
472 2511 673 2550 equorum
713 2513 812 2538 cura

80 2561 245 2608 agatur,
286 2561 378 2595 tum
412 2555 622 2596 Aristaeus
650 2563 693 2596 et
725 2558 812 2597 Pan

81 2611 302 2667 (Ge.111pr.
315 2614 439 2653 etiam
447 2614 560 2654 Pales
576 2628 670 2655 cum
682 2614 812 2669 Apol-

78 2670 160 2709 line
174 2669 367 2726 Nomio),
395 2672 564 2712 tandem
594 2674 647 2712 ad
665 2674 734 2714 lib.
753 2674 811 2714 IV

0 2773 5 2775 μ
80 2728 189 2768 idem
206 2728 423 2780 Aristaeus,
444 2731 633 2771 mellificii
652 2738 808 2772 auctor.

81 2789 121 2829 7.
151 2786 494 2839 Quandoquidem
515 2790 632 2829 vobis
658 2791 811 2830 aratio-

81 2844 144 2883 nis
164 2858 212 2882 ac
230 2843 378 2884 vitium
401 2847 569 2886 sationis
594 2848 703 2887 inter
731 2848 812 2888 ho-

80 2902 207 2940 mines
224 2901 341 2941 initia
359 2903 577 2955 debentur,
610 2906 714 2957 ferte
730 2921 813 2959 pe-

80 2960 173 2998 dem
186 2990 198 3009 ,
236 2959 373 3001 adeste
403 2975 479 3002 vos
506 2962 610 3002 mihi
639 2965 812 3004 canenti.

88 3018 224 3056 Tellus
241 3020 493 3071 permutavit
506 3021 705 3072 glandem
724 3025 812 3060 ari-

863 1106 955 1148 sta;
981 1104 1033 1139 ut
1059 1098 1098 1138 ei
1124 1099 1355 1151 tribuatur,
1393 1106 1605 1152 tamquam

864 1157 972 1197 actio
991 1187 1005 1208 ,
1048 1170 1097 1197 ea
1130 1171 1198 1198 res
1220 1188 1233 1209 ,
1286 1158 1400 1198 cuius
1439 1164 1606 1198 tantum

866 1229 1009 1256 caussa
1055 1221 1098 1256 et
1140 1217 1462 1257 instrumentum
1507 1216 1605 1256 fuit:

865 1287 943 1329 pro
979 1273 1193 1327 glandibus
1232 1276 1342 1315 vesci
1380 1280 1604 1328 coeperunt

865 1332 1050 1373 homines
1070 1333 1295 1373 frumentis.
1336 1333 1462 1388 (Hinc
1478 1332 1604 1372 ducta

868 1390 1065 1431 videntur
1075 1421 1088 1442 ,
1117 1405 1222 1444 quae
1237 1392 1430 1445 leguntur
1445 1405 1509 1445 ap.
1520 1391 1604 1430 Va-

867 1449 942 1489 ler.
959 1449 1092 1489 Flacc.
1111 1450 1143 1500 1,
1155 1453 1243 1494 70.:
1271 1457 1341 1501 „et
1357 1450 1467 1490 flava
1479 1462 1604 1502 quer-

869 1522 964 1547 cum
997 1507 1210 1548 damnavit
1247 1509 1385 1548 arista.
1396 1511 1421 1531 “
1475 1505 1602 1562 Wr.)

869 1568 910 1609 8.
941 1565 1191 1617 Chaoniam,
1219 1581 1262 1607 v.
1279 1567 1333 1606 ad
1351 1567 1434 1606 Ecl.
1450 1566 1524 1616 IX,
1537 1568 1604 1608 13.

862 1626 1020 1677 pingui
1036 1655 1049 1675 ,
1091 1623 1226 1682 ἇδρᾷ,
1253 1625 1389 1679 granis
1413 1623 1601 1673 tumenti,

864 1682 1022 1735 grandi.
1081 1686 1121 1726 9.
1150 1683 1297 1723 Vestro
1314 1682 1510 1723 beneficio
1524 1681 1605 1721 ho-

866 1740 995 1780 mines
1046 1741 1134 1781 vini
1179 1756 1301 1782 usum
1343 1742 1604 1783 invenerunt.

866 1799 905 1838 N
906 1813 973 1838 am
991 1801 1155 1839 misem
1175 1802 1317 1840 vinum
1332 1801 1512 1840 sollenne
1527 1812 1604 1853 pro

867 1858 1029 1910 bibere5
1056 1858 1115 1897 sic
1139 1855 1310 1913 κεράσαι
1333 1873 1411 1913 pro
1443 1858 1605 1914 ἐγχέειν,

868 1917 1018 1958 πίνειν.
1066 1919 1229 1956 miscuit
1261 1918 1420 1970 pocula
1462 1919 1601 1966 Terra,

869 1973 912 2014 h.
939 1975 1095 2015 vitibus
1122 1975 1241 2015 editis
1269 1975 1400 2016 effecit
1417 2006 1429 2026 ,
1458 1981 1509 2014 ut
1526 1974 1605 2013 mi-

869 2033 973 2073 aceri
989 2040 1167 2087 possent.
1218 2035 1381 2074 Pocula
1403 2034 1605 2073 Acheloia

867 2104 945 2144 pro
978 2105 1104 2144 aqua5
1144 2097 1190 2131 at
1223 2106 1346 2144 quam
1376 2091 1605 2146 splendide!

867 2149 1106 2200 Acheloum,
1127 2149 1308 2190 Aetoliae
1325 2151 1511 2201 fluvium,
1529 2164 1605 2203 pro

869 2208 1014 2260 quovis
1043 2208 1212 2248 flumine
1238 2215 1282 2249 et
1298 2223 1404 2262 aqua
1419 2222 1605 2262 quacun-

869 2279 967 2318 que,
1008 2273 1220 2319 tamquam
1242 2268 1384 2321 priscis
1411 2267 1605 2307 carmini—

867 2323 946 2363 bus
972 2325 1351 2377 celebratissimum,
1388 2340 1502 2366 more
1528 2340 1605 2365 an-

868 2381 1079 2434 tiquorum
1135 2385 1386 2424 Graeca-um
1405 2415 1417 2435 ,
1486 2384 1604 2424 dixit.

872 2440 999 2480 nocta
1023 2448 1087 2481 est
1108 2442 1160 2482 de
1179 2442 1222 2483 h.
1240 2443 1268 2483 1.
1294 2443 1519 2497 disputatio
1541 2457 1605 2496 ap.

869 2497 1049 2540 Mam-ob.
1072 2500 1122 2551 V,
1150 2503 1218 2544 18.
1249 2500 1411 2556 (merito
1438 2502 1607 2542 videtur

868 2555 976 2597 hanc
1027 2559 1339 2612 explicationem
1386 2560 1606 2614 explodere

868 2615 1128 2656 Hermannus
1162 2618 1207 2657 in
1234 2618 1526 2658 Dissertatione
1556 2619 1606 2657 de

869 2676 1011 2713 Musis
1031 2675 1282 2727 fluvialibus
1303 2677 1551 2729 Epicharmi
1570 2685 1607 2715 et

867 2733 1034 2772 Eumeli
1048 2737 1219 2787 pag.17.
1254 2733 1369 2790 Wr.)
1405 2738 1606 2787 10.prae—

869 2792 1000 2829 sentia
1033 2794 1206 2831 numina
1223 2823 1235 2843 ,
1287 2799 1330 2832 et
1357 2794 1540 2847 potentia
1565 2799 1606 2831 et

868 2848 1057 2902 propitia.
1074 2863 1115 2890 v.
1130 2850 1216 2890 Ecl.
1232 2851 1262 2901 Ι,
1284 2850 1353 2893 42.
1406 2854 1471 2893 11.
1491 2853 1606 2890 Ferte

869 2908 996 2946 simul
1026 2908 1174 2960 pedem
1196 2939 1207 2958 ‚
1250 2908 1389 2947 adeste
1408 2939 1419 2959 ‚
1458 2909 1603 2958 Fauni,

870 2964 1161 3019 Nymphaeque
1197 2967 1329 3005 simul.
1395 2966 1602 3018 DoradeS,

870 3029 1080 3076 tamquam
1109 3024 1208 3063 deae
1233 3025 1427 3064 silvarum
1454 3029 1496 3062 et
1522 3025 1603 3063 sal-
