1768 3320
218 214 322 264 334

548 213 602 264 P.
640 213 997 265 VIRGILII
1042 215 1421 268 MARoms
1483 178 1493 196 ⁸

213 341 324 390 Aut
351 337 493 388 redit
517 355 545 389 a
570 339 729 390 nobis
755 342 988 407 Aurora,
1027 340 1286 411 diemque
1308 342 1546 409 reducit3

213 411 436 477 Nosque
455 409 550 459 ubi
566 411 774 478 primus
795 412 946 479 equis
963 413 1160 463 Oriens
1176 412 1389 465 adflavit
1406 414 1629 485 anheliS‚
1643 419 1749 473 250

212 479 329 531 Illic
356 497 472 530 sera
497 481 700 532 rubens
725 481 978 533 adcendit
1002 483 1205 534 lumina
1229 488 1450 553 Vesper.

211 552 352 601 Hinc
379 560 728 619 tempestates
754 552 922 603 dubio
944 553 1286 621 praediscere
1314 555 1471 608 coelo

211 680 407 704 memorare
436 668 503 704 tibi
531 676 638 716 atque
663 671 853 706 ostendere
882 683 1021 715 coram,
1053 671 1335 718 Iampridem
1364 673 1457 708 hanc
1477 673 1618 720 prolem
1640 675 1745 722 cupio

213 729 418 751 enumerare
444 729 613 751 meorum.
624 720 644 737 “

691 719 746 752 Ibi
765 718 923 764 Heynius
946 718 998 752 ita
1020 719 1161 753 scribit:
1195 721 1412 763 „Iuncturae
1435 722 1609 766 asperitas
1629 723 1748 769 aliqua

210 764 249 798 in
277 777 327 799 vs.
344 766 425 801 716.
455 764 536 800 717.
564 765 681 799 inesse
711 766 861 800 videtur.
908 767 998 800 Puto
1027 779 1048 800 a
1074 774 1184 812 poeta
1201 766 1371 813 scriptum
1389 768 1517 803 fuisse:
1552 771 1748 804 ostendere

211 825 336 846 coram
357 812 592 860 Iampridem,
616 825 657 847 ac
671 814 838 860 prolem“
860 819 927 847 etc.
975 813 1084 848 Nulla
1102 814 1162 848 hic
1178 814 1372 859 asperitas,
1396 816 1504 850 modo
1521 818 1747 865 Iampridem

210 859 258 893 ad
277 866 463 905 utrumque
479 870 618 893 versum
635 861 788 894 referas:
814 862 897 894 Has
918 861 1084 907 equidem
1103 860 1312 907 iampridem
1332 881 1378 888 -
1398 863 1593 898 ostendere
1610 877 1745 908 coram,

208 907 422 952 Iampridem
453 906 551 940 lu'znc
573 908 716 953 prolem
741 909 848 955 cupio
872 920 1091 942 enumerare
1117 922 1291 943 meorum.
1341 911 1459 951 Quare
1487 922 1566 944 oum
1595 912 1746 957 quadam

208 954 307 988 vocis
334 953 534 987 intentione
563 954 652 988 illud
680 955 904 1003 Iamprzdem
930 955 1242 1001 pronuntiandum.
1281 956 1378 1002 Wr.)

657 1002 730 1039 250
752 1003 911 1048 Noxque
937 1008 973 1036 et
997 1005 1113 1038 Orion
1139 1003 1241 1038 unius
1271 1004 1463 1038 aberratio.
1512 1017 1584 1052 que
1605 1006 1706 1040 abest
1722 1019 1744 1041 a

499 1050 567 1086 251
602 1049 689 1084 Illis
715 1050 809 1096 apud
835 1052 958 1083 Senec.
991 1062 1047 1096 ep.
1072 1052 1152 1087 122.
1180 1057 1218 1084 et
1241 1051 1380 1096 placet3
1412 1052 1573 1097 reposuit
1604 1065 1744 1099 quoque

740 1099 812 1134 252
836 1098 909 1131 Hic
923 1097 1040 1131 Mead.
1067 1098 1288 1145 praedicere
1304 1100 1408 1133 Rom.
1431 1106 1467 1133 et
1485 1099 1546 1133 alii
1565 1111 1609 1134 ex
1627 1112 1741 1142 more3

211 1002 362 1047 reliquit
380 1001 482 1035 Leid.
508 1014 562 1047 pr.

209 1049 319 1082 Goth.
348 1061 402 1093 pr.

207 1096 353 1130 Wakef.
388 1096 551 1138 ostendit
573 1098 660 1131 Ven.

1473 958 1544 994 249
1579 958 1746 1005 diemque

206 1149 248 1176 ut
264 1154 297 1177 v.
314 1143 372 1179 51.
398 1145 443 1186 ΙΙ,
462 1143 545 1179 255.
588 1145 828 1192 praediscere
845 1144 916 1178 iam
934 1152 1138 1180 correxerat
1158 1147 1312 1191 Nauger.
1331 1146 1371 1180 in
1387 1146 1467 1182 Ald.
1486 1153 1570 1182 tert.

206 1249 334 1288 cretio
363 1249 619 1302 frequentata
629 1265 640 1301 ;
682 1257 732 1290 ut
759 1251 818 1302 V,
849 1250 948 1294 984.

204 1306 304 1350 249.
337 1308 502 1361 antiquo
524 1309 700 1360 nomine,
732 1310 826 1363 quia
842 1316 949 1349 tem-

204 1366 410 1419 pestivum
428 1374 519 1407 tum
534 1381 619 1406 non
639 1374 722 1419 est,
751 1368 804 1407 ad
825 1383 948 1422 agen-

207 1424 278 1463 das
310 1438 375 1463 res
398 1456 408 1476 ,
441 1422 604 1481 οἷεργής.
651 1427 754 1465 redit
783 1430 947 1466 Aurora

203 1483 289 1522 scil.
307 1483 360 1522 ad
379 1497 465 1536 eos3
492 1484 578 1523 adit
597 1498 675 1524 eos.
716 1482 947 1540 (Usurpan-

202 1547 276 1580 tur
285 1542 421 1581 'verba
444 1543 594 1594 redire,
639 1543 823 1582 reducere
838 1575 849 1594 ‚
877 1559 943 1583 re-

203 1614 356 1639 currere
376 1631 386 1651 ,
424 1601 568 1654 referte
589 1631 600 1651 ,
655 1602 731 1640 alia
759 1603 943 1642 similiter

204 1659 437 1712 composita,
468 1660 541 1698 ubi
557 1659 607 1698 de
622 1660 757 1711 rebus,
787 1661 830 1699 in
852 1661 943 1714 pri-

202 1717 277 1756 mis
295 1723 482 1768 naturae,
505 1718 621 1756 statis
643 1719 801 1758 vicibus
816 1720 940 1759 rede-

201 1775 370 1814 untibus
398 1775 541 1828 agitur.
593 1776 654 1815 Ita
683 1777 829 1817 Horat.
861 1778 939 1817 Od.

200 1833 260 1883 II,
295 1836 367 1884 10,
402 1834 488 1877 15.;
533 1835 761 1887 „Informes
787 1835 939 1875 hiemes

200 1891 421 1931 reducit
459 1892 644 1946 Iupiter,
689 1894 800 1933 idem
840 1895 941 1934 sub-

199 1956 349 1990 movet.
368 1952 392 1972 “
433 1951 492 1990 Cf.
523 1951 703 1991 eiusdem
731 1952 798 2003 IV,
827 1956 876 2004 7,
901 1956 938 1995 1.

203 2010 270 2050 12.
293 2014 331 2047 et
359 2009 453 2048 infr.
478 2012 575 2053 336.
602 2013 699 2053 339.
720 2009 817 2053 440.
839 2010 937 2055 458.

203 2068 275 2107 W
269 2065 356 2121 ch.)
417 2067 515 2110 250.
557 2071 670 2122 equis
700 2069 937 2108 anhelanti-

199 2123 273 2163 bus
301 2125 498 2165 tribuitur
535 2128 696 2179 adflare
725 2127 768 2166 id
782 2159 792 2178 ,
824 2128 937 2181 quod
962 2151 966 2158 =

199 2189 294 2221 ante
325 2197 367 2222 se
397 2183 581 2236 habent3
629 2192 679 2225 ut
713 2186 757 2225 in
793 2201 936 2226 cursus

198 2242 418 2281 certamine
441 2256 529 2294 eos,
554 2257 654 2296 quos
676 2246 771 2284 ante
799 2259 840 2285 se
861 2246 936 2285 de-

199 2306 407 2340 currentes
428 2315 552 2341 cursu
574 2303 788 2356 attingunt.
840 2305 935 2343 Ad-

187 2359 306 2411 flant
324 2361 418 2411 equi
437 2361 542 2398 Solis
566 2374 629 2399 eas
650 2367 801 2413 terras,
833 2377 933 2417 quas

197 2416 260 2455 sol
291 2417 424 2456 oriens
449 2418 665 2459 illuminat.
723 2420 808 2460 Iam
832 2435 935 2474 poe-

197 2474 280 2513 tica
293 2475 523 2516 inversione
546 2477 676 2517 dixit:
716 2480 790 2517 Sol
806 2482 934 2518 oriens

195 2533 333 2585 adflat
358 2548 430 2572 nos
458 2537 598 2588 equis;
637 2543 687 2576 ut
704 2542 742 2575 et
758 2536 857 2576 Aen.
883 2538 932 2589 V,

196 2593 281 2634 739
307 2593 363 2630 Et
386 2606 449 2630 me
481 2608 629 2633 saevus
663 2597 776 2647 equis
807 2598 934 2634 oriens

194 2649 376 2702 adflavit
424 2651 594 2691 anhelis.
683 2653 782 2696 251.
830 2655 933 2693 Cum

202 2707 344 2746 Oriens
382 2709 519 2761 paullo
557 2715 648 2748 ante
676 2711 728 2750 sit
755 2711 848 2762 Sol,
889 2713 932 2752 vi

196 2766 371 2819 oppositi
412 2768 570 2819 Vesper
592 2770 717 2820 possit
742 2781 825 2807 esse
861 2770 932 2809 Sol

196 2824 396 2864 occidens.
455 2825 680 2878 Vesperum
699 2833 834 2866 tamen
854 2842 929 2881 pro

194 2883 287 2922 Sole
306 2883 461 2923 dictum
484 2884 672 2923 nondum
691 2885 789 2925 vidi.
845 2888 892 2926 V
887 2901 930 2924 e-

192 2956 305 2993 sper,
335 2941 540 2996 Hesperus
554 2973 566 2994 ,
598 2943 680 2983 sole
709 2943 930 2995 occidente,

192 2999 237 3039 in
252 3006 512 3054 conspectum
532 3002 667 3054 venit,
700 3002 845 3053 oritur,
864 3004 931 3043 lu-

1005 1266 1098 1290 men
1125 1266 1246 1291 euum
1262 1252 1433 1306 profit-t.
1505 1253 1565 1293 Ita
1596 1254 1742 1308 accipit

1005 1323 1168 1363 quoque
1190 1310 1330 1362 Silius,
1361 1311 1433 1364 qui
1448 1310 1561 1351 hunc
1575 1325 1741 1352 versum

1005 1368 1205 1422 expressit
1237 1369 1320 1420 XI,
1353 1371 1451 1413 516.
1481 1371 1567 1414 517
1607 1372 1741 1410 Inva—

1004 1427 1105 1466 dunt
1124 1442 1317 1479 campum
1333 1436 1371 1466 et
1392 1428 1474 1468 late
1477 1428 1753 1481 fulgentibus>

1005 1488 1131 1524 armis
1173 1486 1412 1525 Accendant
1432 1506 1435 1512 s
1458 1488 1561 1526 ultro
1608 1488 1740 1526 lucem

1000 1546 1202 1596 surgentis
1232 1545 1327 1583 Eoi.
1369 1545 1473 1584 conf.
1517 1546 1679 1585 Lucret.
1706 1546 1736 1596 I,

1006 1602 1127 1645 1064.
1148 1603 1188 1645 5.
1207 1605 1245 1645 6.
1294 1603 1477 1655 Namque
1499 1617 1574 1643 nec
1592 1617 1738 1657 vespe-

998 1674 1047 1699 ra
1083 1661 1297 1699 accendere
1332 1670 1467 1714 potest
1517 1677 1737 1714 crepuscu-

998 1719 1107 1769 lum,
1143 1732 1218 1758 nec
1237 1719 1306 1758 illa
1323 1720 1500 1772 vulgaris
1517 1720 1635 1771 ratio,
1655 1734 1737 1773 qua

999 1776 1049 1815 de
1068 1778 1223 1816 facibus
1256 1784 1295 1816 et
1321 1778 1497 1817 candelis
1523 1779 1734 1832 accipitur,

1001 1848 1105 1886 quae
1143 1842 1190 1875 ut
1232 1836 1507 1876 incendantur
1530 1867 1542 1888 ,
1589 1850 1735 1891 vesper

999 1907 1138 1932 caussa
1154 1900 1234 1944 est,
1265 1909 1350 1933 non
1381 1894 1547 1947 quidem
1566 1895 1734 1935 indocta

998 1958 1082 2003 est,
1123 1951 1194 1992 sed
1226 1952 1390 1992 humilis
1417 1961 1555 1994 tamen
1587 1960 1629 1993 et
1658 1954 1733 1994 ab-

994 2009 1167 2050 horrens
1187 2025 1210 2049 a
1227 2012 1298 2051 tali
1321 2012 1507 2052 carmine.
1567 2012 1733 2066 Oppor-

994 2069 1135 2108 tunius
1154 2070 1264 2109 idem
1280 2070 1386 2110 illud
1404 2071 1477 2110 inf.
1499 2085 1558 2111 vs·
1582 2074 1682 2114 291.

1052 2130 1149 2171 252.
1189 2131 1316 2169 Ηίησ.
1343 2129 1376 2169 Ε
1409 2129 1504 2169 solis
1541 2129 1622 2168 hoc
1656 2142 1732 2183 per

993 2186 1217 2226 Zodiacum
1236 2187 1422 2238 decium,
1449 2202 1472 2226 a
1485 2201 1526 2228 v.
1544 2190 1644 2238 231,
1664 2195 1730 2228 at-

994 2257 1073 2298 que
1102 2246 1203 2285 adeo
1235 2246 1544 2285 succedentibus
1571 2246 1646 2285 sibi
1662 2247 1730 2285 in-

991 2303 1123 2343 vicem
1149 2305 1243 2343 anni
1271 2305 1477 2358 partibus,
1508 2305 1730 2347 instantem

990 2368 1280 2415 tempestatum
1312 2363 1577 2403 mutationem
1606 2363 1729 2402 disci-

992 2435 1095 2460 mus.
1153 2422 1310 2461 Habuit
1336 2422 1379 2461 in
1423 2422 1556 2461 animo
1584 2435 1728 2461 versus

992 2478 1108 2518 Arati
1138 2481 1309 2519 Diosem.
1339 2482 1391 2522 10
1422 2493 1507 2532 sqq.
1554 2482 1727 2532 Tempe-

990 2546 1112 2576 states
1142 2539 1192 2577 de
1217 2543 1392 2590 quatuor
1421 2537 1516 2576 anni
1540 2538 1726 2592 partibus

992 2595 1091 2646 dici,
1123 2609 1175 2635 ex
1204 2610 1245 2636 v.
1267 2596 1353 2639 258
1378 2602 1515 2649 patet,
1551 2599 1726 2649 Tempo-

989 2653 1177 2706 ribusque
1196 2669 1244 2705 p.
1254 2670 1271 2703 ,-
1313 2654 1572 2694 coniunctam
1591 2661 1726 2695 tamen

989 2712 1136 2750 mutati
1167 2713 1268 2751 aeris
1306 2726 1354 2751 ac
1382 2713 1479 2752 caeli
1516 2714 1725 2754 notionem

989 2782 1092 2820 esse,
1132 2783 1183 2809 ex
1212 2770 1406 2811 adiuncto
1438 2778 1565 2825 patet.
1602 2770 1724 2827 (reii-

989 2828 1045 2866 cit
1064 2827 1171 2868 hanc
1200 2830 1509 2883 explicationem
1539 2830 1723 2882 Vossius5

986 2893 1110 2938 recte,
1142 2888 1174 2926 si
1192 2888 1290 2940 quid
1308 2889 1440 2929 video.
1468 2887 1588 2944 Wr.)
1623 2889 1723 2928 Coe-

988 2946 1075 2984 lum
1114 2946 1304 2998 dubium,
1353 2948 1436 2988 scil.
1475 2947 1722 2987 instantibus

986 3004 1135 3057 pluviis
1148 3035 1159 3055 ,
1213 3006 1411 3058 procellis.
1481 3004 1548 3045 Ad
1588 3011 1721 3046 cetera
