1768 3320
320 173 815 234 GEBRGIGON
849 176 991 236 LIB.
1027 177 1078 242 Ι,
1114 182 1411 236 272—279

1525 191 1627 245 339

96 298 304 353 Felices
329 316 586 368 operum:
621 302 867 369 quintam
893 301 1048 369 fuge3
1087 304 1318 371 pallidus
1342 309 1517 361 Orcus

94 369 538 439 Eumenidesque
563 380 737 435 satae;
773 382 892 424 tum
915 382 1075 442 partu
1100 377 1268 426 Terra
1291 376 1531 430 nefando

97 441 419 509 Coeumque
434 443 795 511 Iapetumque
816 453 974 510 creat,
996 461 1328 515 saevumque
1351 450 1626 517 Typhoea,

161 539 280 588 277.
354 534 541 586 Oncus
555 576 570 600 ‚

139 651 213 688 277
232 653 403 700 quintum
432 654 546 695 ven.;
581 661 618 689 et
640 660 746 700 putes
773 656 825 690 sic
855 655 1132 691 continuandum
1161 657 1273 692 fuisse
1302 665 1388 704 pont
1414 660 1495 695 dies
1517 661 1625 696 alios.

94 697 168 734 vid.
187 711 266 745 sup.
314 700 387 735 Sed
405 700 555 736 variavit
570 710 698 748 poeta,
722 709 760 737 nt
777 715 859 738 mox
874 701 947 740 284
970 706 1149 752 Septuma
1158 713 1252 753 post
1269 706 1468 741 decumam.
1500 709 1625 756 (quin-

92 753 190 780 aam
206 747 339 782 Medic.
360 748 426 782 sed
441 750 635 784 transfossa
653 763 693 790 c;
717 749 812 784 idem
823 749 963 798 filicis.
995 751 1093 796 Wr.)
1143 753 1288 786 Ore-hus
1305 753 1368 787 alii
1386 755 1563 799 scribunt,
1586 764 1626 790 ut

92 792 132 827 et
152 793 261 836 alibi;
295 794 378 841 (vid.
401 797 498 831 Serv.
526 797 573 832 ad
590 797 655 831 Ge.
677 798 738 841 m,
757 799 840 836 223.
880 798 978 843 Wr.)
1013 810 1033 832 e
1057 810 1157 833 more
1181 799 1326 834 serioris
1353 802 1499 847 aetatis,
1535 815 1626 849 quae

92 839 224 888 ubique
243 838 289 877 τὸ
311 854 350 884 c,
374 842 430 886 K,
454 843 491 878 in
510 844 555 878 ch
571 845 746 887 mutabat3
772 845 865 879 unde
885 851 923 878 et
938 845 1098 892 pulcher
1110 846 1240 881 factum
1259 859 1302 881 ex
1313 850 1459 896 pulcer.

92 899 175 922 cum
194 899 283 922 unus
299 890 419 924 Mead.
449 900 565 939 parto
582 892 731 926 Mentel.
749 905 805 939 pr.
825 900 862 927 et
879 898 963 926 tert.
982 904 1004 926 a
1023 905 1068 926 ιιι.
1090 905 1146 939 pr.

1552 852 1625 888 278

1239 895 1313 931 279
1338 909 1408 943 que
1425 897 1527 932 abest
1542 906 1626 943 post

94 937 226 970 Coeum
241 935 279 970 in
293 943 457 982 quatuor.
507 941 656 982 Coeum,
674 940 820 985 Κοῖον,
845 939 1006 974 scribunt
1031 940 1211 975 meliores.
1262 944 1395 977 Cacum
1410 944 1482 979 alii.
1531 947 1623 991 (La-

85 990 256 1031 thumq.
272 983 404 1019 Medic.
438 987 497 1021 W
489 987 536 1032 r.)

93 1091 292 1146 Namque
314 1093 365 1133 V
357 1093 522 1145 zrgzlws
541 1095 667 1132 etiam
685 1095 730 1133 in
747 1109 828 1133 nu-

86 1163 219 1188 meros
257 1148 495 1206 (tempora)
534 1151 659 1190 lunae
704 1152 827 1205 dige-

90 1207 218 1246 renda
237 1210 444 1261 quaedam
453 1212 637 1261 pulavit,
667 1211 828 1249 Demo-

87 1266 183 1304 criti
200 1275 392 1320 sequutus
424 1270 727 1307 ostentationem
740 1285 753 1307 .·
785 1267 827 1309 h.

90 1321 322 1363 doch-inam
363 1325 489 1365 variis
532 1339 556 1364 a
599 1326 828 1367 rationibus

88 1381 219 1434 iisque
239 1382 467 1422 vanissimis
486 1383 674 1436 ductam,
703 1386 828 1425 modo

90 1439 141 1478 ab
160 1439 447 1480 observatione
463 1443 621 1494 eventi,
658 1443 783 1483 modo
804 1457 828 1482 a

88 1511 287 1549 numero,
328 1500 453 1539 modo
489 1500 539 1539 ab
569 1502 829 1552 auctoritate,

88 1556 235 1596 fraude
263 1563 338 1596 aut
370 1558 520 1597 stolida
554 1560 827 1612 persuasione.

88 1614 178 1654 Etsi
208 1621 343 1654 autem
369 1616 512 1656 mirari
541 1618 640 1658 licet
669 1617 772 1657 haec
802 1633 827 1657 a

87 1672 257 1726 Virgilio
284 1674 330 1713 in
355 1688 520 1714 carmen
543 1683 730 1730 recepta:
765 1683 826 1716 est

87 1736 227 1772 tamen
239 1731 448 1772 laudanda
462 1734 699 1787 prudentia,
713 1735 825 1787 quod

85 1789 229 1843 paucis
245 1803 293 1829 ea
314 1797 480 1831 tantum
496 1793 651 1846 attigit,
681 1800 723 1833 et
748 1794 825 1833 ob-

86 1847 290 1888 servanda
308 1862 374 1889 ars
399 1856 563 1904 poetae,
593 1865 674 1904 qua
700 1852 825 1892 fabu-

85 1904 136 1945 lis
155 1907 390 1947 intexendis
405 1908 545 1948 locum
562 1910 664 1949 facit
679 1924 729 1949 ac
746 1924 825 1964 pa-

85 1969 166 2004 rat.
226 1967 354 2005 Luna
385 1967 498 2006 dedit
530 1981 606 2021 pro
635 1969 734 2008 dat:
774 1975 825 2008 ut

86 2021 187 2062 Aen.
216 2023 290 2074 ΙΧ,
309 2027 396 2068 266
425 2040 545 2078 quem
562 2027 636 2065 dat
652 2027 824 2066 Sidonia

85 2081 217 2120 Dido.
292 2082 359 2121 Sic
409 2085 658 2136 Tarquinius
697 2099 822 2138 regno

77 2139 364 2192 pulsus-sugit
394 2155 458 2194 ap.
488 2141 635 2182 Horat.
657 2143 677 2182 I
694 2144 821 2183 Serm.

86 2199 127 2246 6,
143 2199 291 2239 13n0n
310 2199 435 2250 quasi
442 2200 708 2252 praeteritum
725 2216 820 2240 cor-

84 2254 275 2307 ripiatur,
307 2256 379 2294 sed
395 2271 585 2309 praesens
600 2272 678 2311 pro
695 2273 817 2313 prae-

84 2313 232 2364 terito,
274 2327 320 2353 re
345 2317 567 2367 praeterita
588 2316 632 2356 in
659 2322 820 2371 tempus

83 2384 274 2424 praesens
295 2372 487 2413 adducta.
517 2375 726 2414 Sententia
744 2390 822 2415 au-

83 2434 168 2468 tem
197 2436 282 2470 est:
324 2438 422 2471 sunt
449 2432 535 2471 dies
557 2434 723 2474 lunares
754 2435 822 2474 alii

84 2487 241 2539 felices,
271 2489 502 2530 aliiminus.
559 2495 820 2535 277—279.

85 2545 245 2594 Quinto
270 2547 335 2586 die
362 2548 413 2587 ab
438 2549 561 2589 lunae
582 2557 678 2589 ortu
702 2557 822 2590 natos

86 2603 143 2643 ait
174 2605 349 2656 Orcum,
387 2606 556 2659 Furias,
596 2609 760 2648 Titanes
780 2616 821 2648 et

86 2661 297 2715 Gigantes3
327 2665 494 2717 antiqua
523 2673 566 2705 et
591 2667 730 2720 ignota
747 2681 820 2707 su-

85 2721 342 2772 perstitione,
373 2723 427 2762 ad
456 2738 722 2765 numerorum
747 2739 820 2765 ra-

85 2778 218 2817 tiones
232 2786 451 2832 spectante.
486 2783 702 2823 Recedunt
720 2783 822 2823 haec

86 2836 137 2874 ab
157 2835 443 2893 Hesiod.”E97.
464 2842 619 2883 802·-
631 2841 730 2892 804,
751 2842 821 2894 qui

85 2908 171 2933 non
190 2909 235 2932 eo
251 2894 317 2933 die
337 2895 492 2936 Orcum
509 2905 552 2937 et
580 2899 725 2939 Furias
744 2914 821 2939 na-

0 2972 3 2973 r
85 2958 149 2991 tas
168 2959 390 3002 memorat,
421 2955 493 2994 sed
519 2955 664 2996 Furias
678 2958 821 3011 periu-

637 988 851 1036 Typhonem
869 986 1028 1032 Philarg.
1045 986 1092 1022 ad
1113 989 1179 1023 Ge.
1196 989 1241 1032 n,
1255 987 1340 1026 (m.

885 1093 948 1132 ria
966 1091 1181 1134 hominum
1206 1094 1343 1135 ultum
1366 1097 1442 1136 ire:
1459 1093 1624 1154 ’Ὅρκον

885 1152 1152 1206 τιννυμένας,
1182 1151 1256 1196 τόν
1269 1152 1388 1210 Ἔρις
1405 1154 1494 1198 τέκε
1513 1153 1623 1212 πῆμ’

885 1206 1109 1265 ἐπιόρκοις.
1167 1213 1321 1251 Furiae
1344 1227 1366 1252 e
1386 1214 1509 1253 Croni
1526 1229 1624 1254 san-

886 1268 1007 1320 guine
1037 1275 1170 1309 ortae:
1201 1269 1348 1324 Theog.
1374 1273 1468 1316 185.
1492 1272 1622 1326 Apol-

885 1326 969 1365 lod.
987 1326 1020 1376 1,
1047 1330 1084 1378 1,
1109 1330 1149 1370 3.
1207 1328 1388 1369 Novavit
1404 1328 1486 1370 hoc
1503 1331 1621 1372 Maro

885 1384 1022 1423 nescio
1070 1399 1151 1438 qua
1184 1387 1431 1427 auctoritate
1447 1418 1460 1439 ,
1509 1390 1623 1442 quod

893 1442 1045 1482 Orcum
1072 1458 1168 1483 cum
1193 1445 1333 1484 Itu-icis
1359 1452 1505 1487 natum
1531 1448 1621 1487 edi-

887 1500 961 1540 dit.
1019 1501 1174 1550 Quaeri
1198 1509 1355 1556 potest,
1392 1506 1621 1546 volueritne

873 1554 1037 1612 ’Ὀρκον
1090 1559 1337 1601 Hesiodeum
1388 1563 1594 1604 declarare
1607 1596 1618 1616 ‚

885 1616 1007 1655 deum
1036 1617 1139 1658 iuris
1171 1617 1339 1659 iurandi
1365 1627 1409 1661 et
1443 1622 1618 1663 ultorem

881 1675 1065 1727 periurii,
1096 1691 1149 1716 an
1168 1675 1343 1729 Orcum,
1372 1676 1618 1735 τόν“Αιδην,

881 1733 1118 1785 Plutonem,
1161 1747 1235 1774 seu
1267 1737 1408 1789 potius
1444 1738 1617 1790 Orcum,

881 1797 1079 1845 tanquam
1089 1793 1296 1833 diversum
1305 1795 1472 1848 aliquod
1489 1798 1618 1838 aPlu-

882 1856 981 1890 tone
997 1851 1175 1891 inferum
1192 1865 1355 1892 numen.
1386 1855 1489 1895 Cum
1497 1856 1619 1909 plura

882 1909 1123 1962 astrologica
1171 1911 1351 1950 carmina
1368 1942 1380 1963 ,
1435 1912 1618 1954 Alexan-

880 1967 1096 2007 drinarum
1132 1970 1468 2021 superstitionum
1494 1973 1615 2024 fenis,

881 2031 1074 2065 extarent
1091 2056 1102 2076 ‚
1144 2027 1268 2066 etiam
1300 2029 1376 2067 sub
1404 2030 1558 2084 Orphei
1575 2038 1616 2071 et

880 2083 1145 2137 Melampodis
1181 2086 1377 2137 nomine,
1421 2089 1454 2127 si
1491 2090 1614 2129 modo

879 2142 1047 2181 Marone
1066 2143 1299 2195 antiquiora
1314 2145 1447 2197 suere,
1481 2160 1533 2187 ex
1551 2147 1615 2187 his

879 2199 992 2239 hunc
1019 2201 1156 2240 locum
1180 2201 1426 2242 adumbrare
1451 2205 1518 2244 ille
1535 2220 1614 2259 po-

874 2259 969 2298 tuit.
1027 2259 1182 2298 Parum
1212 2266 1347 2300 tamen
1373 2268 1513 2302 tutum
1539 2271 1613 2315 est,

879 2317 930 2356 de
956 2315 1021 2355 his
1052 2317 1205 2370 aliquid
1228 2320 1445 2372 suspicari,
1481 2323 1613 2362 multo

878 2375 1015 2414 minus
1044 2377 1327 2429 pronuntiare.
1365 2377 1475 2434 (vid.
1504 2381 1613 2419 Lenz

880 2433 932 2472 de
949 2434 1185 2486 fragmentis
1201 2435 1390 2488 Orphicis
1406 2437 1460 2476 ad
1478 2445 1613 2478 astro-

878 2492 1058 2531 numiam
1086 2494 1385 2546 spectantibus,
1416 2498 1540 2539 1789.
1572 2504 1613 2536 et

881 2550 931 2588 de
950 2551 1159 2603 personati
1190 2551 1343 2605 Orphei
1358 2550 1524 2608 Ἔργοις
1541 2554 1612 2596 καὶ

875 2607 1065 2663 Ἡμέραις
1080 2609 1123 2648 in
1152 2611 1315 2648 Neuem
1333 2611 1611 2664 &hulmaga-

877 2669 944 2705 zin
962 2667 1073 2710 1794
1083 2667 1129 2706 B.
1147 2667 1248 2718 11,2‚
1260 2683 1299 2721 p.
1312 2670 1409 2712 359.
1438 2670 1509 2709 ubi
1525 2670 1609 2710 vid.

875 2739 915 2778 p.
945 2727 1043 2768 378.
1063 2724 1179 2780 379.)
1220 2727 1346 2765 Coeus
1377 2733 1418 2765 et
1441 2730 1610 2779 Iapetus

879 2789 977 2822 sunt
1003 2797 1024 2822 e
1049 2784 1279 2834 Titanibus,
1319 2785 1429 2823 Coeli
1450 2792 1492 2823 ct
1507 2786 1609 2823 Ter-

877 2854 949 2880 rae
965 2843 1135 2881 soboles.
1184 2843 1216 2880 E
1236 2843 1360 2881 Terra
1380 2849 1420 2880 et
1436 2844 1608 2881 Tartaro

885 2900 1122 2952 Typhoeus,
1165 2900 1215 2938 de
1243 2914 1323 2951 quo
1352 2900 1437 2938 vid.
1472 2899 1609 2938 Theo-

878 2971 969 3009 gon.
1007 2960 1088 3000 821
1128 2963 1171 2996 et
1209 2956 1397 3010 Apollod.
1432 2957 1471 3006 Ι,
1503 2960 1542 3007 6,
1568 2960 1607 2999 3.

1213 3026 1327 3071 22*
