1734 3320
187 217 292 265 622

516 211 572 261 Ρ.
609 208 968 266 VIRGILII
1014 206 1394 258 MARONIS

190 347 358 397 Crura
380 342 571 407 thymo
597 337 817 406 plenae3
855 342 1148 402 pascuntur
1171 343 1224 384 et
1247 334 1433 384 arbuta
1453 335 1666 402 passim,
1727 327 1733 331 ’

186 419 256 468 Et
285 414 494 480 glaucas
523 410 732 472 salice5‚
783 406 1114 472 casiamque,
1161 421 1494 474 crocumque
1523 405 1725 457 ruben-

984 484 1097 526 tem
1111 515 1124 538 ‚

189 558 258 607 Et
281 554 543 622 pinguem
566 549 730 599 tiliam
746 588 758 611 ‚
799 555 851 596 et
874 543 1215 612 ferrugineos
1237 545 1568 611 hyacinthos,

193 625 465 678 Omnibus
492 638 600 672 una
636 619 788 686 quies
822 632 1079 685 operum,
1115 616 1270 666 labor
1297 617 1551 668 omnibus
1573 634 1727 671 unus

189 701 352 748 Mane
385 701 552 743 ruunt
582 690 779 758 portis3
826 704 1096 755 nusquam
1127 704 1307 739 mora:
1355 704 1566 753 rursu3,
1616 704 1730 738 eas-

990 757 1120 808 dem
1630 762 1730 812 185

192 841 403 903 Vesper
423 832 519 883 ubi
547 848 576 882 e
601 838 756 897 pastu
777 827 1003 879 tandem
1028 827 1298 879 decedere
1320 829 1520 896 campis

194 904 519 968 Admonuit,
556 910 675 951 tum
702 909 841 950 tecta
865 908 1081 966 petunt,
1118 908 1237 949 tum
1263 916 1492 967 corpora
1520 910 1731 965 curant3

192 979 277 1029 Fit
300 976 527 1036 sonum,
563 979 917 1037 mussantque
945 987 1064 1020 oras
1089 979 1142 1019 et
1167 970 1353 1020 limina
1379 971 1594 1023 circum.

193 1053 348 1111 Post,
384 1045 481 1096 ubi
506 1044 613 1093 iam
634 1041 883 1091 thalamis
906 1057 963 1090 se
989 1057 1355 1108 conposuere,
1394 1041 1581 1092 siletur

193 1122 258 1170 In
280 1126 528 1180 noctem,
551 1112 835 1180 fessosque
855 1128 1023 1178 sopor
1046 1128 1173 1162 suus
1199 1121 1426 1180 occupat
1451 1121 1607 1165 artus,
1633 1118 1732 1166 190

194 1193 308 1242 Nec
335 1203 466 1238 vero
493 1203 521 1236 a
545 1183 766 1235 stabulis
789 1183 970 1250 pluvia
995 1182 1332 1250 inpendente
1354 1183 1622 1235 recedunt

248 1331 317 1366 183
351 1329 480 1362 taliam
501 1327 591 1361 Gud.
620 1338 641 1359 a
666 1338 713 1360 m.
739 1337 794 1371 pr.

910 1323 979 1360 184
1005 1323 1232 1369 Distinguunt
1256 1325 1360 1359 multi
1387 1332 1473 1372 post
1504 1326 1619 1380 quies.
1661 1325 1733 1361 vid.

197 1378 320 1413 Heins.
352 1383 388 1409 et
407 1378 536 1418 Burm.‚
562 1373 659 1420 quod
687 1381 722 1407 et
744 1373 860 1419 ipsum
889 1372 977 1406 ferri
1002 1378 1137 1418 potest.
1187 1371 1294 1407 labor
1320 1372 1489 1408 omnibus
1517 1374 1614 1408 tdem
1640 1376 1734 1408 Rot-

198 1426 299 1460 tend.
319 1437 375 1470 pr.
393 1431 431 1457 ut
454 1425 586 1467 Georg.
603 1422 662 1463 111,
686 1420 769 1463 244,
796 1420 859 1454 sed
881 1426 917 1453 et
938 1433 970 1454 v.
1001 1421 1072 1456 212
1091 1433 1193 1454 mens
1215 1420 1380 1455 omnibus
1409 1433 1486 1455 una
1502 1429 1570 1455 est.

1667 1422 1734 1457 187

199 1475 287 1508 dum
310 1472 393 1506 edit.
415 1470 580 1505 Norimb.
608 1470 711 1514 (tunc
728 1469 766 1501 in
785 1467 915 1501 Medic.
940 1474 1079 1501 exstare
1101 1468 1149 1501 ait
1169 1469 1197 1501 F
1201 1468 1332 1514 oggin.‚
1357 1480 1430 1502 non
1449 1468 1584 1503 addens
1607 1475 1734 1512 tamen,

198 1527 281 1555 utro
301 1520 383 1553 loco
409 1518 459 1552 sic
483 1517 650 1563 scriptum
669 1516 856 1562 repererit,
882 1527 926 1548 an
945 1522 1116 1560 utroque;
1142 1515 1213 1549 vid.
1236 1518 1279 1558 Q.
1301 1518 1346 1551 V.
1364 1517 1487 1558 XXV,
1513 1515 1547 1557 5,
1568 1517 1604 1550 b.
1635 1517 1734 1562 Wr.)

196 1577 352 1616 pectora
375 1565 545 1599 Rottend.
574 1577 644 1598 sec.
671 1563 743 1598 vid.
769 1566 855 1597 Aen.
876 1564 977 1605 VIII,
1005 1564 1087 1598 607.

201 1624 334 1662 satque
350 1614 451 1647 Leid.
501 1613 643 1646 lumina
662 1611 717 1645 ed.
735 1611 897 1645 Norimb.

201 1663 311 1697 Goth.
331 1674 385 1708 pr.
435 1672 525 1695 suos
542 1672 654 1707 sopor
671 1660 765 1693 Ven.

201 1781 436 1834 intelligunt
479 1793 603 1832 opera
643 1779 696 1818 ad
724 1777 946 1817 munienda

204 1840 393 1880 alvearia.
430 1840 494 1879 W
496 1837 583 1892 cli.)
632 1838 814 1875 daedala
841 1845 946 1875 tecta

205 1914 229 1937 a
248 1897 437 1937 Lucretio
458 1895 595 1935 habet.
651 1898 744 1938 181.
759 1909 945 1946 pascun—

205 1967 291 2007 tur,
325 1956 572 2009 depascunt,
614 1960 664 1993 ut
684 1953 801 1992 verbi
826 1967 945 1992 usum

204 2015 381 2055 vidimus
421 2015 492 2052 Ge.
523 2012 598 2062 111,
630 2010 727 2054 314.
761 2012 818 2061 ΙΙ,
847 2011 944 2054 375.

204 2075 262 2112 De
283 2073 436 2112 arbutis
454 2086 493 2111 v.
512 2072 582 2110 Ge.
601 2070 667 2121 ΙΙΙ,
687 2073 784 2113 300.
805 2070 834 2120 Ι,
850 2068 946 2112 148.

203 2134 384 2185 glaucas
405 2132 549 2169 salices
565 2160 576 2180 ,
612 2130 682 2168 Ge.
704 2129 751 2175 H,
774 2131 839 2170 13.
872 2143 946 2166 ca·-

209 2193 316 2229 siam
332 2221 341 2239 ‚
375 2189 424 2239 ΙΙ,
447 2191 545 2230 213.
567 2190 772 2240 pinguem
793 2189 942 2236 tiliam,

208 2263 232 2287 a
250 2249 368 2287 melle
383 2248 532 2286 florum
551 2253 592 2284 et
611 2247 816 2296 foliorum,
835 2244 949 2298 quod

209 2307 442 2356 exsudant,
494 2305 639 2358 glutini
684 2319 806 2358 apum
850 2304 947 2342 ido—

208 2379 342 2405 neum.
369 2364 631 2417 ferrugineos
676 2363 917 2415 hyacinthos
931 2393 942 2411 ,

212 2425 308 2463 ah'as
328 2437 553 2475 pmpureos
568 2452 578 2470 ,
613 2423 803 2461 vaccinia
824 2423 947 2473 nigra

210 2483 296 2521 Ecl.
326 2482 373 2531 ΙΙ,
394 2483 459 2522 18.
519 2480 641 2519 Nobis
665 2481 757 2518 Zilia
769 2479 947 2531 floribus

211 2542 385 2592 reflexis,
419 2538 660 2576 Tiirkisclzer
680 2538 822 2586 Bund.
841 2538 944 2577 conf.

210 2597 388 2647 Martin„
402 2596 470 2648 qui
486 2596 699 2649 hyacinthi
717 2595 839 2635 hujus
852 2609 952 2650 poe-

211 2657 285 2696 tici
311 2657 483 2695 sormam
512 2654 711 2694 exhibuit.
757 2653 839 2708 (—-
858 2653 953 2697 185.

213 2723 334 2754 ruunt
347 2715 500 2766 portiS,
533 2719 673 2765 portas
694 2713 848 2765 agmine
887 2726 956 2751 re·-

213 2774 418 2825 linquunt.
430 2771 514 2810 Liv.
527 2771 693 2821 XXVII,
707 2770 775 2812 41.
788 2787 796 2809 :
818 2771 953 2822 „equi-

214 2839 276 2871 tes
322 2830 555 2884 peditesque
601 2830 787 2868 certatim
824 2829 954 2882 portis

215 2903 348 2929 ruere.
361 2891 385 2911 “
417 2885 598 2942 Jacobs.)

282 2950 378 2990 188.
417 2954 601 2984 mussant
623 2976 633 2995 ,
677 2951 950 2994 murmurant,

217 3007 423 3046 fremunt:
454 3003 539 3044 vid.
571 3003 625 3043 ad
650 3002 749 3043 Aen.
771 3003 844 3054 XI,
865 3001 952 3046 454

1185 1564 1252 1600 188
1278 1571 1499 1609 musantque
1519 1563 1603 1598 duo.
1652 1577 1734 1598 mu—

990 1612 1060 1646 190
1085 1622 1177 1644 suus
1196 1622 1308 1658 sopor
1321 1604 1470 1645 Mentel.
1487 1617 1572 1646 tert.
1594 1617 1632 1645 et
1646 1613 1734 1657 Reg.

826 1663 829 1670 “
861 1659 928 1694 191
954 1658 1155 1692 recludunt
1170 1658 1301 1693 Medic.
1319 1671 1405 1710 a-m.
1422 1670 1476 1704 pr.

995 1777 1106 1829 flent
1123 1778 1269 1815 maesti
1294 1785 1560 1830 mussantque
1582 1763 1734 1830 patres.

1009 1837 1103 1877 189.
1143 1835 1345 1884 thalami,
1405 1835 1610 1886 cubicula,
1661 1849 1734 1889 pro

1006 1893 1142 1931 alveis.
1185 1891 1398 1947 (Antiphil.
1425 1894 1498 1947 Ep.
1516 1897 1608 1937 29.:
1638 1910 1734 1947 ,,με-

1004 1954 1157 1992 λισσῶν
1208 1947 1453 2006 αὕτοπαγεῖς
1501 1950 1734 2006 θαλάμαι.“

1003 2009 1134 2048 Nicias
1154 2010 1224 2063 Ep.
1251 2013 1310 2052 7.:
1352 2008 1621 2066 ,,κηροπαγὴς
1651 2006 1734 2052 θά-

1003 2070 1180 2122 λαμος.“
1221 2067 1411 2123 Jacobs.)
1487 2071 1583 2112 190.
1622 2083 1734 2121 sopor

1005 2142 1103 2165 suus
1126 2157 1137 2177 ,
1191 2139 1243 2166 ex
1280 2141 1358 2166 usu
1404 2126 1526 2167 hujus
1564 2128 1734 2167 nominis

1005 2185 1188 2239 poetico,
1229 2184 1308 2224 illis
1337 2185 1496 2224 debitus
1527 2192 1569 2225 et
1588 2199 1734 2226 conve-

1005 2245 1141 2294 niens,
1172 2243 1320 2296 quippe
1337 2243 1476 2283 labore
1496 2243 1644 2285 diurno
1665 2259 1734 2298 pa·-

1003 2309 1132 2352 ratus,
1164 2308 1236 2341 aut
1253 2302 1329 2341 illis
1341 2302 1480 2342 solitus
1498 2308 1537 2341 et
1553 2303 1734 2343 usitatus.

1068 2363 1162 2403 191.
1180 2361 1478 2412 Convenienter
1497 2362 1633 2402 versui
1647 2360 1734 2405 149.

1009 2419 1091 2462 150
1123 2425 1351 2472 sequuntur
1372 2434 1483 2459 nunc
1508 2420 1584 2460 alia
1604 2421 1734 2473 singu-

1007 2478 1108 2518 laria
1125 2478 1292 2531 ingeniis
1311 2491 1433 2531 apum
1451 2478 1590 2518 insita:
1621 2492 1734 2533 prae-

1007 2536 1138 2576 sensio
1187 2537 1439 2589 tempestatis
1498 2537 1734 2590 ingruentis3

1008 2602 1100 2634 tum
1128 2608 1187 2634 vs.
1217 2597 1299 2637 197
1323 2594 1471 2633 sobolis
1492 2596 1595 2634 mira
1621 2609 1734 2648 repa-

1011 2653 1128 2693 ratio.
1173 2655 1266 2694 191.
1307 2651 1422 2691 Arat.
1452 2653 1622 2694 Diosem.
1656 2655 1734 2697 296

1012 2712 1119 2750 inter
1155 2711 1265 2763 signa
1311 2711 1451 2750 imbris
1498 2712 1722 2766 ingruentis

1017 2765 1114 2811 οὐδ’
1155 2766 1208 2809 ἂν
1249 2768 1315 2810 ἐπὶ
1362 2770 1515 2820 §aveat
1565 2767 1734 2826 μεγάλοι

1013 2830 1213 2882 χειμῶνος
1244 2823 1376 2877 ἰόντος
1415 2825 1583 2881 πρόσσω
1614 2824 1734 2882 ποιή-

1013 2899 1151 2928 σαιντο
1189 2883 1320 2939 νομόν
1365 2890 1510 2941 κηροῖο
1546 2886 1734 2941 μέλισσαι,

1011 2940 1106 2985 ἀλλ’
1126 2940 1254 2985 αὐτοῦ
1272 2940 1433 2998 μέλιτός
1453 2960 1494 2985 τε
1522 2944 1592 2987 καὶ
1624 2944 1734 3000 ἔργον.

1009 3002 1255 3044 εἱλίσσονται
1284 3000 1351 3057 (h.
1381 3000 1502 3055 κατοέ,
1542 3002 1637 3059 περὶ
1668 3000 1734 3057 μέ-
