1768 3320
211 286 278 333 32
465 278 801 328 SPOHNII
856 271 1476 326 PROLEGOMENA

214 425 243 456 e
273 406 433 457 Cassii
453 405 710 471 Brutique
736 403 913 470 copiis,
952 401 1041 468 qui
1061 398 1375 448 transierant
1396 396 1463 447 ad
1484 397 1727 463 ipsorum

213 478 381 541 signa,
421 491 610 524 omnes
635 474 971 535 dimiserunt,
1010 485 1209 535 eosque
1236 468 1289 517 in
1318 466 1526 518 Italiam
1545 465 1724 518 redire

214 548 492 596 iusserunt.

351 618 465 666 Iam
483 612 696 680 pridem
734 611 800 660 ad
826 608 1087 661 Mutinam
1128 622 1205 657 a0.
1235 611 1369 670 711„
1403 614 1465 656 ut
1494 604 1592 655 sibi
1627 606 1727 656 ob-

215 687 421 735 strictos
459 683 752 733 redderent
801 679 1034 729 militum
1089 677 1296 726 animos
1350 676 1594 743 (Appian.
1637 679 1727 741 IV,

217 762 304 821 3.]‚
342 753 643 803 octodecim
671 750 887 800 urbium
920 747 1162 814 (Appian.
1190 749 1253 811 V,
1288 752 1395 812 22.)
1430 746 1485 796 in
1512 743 1728 797 fertilis-

216 826 360 875 simis
386 824 563 874 Italiae
590 820 894 885 regionibus
924 819 1142 867 sitarum
1171 832 1324 882 agros
1349 815 1611 867 veteranis
1648 817 1730 867 di-

217 894 477 945 videndos
508 892 893 959 promiserunt,
937 903 1298 954 magnamque
1329 887 1589 955 pecuniae
1619 888 1730 938 vim

218 967 434 1031 insuper
462 960 871 1028 spoponderunt
898 958 1128 1022 singulis.
1199 960 1342 1023 Ergo
1375 966 1437 1007 ut
1464 957 1598 1007 haec
1625 958 1730 1008 mi-

219 1035 395 1085 litibus
426 1031 684 1082 divideret
721 1029 1061 1093 OctavianUS,
1120 1037 1174 1078 et
1218 1037 1279 1078 ut
1311 1027 1612 1095 Lepidum,
1657 1044 1729 1078 ne

220 1104 347 1172 quid
380 1104 420 1152 is
454 1102 758 1165 moliretur,
803 1100 1131 1164 observaret,
1182 1107 1235 1148 et
1265 1108 1450 1149 contra
1482 1100 1533 1150 S.
1563 1100 1730 1148 Pom-

217 1175 399 1242 peium
430 1181 631 1237 ageret,
677 1171 730 1220 in
770 1170 973 1220 Italiam
1018 1186 1097 1221 ao.
1140 1174 1257 1237 713.
1297 1171 1518 1220 ineunte
1554 1168 1727 1220 rediit.

219 1242 417 1309 (Virgil.
443 1259 519 1291 a0.
544 1250 638 1294 aet.
666 1246 771 1306 29.)

354 1313 487 1362 Hinc
518 1312 622 1361 iam
647 1310 874 1360 reduces
897 1326 925 1359 e
951 1309 1168 1360 Graecia
1186 1309 1424 1358 veterani
1448 1325 1548 1375 per
1565 1308 1730 1357 varias

216 1381 394 1432 Italiae
420 1382 665 1445 regiones
689 1379 983 1430 tumultum
1023 1379 1259 1444 agebant.
1341 1381 1404 1429 In
1445 1378 1528 1428 his
1563 1378 1731 1430 turbis

216 1455 388 1503 Musas
437 1451 638 1516 Virgilii
685 1468 785 1517 per
837 1459 1188 1500 auctumnum
1234 1451 1293 1502 ai.
1346 1455 1465 1502 712.
1512 1457 1566 1498 et
1614 1448 1731 1498 hie-

215 1538 362 1571 mem
383 1521 801 1589 subsequentem
822 1521 1160 1585 conticuisse,
1180 1536 1312 1570 vnon
1331 1528 1511 1587 potest
1530 1519 1732 1569 mirum

217 1591 396 1642 videri.
974 1596 977 1599 ’

356 1662 639 1725 Aggressus
693 1669 770 1709 est
819 1662 1010 1711 Caesar
1049 1661 1368 1711 Octavianus
1415 1658 1732 1710 divisionem

221 1745 493 1795 agrorum,
517 1747 650 1796 opus
670 1729 896 1780 invidiae
917 1730 1157 1797 plenum.
1217 1732 1382 1780 Erant
1400 1733 1633 1782 XXVIII.
1653 1730 1732 1779 le—

219 1800 463 1865 gionibus
485 1800 725 1849 coloniae
750 1801 1090 1865 assignandae
1105 1802 1514 1868 (Appian.V,6.).
1551 1803 1731 1864 Quum

220 1885 333 1919 non
367 1868 674 1919 sufficerent
706 1871 1008 1921 octodecim
1052 1871 1267 1921 illarum
1304 1870 1547 1936 urbium,
1595 1887 1732 1938 quae

221 1940 327 1989 iam
368 1949 518 1988 antea
564 1940 818 1990 militibus
869 1941 1159 1991 destinatae
1209 1940 1425 1991 fuerant
1447 1982 1460 2006 ‚
1520 1957 1732 2011 posses-

221 2010 397 2058 siones
423 2018 474 2058 et
498 2010 627 2074 agri,
667 2009 795 2060 aliae
818 2012 1037 2078 insuper
1062 2011 1225 2062 urbes
1257 2012 1311 2061 in
1331 2011 1479 2061 hunc
1510 2028 1732 2062 censum

224 2079 512 2144 adscriptae
535 2088 680 2139 sunt3
705 2098 888 2131 revera
912 2082 1288 2132 dividebantur
1304 2084 1535 2134 XXXIV.
1574 2090 1733 2148 atque

224 2149 277 2198 in
307 2149 548 2198 universa
576 2150 721 2200 Italia
758 2153 1000 2219 (Appian.
1038 2155 1101 2217 V,
1137 2157 1257 2217 22.).
1326 2154 1390 2202 In
1422 2151 1591 2202 Gallia
1620 2152 1733 2202 Cis—

227 2218 398 2285 alpina
429 2220 816 2271 Cremonenses
854 2232 942 2272 aut
975 2223 1199 2274 omnino
1236 2221 1495 2272 adversati
1521 2220 1735 2272 fuerant

226 2288 511 2338 Octaviano
561 2299 612 2338 et
664 2307 692 2339 e
727 2293 885 2342 Cassii
925 2293 1182 2360 Brutique
1235 2292 1473 2359 partibus
1523 2290 1736 2342 fuerant

225 2359 391 2421 (Serv.
422 2358 487 2406 ad
507 2358 615 2410 Ecl.
634 2361 719 2425 IX,
740 2368 869 2425 28),
907 2372 995 2412 aut
1024 2380 1137 2412 non
1167 2363 1423 2412 miserant
1443 2362 1734 2412 Octaviano
1765 2425 1768 2427 v

227 2427 477 2476 auxilium
514 2432 722 2496 (Pomp.
757 2432 874 2484 Sab.
905 2432 972 2481 ad
1000 2432 1109 2485 Ecl.
1135 2436 1230 2497 IX,
1267 2438 1396 2498 29.);
1446 2447 1573 2497 ergo
1605 2433 1735 2483 Cre-

224 2498 567 2547 monensium
622 2500 726 2564 agri
766 2501 1041 2555 distributi.
1126 2502 1235 2553 Sed
1282 2519 1354 2552 ne
1393 2502 1465 2551 sic
1512 2501 1736 2569 quidem

227 2564 437 2615 suffecit
474 2569 713 2634 (Appian.
734 2574 794 2635 V,
820 2577 947 2636 13.);
978 2582 1030 2622 et
1048 2572 1246 2622 milites
1268 2589 1390 2622 cum
1409 2570 1547 2621 fastu
1568 2580 1621 2622 et
1637 2587 1735 2638 pe—

226 2635 445 2685 tulantia
469 2638 763 2689 vicinorum
784 2656 933 2705 agros
958 2643 1293 2707 invadebant,
1313 2651 1366 2692 et
1382 2641 1551 2708 plura,
1573 2657 1732 2708 quam

228 2722 365 2772 quae
399 2716 545 2755 erant
574 2707 852 2775 adscripta,
895 2713 1198 2778 rapiebant,
1255 2712 1458 2778 optima
1488 2726 1735 2778 quaeque

227 2774 327 2824 sibi
348 2785 630 2827 sumentes
700 2782 1225 2845 Neque-Octavianus
1248 2781 1552 2848 impedivit3
1589 2796 1736 2830 sum-

227 2861 320 2895 mo
358 2845 500 2894 enim
523 2846 696 2895 studio
723 2847 1037 2899 dividendos
1060 2869 1209 2916 agros
1227 2859 1530 2918 susceperat
1558 2859 1611 2899 et
1631 2850 1736 2899 suis

231 2923 284 2964 et
314 2916 529 2964 Antonii
567 2918 824 2966 veteranis
871 2924 951 2981 (ut
990 2922 1087 2970 sibi
1130 2923 1413 2972 obstrictos
1455 2919 1735 2978 redderet3

227 2985 328 3033 Dio
364 2987 499 3036 Cass,
532 2986 638 3048 IIL,
675 2992 720 3037 6.
756 2996 807 3035 et
834 2990 1051 3054 Appian.
1077 2994 1137 3052 V,
1174 2996 1292 3057 40.)
1363 2994 1547 3058 Itaque
1583 2992 1737 3040 Man-
