1734 3320
167 219 271 267 380

506 217 562 266 P.
607 217 952 268 VIRGILII
995 186 1360 272 MARonis

164 341 232 393 Di
265 342 448 410 patrii,
485 342 784 409 IndigeteS,
823 353 876 394 et
903 346 1169 412 Romule,
1207 349 1479 415 Vestaque
1511 358 1698 414 mater,

238 441 354 490 498.
388 451 574 487 Pur-11
609 438 648 490 Ι.

212 555 284 591 498
309 556 360 590 Di
368 556 498 602 patrii,
523 555 726 603 Indigetes,
751 555 923 602 distingui
944 564 1076 602 potest.
1111 557 1182 591 vid.
1200 559 1288 592 Not.
1314 558 1378 604 (ita
1398 558 1560 594 distinxit
1576 561 1699 596 Wun-

165 602 378 644 derlichius3
415 609 451 636 et
467 615 551 636 sane
569 603 618 636 ita
638 603 927 648 distinguendum
943 605 1103 646 videtur;
1136 606 1180 638 ad
1200 605 1299 650 prius
1319 606 1412 640 enim
1429 619 1558 641 nomen
1579 608 1697 652 perti-

164 656 228 684 net
253 651 408 692 Vestae,
445 650 490 683 ad
519 650 671 684 alterum
701 651 844 684 Romuli
872 651 1171 686 commemoratio.
1210 652 1282 686 vid.
1309 655 1352 695 Q.
1376 655 1421 688 V.
1446 655 1631 698 XXXIII,
1663 656 1697 691 6.

170 697 268 744 Wr.)
313 698 522 744 Indigenae
544 697 599 731 ed.
619 698 710 732 Ven.
759 699 811 731 Di
827 701 978 745 patriae
994 699 1159 732 Heinsius
1179 699 1345 734 maluisse
1359 701 1486 735 fertur.

163 793 304 848 primis
326 792 549 832 Claudiano
566 792 669 831 XXI
690 790 758 846 (de
773 793 902 832 Laud.

165 853 289 892 Stilic.
327 850 392 906 Ι),
448 849 722 893 134—137.
803 852 902 894 497.

168 910 359 950 Grandia
380 915 472 948 ossa
500 908 552 947 ad
572 922 829 948 communem
851 909 902 948 de

163 969 292 1009 vastis
328 968 557 1021 priscorum
603 966 818 1006 hominum
860 974 901 1007 et

162 1026 337 1067 heroum
384 1025 624 1079 corporibus
670 1026 901 1078 opinionem

162 1086 371 1140 praeclare
395 1084 528 1135 dixit3
560 1084 665 1123 conf.
691 1083 791 1124 Aen.
810 1085 901 1136 XII,

163 1146 262 1187 899.
291 1146 390 1186 900.
450 1143 553 1182 Cum
571 1143 614 1181 in
635 1142 724 1181 istis
741 1143 902 1196 praeliis

161 1201 368 1242 fortissimi
410 1200 595 1240 homines
641 1201 900 1253 cecidissent,

160 1260 400 1314 posteritas,
441 1273 543 1313 quae
576 1266 772 1313 corrupto
802 1259 901 1299 huic

162 1326 202 1358 et
228 1319 434 1371 decrepito
474 1318 634 1357 saeculo
666 1332 901 1359 successura

162 1384 252 1428 est,
294 1377 436 1416 eodem
468 1377 592 1416 modo
629 1376 780 1416 horum
811 1392 900 1416 ossa

160 1436 389 1486 mirabitur,
410 1441 460 1474 ut
478 1450 552 1475 nos
571 1435 801 1489 priscorum
818 1436 900 1475 ho-

160 1495 329 1535 minum.
380 1494 530 1533 Debuit
552 1500 686 1533 autem
703 1494 795 1545 hoc,
818 1495 900 1534 iam

159 1553 339 1593 Maronis
359 1553 631 1606 temporibus,
662 1567 779 1606 saepe
798 1567 899 1592 con-

159 1613 338 1665 tingere,
369 1618 419 1651 ut
438 1618 550 1651 terra
577 1618 695 1651 eruta
717 1618 899 1651 aratores

159 1671 204 1710 in
221 1685 365 1723 magna
384 1684 471 1709 ossa
486 1671 638 1709 fossilia
650 1671 899 1711 inciderent:

161 1743 286 1782 quae,
319 1743 413 1768 cum
431 1729 660 1768 belluarum
683 1743 735 1768 ex
755 1730 897 1782 priscis

159 1788 318 1827 telluris
339 1787 470 1826 ruinis
490 1794 641 1837 essent,
673 1788 726 1826 ad
743 1788 897 1840 priscos

160 1853 298 1886 tamen
326 1845 509 1884 homines
543 1860 590 1884 ac
621 1846 798 1898 gigantes
828 1859 898 1885 re-

159 1906 378 1944 ferrentur.
419 1904 601 1943 Debuere
618 1917 791 1956 quoque,
807 1910 899 1957 post

158 1969 277 2002 tanta
301 1963 440 2002 Italiae
471 1963 598 2012 bella,
646 1976 763 2015 saepe
795 1963 897 2015 agris

158 2022 280 2061 motis
307 2021 352 2060 in
379 2021 468 2059 loca
503 2035 732 2074 pugnarum
765 2022 898 2060 sacta-

159 2094 254 2120 rum
292 2079 472 2119 incidere
511 2079 695 2118 homines
731 2086 773 2118 et
807 2094 897 2119 ossa

161 2153 255 2178 cum
292 2139 415 2177 armis
456 2138 660 2191 permixta
696 2139 895 2190 reperire:

159 2197 272 2249 quod
288 2197 484 2236 miramur
505 2197 655 2236 nostris
681 2197 895 2247 aetatibus,

157 2262 252 2309 post
289 2262 375 2294 tam
412 2269 629 2294 numerosa
672 2256 824 2308 praelia
857 2261 896 2294 et

157 2314 300 2353 caedes
334 2314 482 2364 saetas,
527 2316 660 2353 rarius
688 2314 798 2364 fieri,
846 2320 896 2353 ut

159 2386 271 2411 arma
297 2373 481 2411 Romana
503 2373 625 2412 terris
650 2372 800 2411 effossis
825 2386 895 2411 re-

156 2431 381 2484 periantur.

215 2545 313 2589 498.
350 2548 431 2585 Dii
450 2549 584 2597 patrii
621 2553 663 2585 et
686 2548 894 2599 Indigetes

157 2605 208 2644 ab
231 2605 316 2644 aliis
341 2619 417 2657 pro
437 2605 599 2655 iisdem,
632 2606 682 2643 ab
710 2606 795 2644 aliis
815 2620 891 2658 pro

158 2664 325 2703 diversis
348 2662 565 2702 habentur.
605 2664 688 2702 vid.
708 2664 891 2714 Cerdam,

155 2722 362 2771 Ruaeum,
391 2721 617 2759 Martinum
638 2727 678 2759 et
698 2721 891 2762 Thesaur.

155 2780 198 2820 L.
228 2781 271 2819 L.
314 2777 486 2833 (quibus
523 2779 628 2816 adde
668 2780 714 2818 G.
744 2781 891 2818 Kortte

156 2840 254 2878 Tres
266 2837 494 2876 Dissertatt.
517 2837 626 2876 critt.
649 2837 698 2876 de
717 2851 795 2876 usu
810 2838 892 2876 Or-

155 2895 370 2949 thograph.
393 2897 479 2934 Lat.
500 2895 566 2944 111,
591 2895 629 2937 5.
660 2893 778 2950 VVJ.)
810 2896 892 2934 Nec

155 2956 305 2994 mirum
321 2954 420 3005 hoc,
451 2967 526 3006 pro
546 2953 661 2992 varia
681 2954 891 2993 nominum

154 3026 373 3065 rerumque
395 3012 638 3065 acceptione.
686 3011 828 3063 Itaque
847 3012 891 3050 in

154 3071 235 3111 hoc
255 3071 385 3111 otium
407 3083 642 3110 consumere
661 3070 798 3110 nolim.
855 3069 890 3108 A

960 794 1090 847 poetis
1108 795 1243 847 minus
1260 801 1401 836 severa
1426 796 1632 849 diligentia
1654 797 1699 836 in

960 851 1023 891 his
1048 853 1285 905 requiritur.
1344 855 1423 894 Pro
1450 854 1593 895 iisdem
1619 854 1698 894 ha-

959 911 1030 950 be't
1057 911 1177 950 etiam
1208 913 1402 964 Spencius
1417 943 1428 964 ,
1478 919 1520 952 et
1545 913 1697 964 Iovem,

958 970 1168 1020 Iunonem,
1188 984 1235 1009 ac
1253 970 1481 1011 Minervam
1499 971 1698 1024 designari

958 1034 1079 1081 putat
1099 1029 1295 1082 Polymet.
1318 1043 1358 1083 p.
1383 1030 1480 1073 315.
1521 1030 1698 1070 Possunt

960 1092 1099 1126 tamen
1125 1100 1176 1125 ex
1206 1094 1350 1140 poetae
1387 1088 1521 1126 animo
1549 1087 1696 1127 distin-

959 1146 1121 1197 guenda
1139 1145 1272 1185 videri
1297 1146 1487 1197 numina,
1517 1146 1551 1185 si
1574 1146 1695 1187 Ovid.

957 1203 1095 1243 locum
1128 1204 1223 1243 Met.
1257 1205 1356 1255 XV,
1390 1207 1471 1247 861
1506 1218 1564 1256 sq.
1576 1235 1587 1255 ,
1626 1205 1696 1257 qui

957 1261 1054 1301 inde
1073 1276 1285 1316 expressus
1301 1269 1373 1313 est,
1387 1262 1588 1316 respicias.
1615 1264 1698 1302 Dii

957 1321 1165 1373 Indigetes
1192 1327 1290 1360 sunt
1307 1317 1502 1377 ἐγχώριοι.
1560 1321 1624 1360 Ex
1646 1321 1694 1361 iis

957 1377 1114 1417 Aeneas
1142 1386 1246 1418 erat:
1278 1379 1361 1420 vid.
1382 1380 1468 1419 Liv.
1489 1379 1518 1429 I,
1539 1382 1566 1421 2
1587 1385 1693 1419 extr.

958 1437 1105 1477 Tibull.
1123 1437 1172 1488 ΙΙ,
1194 1438 1233 1488 5,
1254 1436 1323 1480 46.
1364 1437 1461 1477 Aen.
1484 1437 1574 1488 XII,
1596 1436 1693 1480 794.

955 1496 1069 1535 Idem
1108 1496 1261 1537 Aeneas
1297 1496 1392 1535 deos
1424 1498 1600 1548 patrios,
1623 1509 1695 1535 seu

955 1556 1131 1593 Penates
1161 1569 1184 1593 a
1211 1555 1333 1594 Troia
1360 1555 1403 1594 in
1431 1554 1591 1593 Latium
1617 1554 1693 1592 ad-

956 1620 1139 1652 vexerat.
1181 1611 1282 1668 (vid.
1307 1613 1403 1653 Var.
1425 1613 1534 1652 Lect.
1570 1611 1691 1667 Wr.)

958 1671 1054 1714 500.
1077 1675 1275 1722 iuvenem,
1298 1678 1347 1710 ut
1364 1671 1447 1710 Ecl.
1468 1672 1497 1722 I,
1516 1670 1585 1721 43,
1606 1671 1693 1709 Ro-

956 1730 1067 1768 mani
1081 1730 1275 1769 sermonis
1298 1736 1398 1768 noto
1419 1743 1499 1768 usu
1516 1728 1693 1782 appellat

957 1788 1228 1828 Octavianum
1241 1789 1462 1838 Caesarem,
1478 1794 1569 1827 tum
1586 1788 1691 1826 eirca

956 1846 1113 1886 XXVII
1131 1861 1283 1886 annum
1305 1852 1499 1899 agentem.
1547 1846 1691 1884 Saeclo

959 1902 1024 1957 (ut
1049 1918 1089 1944 v.
1119 1903 1221 1958 468)
1254 1919 1385 1943 everso
1412 1904 1538 1954 dixit,
1578 1902 1692 1957 qhod

954 1963 998 2002 in
1019 1977 1159 2016 prosa,
1190 1962 1305 2001 rebus
1325 1962 1498 2015 perditis
1527 1977 1690 2001 succur-

953 2036 1035 2060 rere
1050 2038 1061 2059 .·
1102 2028 1152 2060 ut
1179 2035 1360 2060 eversum
1381 2022 1597 2072 imperium
1613 2033 1689 2073 pro

952 2080 1208 2130 labefactato,
1230 2079 1282 2117 ad
1301 2079 1516 2118 interitum
1529 2085 1688 2118 ruente.

953 2152 993 2177 v.
1020 2139 1171 2177 Duker.
1195 2138 1247 2176 ad
1262 2138 1348 2177 Liv.
1365 2138 1507 2187 XXX,
1542 2139 1618 2187 16,
1649 2140 1688 2179 6.

953 2197 1142 2235 Ceterum
1178 2196 1375 2235 nonnulla
1403 2196 1448 2234 in
1481 2195 1689 2246 sequenti-

951 2255 1027 2294 bus
1056 2261 1174 2305 sunt,
1224 2267 1328 2307 quae
1358 2255 1476 2293 sorte·
1495 2253 1688 2292 Romanis

952 2313 1077 2366 magis
1098 2313 1264 2366 probari
1284 2318 1532 2365 potuerunt,
1565 2326 1588 2350 a
1608 2325 1688 2350 no-

949 2372 1011 2411 bis
1040 2372 1226 2410 excusari
1251 2373 1355 2410 sorte
1380 2371 1476 2410 satis
1503 2376 1583 2422 est3
1614 2370 1688 2409 etsi

953 2431 1160 2469 declarare
1201 2430 1399 2469 videntur
1415 2460 1427 2478 ,
1473 2429 1554 2467 iam
1596 2435 1687 2467 tum

949 2495 1093 2541 poetae
1121 2488 1253 2527 animo
1284 2487 1476 2526 insedisse
1498 2485 1687 2526 Aeneidis

952 2553 1255 2599 argumentum,
1286 2551 1335 2584 ut
1362 2559 1385 2583 a
1407 2544 1590 2584 Troianis
1616 2558 1686 2584 re-

948 2605 1024 2643 bus
1063 2606 1146 2643 sata
1185 2605 1465 2643 Romanorum
1511 2609 1606 2656 apta
1645 2610 1686 2642 et

949 2676 1055 2701 nexa
1075 2663 1237 2711 faceret,
1262 2661 1554 2700 Laomedontis
1575 2668 1684 2700 certe

942 2722 1127 2772 periuria
1159 2720 1278 2758 nimis
1310 2720 1427 2773 longe
1459 2720 1587 2773 petita
1617 2720 1684 2759 vi-

951 2778 1037 2817 deri
1065 2784 1260 2831 possunt;
1289 2792 1364 2817 nec
1390 2778 1684 2817 sententiarum

951 2836 1172 2875 admodum
1191 2836 1427 2876 commodus
1445 2843 1486 2875 et
1509 2842 1683 2876 natura-

948 2895 997 2934 lis
1027 2895 1128 2933 ordo
1158 2901 1198 2933 et
1223 2895 1417 2934 iunctura
1446 2908 1541 2934 esse.
1602 2894 1682 2934 Ve-
1716 2919 1722 2922 -

947 2967 1042 2993 rum
1061 2953 1110 2991 de
1120 2954 1398 2993 Romanorum
1417 2967 1536 2993 sensu
1557 2966 1683 3005 quae-

947 3012 1123 3051 rendum
1159 3018 1247 3051 erat
1266 3043 1277 3062 ,
1320 3026 1405 3050 non
1440 3011 1490 3050 de
1525 3017 1680 3050 nostro.

948 3070 1107 3110 Scilicet
1131 3084 1275 3123 magna
1311 3070 1444 3122 aliqua
1475 3069 1680 3109 calamitas
