1734 3320
222 220 882 290 otolssffleeffmss.
913 230 993 294 11,Δ
1027 235 1323 283 270-277
1370 236 1374 242 ·
1431 235 1531 284 441

5 363 190 414 'Densa
202 376 346 422 sere3
368 360 425 410 in
441 357 613 409 denso
628 373 743 408 non
757 356 974 422 segnior
985 355 1156 405 ubere
1166 356 1418 408 Bacchus.
1432 355 1497 411 27
1502 361 1535 410 5

13 432 110 483 Sin
131 429 349 482 tumulis
372 428 573 479 adclive
596 426 776 477 solum
799 425 1057 493 collisque
1081 426 1327 492 supinos:

10 500 241 566 Indulge
265 498 570 563 ordinihm,
606 514 709 548 nec
734 496 906 547 secius
933 496 1139 561 omnis,
1174 495 1230 546 in
1254 510 1496 560 unguem

82 604 201 654 2¹77.
238 612 539 649 mmmmm.
573 599 689 648 Nnc
763 609 928 645 omns
951 610 1007 644 m

57 739 131 776 275
155 738 336 773 Bacchum
357 737 467 772 Goth.
489 749 546 784 pr.
640 737 711 773 276
734 734 883 770 adcline
899 734 1029 769 Medic.
1049 748 1071 769 a
1098 747 1145 769 m.
1175 747 1250 782 pn,
1283 747 1349 769 nec
1367 740 1486 768 tamen
1517 745 1538 767 a

10 786 188 832 fogginio
216 792 392 820 notatum.
426 786 579 831 (Nempe
606 784 781 830 Fogginio
809 788 905 816 teste
931 788 969 816 et
996 782 1189 828 Freytagio
1216 783 1333 817 aclive
1360 788 1476 816 exstat
1499 780 1539 814 iu

9 833 202 875 mediceo,
220 833 247 867 d
261 831 513 879 superscripta.
543 831 639 875 Wr.)
696 831 847 865 humilis
870 829 965 862 idem
991 842 1013 863 a
1037 842 1084 863 m.
1112 842 1165 876 pr.
1209 830 1378 877 proclive
1406 830 1536 863 Moret.

10 886 126 928 quart.
173 881 300 927 supini
316 879 454 914 Nonius
472 879 510 913 in
526 879 744 925 indulgere,
778 884 816 910 et
843 876 1028 918 Parrhas.;
1056 883 1093 910 et
1116 883 1239 923 potest
1264 875 1420 910 defendi.
1467 876 1540 919 Qui

9 927 165 963 tumulis
183 927 293 961 Goth.
312 939 382 961 sec.
475 928 548 962 277
571 927 689 959 setius
704 924 831 958 Medic.
854 924 966 966 Gud.,
998 931 1149 970 uterque
1176 924 1324 958 Mentel.
1343 923 1417 958 Erf-
1444 936 1467 957 a
1490 934 1536 956 m.

9 986 66 1022 pr.
91 980 129 1008 et
146 973 220 1008 alii.
253 975 408 1022 segnius
421 973 594 1008 Rottend.
619 979 655 1006 et
673 984 761 1005 unus
776 971 914 1005 Bodlei.
935 983 1013 1005 cum
1028 971 1102 1005 Erf.
1119 983 1140 1006 a
1164 984 1210 1005 m.
1227 983 1310 1013 sec„
1344 970 1452 1005 solita
1470 982 1538 1003 va-

9 1021 178 1056 riatione.
226 1023 348 1055 serius
368 1020 535 1055 Arundel.
581 1020 635 1053 De
662 1026 840 1066 perpetua
872 1018 910 1051 in
936 1018 1004 1052 hac
1034 1030 1122 1052 voce
1152 1017 1325 1053 varietate
1358 1016 1539 1052 scribendi

9 1068 84 1103 nid.
98 1068 225 1102 Heius.
253 1067 425 1110 ad‚0vid.
451 1069 538 1101 Met.
558 1068 601 1109 11,
625 1067 707 1102 809.
733 1066 798 1099 inf.
831 1068 918 1099 Aen.
946 1066 1020 1107 lx,
1044 1063 1127 1101 441.
1150 1067 1196 1108 V,
1221 1066 1302 1101 862.
1350 1064 1538 1111 Antiquior

10 1114 65 1149 uti
91 1127 135 1149 ue
157 1121 212 1149 est
228 1114 404 1161 scriptura
429 1117 548 1149 setius
577 1120 615 1147 et
643 1115 773 1147 secius.
821 1116 853 1146 A
869 1114 1020 1158 sequius
1044 1119 1164 1146 tamen
1182 1112 1241 1146 vel
1266 1124 1373 1146 secus
1395 1113 1538 1154 ducere,

13 1174 58 1208 sy
108 1162 177 1196 bae
191 1161 328 1208 primae
350 1161 527 1208 quantitas
546 1167 656 1194 vetat.
703 1161 795 1194 Puto
816 1161 936 1193 secius
959 1172 979 1192 a
994 1172 1054 1201 se,
1078 1171 1146 1205 pro
1166 1159 1253 1202 sine,
1278 1160 1420 1193 ductum
1438 1171 1537 1199 esse;

14 1216 52 1244 et
70 1209 262 1243 formatmn
277 1215 328 1251 ut,
352 1208 461 1242 ocius.
508 1207 581 1242 Alii
602 1207 639 1241 in
666 1219 764 1253 seqq.
783 1206 1006 1251 distinguunt
1032 1213 1069 1240 et
1091 1206 1347 1253 interpungunt
1368 1207 1438 1240 hoc
1456 1218 1539 1240 mo-

11 1255 84 1291 do:
107 1255 189 1291 Nec
204 1257 326 1290 secius
347 1275 393 1281 -
409 1255 584 1302 quadret:
616 1257 666 1289 Ut
682 1266 793 1301 saepe
811 1274 857 1279 —
875 1255 983 1287 Mars
997 1262 1101 1287 errat
1120 1255 1160 1288 in
1185 1255 1307 1287 armis.
1341 1254 1472 1288 Omnia
1490 1273 1537 1279 —

12 1309 54 1338 ut
75 1302 124 1337 sit
141 1315 211 1337 nec
229 1304 350 1336 secius
368 1311 410 1336 ut
426 1314 494 1349 pro
510 1315 586 1337 non
607 1314 714 1336 secus
732 1314 795 1335 ac:
830 1301 902 1334 sint
922 1301 1067 1334 arbores
1086 1300 1124 1334 in
1141 1301 1369 1346 quincuncem
1383 1301 1538 1347 positae,

11 1356 54 1384 ut
81 1349 179 1395 legio
205 1349 416 1383 cohortibus
442 1362 509 1396 per
536 1348 733 1395 manipulos
762 1347 957 1394 dispositis.
991 1348 1183 1393 (Heyniust
1210 1347 1413 1382 ordinibus,
1459 1348 1540 1382 Nec

15 1398 138 1432 seciam
167 1397 285 1430 onmis
310 1398 348 1430 in
377 1416 423 1422 —
441 1417 487 1422 —
511 1398 649 1451 positis
679 1404 779 1430 secto
806 1402 873 1429 etc.
921 1395 1027 1428 Haud
1046 1395 1135 1429 levis
1156 1395 1215 1429 hic
1242 1395 1347 1428 nobis
1369 1394 1539 1429 obiicitur

13 1443 222 1486 difficultas,
245 1443 358 1477 multo
378 1443 442 1478 illa
464 1444 606 1490 qmdem
626 1442 790 1488 gravior,
816 1454 919 1488 quam
938 1442 1015 1476 visa
1038 1449 1094 1475 est
1114 1442 1355 1489 superioribus
1384 1441 1539 1476 editori-

12 1491 91 1526 bus.
138 1491 367 1525 Now-secius
382 1491 479 1524 idem
497 1491 595 1532 fere,
620 1490 716 1536 quod
731 1502 806 1523 non
828 1491 959 1523 minus.
1006 1489 1098 1524 Huic
1124 1503 1198 1524 non
1232 1490 1353 1523 secius
1379 1501 1456 1523 eam
1478 1490 1539 1523 iu-

13 1538 157 1572 tei-dum
189 1537 328 1580 inesse,
378 1550 481 1584 quam
509 1537 546 1571 h.
570 1537 597 1571 l.
626 1537 700 1571 vult
729 1536 766 1569 in
796 1538 884 1570 Not.
910 1536 1091 1582 Heynius,
1124 1536 1416 1582 significationem
1440 1538 1537 1579 item,

16 1587 152 1628 etiam,
182 1596 256 1618 non
286 1596 390 1629 nego.
437 1587 573 1619 Verum
597 1584 688 1618 haec
723 1590 804 1617 sunt
830 1584 1045 1618 transeuntis
1074 1584 1119 1617 ad
1146 1584 1228 1618 alia.
1275 1584 1347 1618 Sed
1361 1583 1436 1618 tale
1454 1584 1539 1630 quid

13 1632 157 1666 minime
174 1631 341 1665 convenit
363 1631 446 1666 huic
468 1632 549 1666 loco
565 1658 574 1673 ,
598 1631 660 1665 ubi
684 1642 757 1664 non
779 1642 909 1664 novum
935 1631 1021 1677 quid
1039 1631 1205 1674 affertur,
1238 1631 1304 1664 sed
1330 1630 1538 1674 illustratur,

16 1679 112 1725 quod
128 1677 236 1712 modo
254 1685 515 1725 praecesserat,
539 1679 696 1726 indulge
711 1676 913 1712 ordinibus.
961 1678 1129 1720 Vossius,
1165 1690 1268 1724 quem
1290 1677 1388 1711 Iahu.
1415 1678 1539 1724 sequi-

14 1732 95 1769 tur,
117 1725 258 1760 leniore
276 1732 362 1772 post
379 1726 525 1760 verbum
542 1726 720 1772 quadret,
753 1725 859 1770 plena
879 1732 996 1758 autem
1022 1724 1059 1759 iu
1078 1725 1147 1758 fine
1167 1738 1218 1759 vs.
1237 1725 1319 1760 283.
1346 1724 1539 1771 interpun—

16 1772 137 1808 ctione
163 1772 323 1819 posita,¹
341 1772 455 1819 iungit
480 1773 560 1807 Nec
589 1774 827 1807 secius—ut.
876 1772 947 1806 Sed
967 1772 1129 1818 exempla
1151 1773 1196 1806 ab
1219 1771 1284 1805 illo
1302 1772 1448 1806 laudata
1463 1785 1539 1807 rem

14 1819 160 1854 minime
180 1819 380 1854 conficiunt.
427 1821 520 1854 Nam
542 1832 649 1853 secus·
663 1838 708 1844 ——
731 1827 792 1860 ut,
829 1819 926 1864 quod
944 1831 987 1852 ex
1006 1820 1133 1853 Horat.
1157 1819 1223 1853 od.
1243 1820 1303 1861 III,
1326 1820 1385 1862 25,
1410 1821 1538 1856 8—-12-

8 1866 140 1910 affert,
172 1879 193 1900 a
212 1866 374 1901 Bentleio
396 1879 415 1901 e
437 1867 540 1901 codd.
561 1867 599 1900 in
616 1879 723 1900 secus
742 1885 788 1890 ——
806 1879 851 1899 ac
868 1872 1034 1900 mutatur.
1084 1866 1191 1908 Quod
1218 1873 1334 1900 autem
1364 1878 1384 1900 e
1410 1867 1538 1901 Plauto

16 1913 112 1948 idem
140 1913 274 1957 egcitat
296 1916 445 1962 pariter
461 1934 506 1939 —
529 1923 589 1957 ut,
632 1913 943 1947 demonstrandum
971 1919 1069 1955 erat,
1116 1913 1225 1947 etiam
1255 1925 1383 1947 aureae
1410 1914 1539 1948 aetatis

16 1961 211 2008 set-iptoroe
241 1960 294 1995 sic
322 1961 461 1996 locutos
489 1973 576 1995 esse.
624 1960 706 1994 Plus
734 1960 870 1994 habent
893 1960 1064 2006 ponderis
1090 1960 1249 2006 exempla
1280 1973 1301 1994 a
1334 1961 1468 1995 Bachio
1493 1961 1541 1995 ad

17 2007 152 2042 Tibnn.
169 2008 240 2049 Iv,
266 2009 330 2051 12,
353 2009 388 2044 2.
413 2008 540 2051 allata,
572 2009 699 2041 Horat.
725 2007 790 2041 Od.
816 2008 843 2050 1,
867 2009 925 2051 16,
948 2009 1071 2043 7-9.:
1107 2008 1223 2049 „Non
1248 2007 1359 2041 Liber
1393 2020 1539 2054 aeque

18 2075 121 2081 ——
141 2054 280 2088 Tristes
304 2061 354 2089 ut
377 2058 516 2089 curae.“

563 2054 653 2088 Plin.
670 2054 784 2101 Epist.
799 2055 827 2095 1,
851 2056 911 2096 20,
938 2057 988 2090 1.:
1013 2054 1094 2097 „eui
1114 2054 1206 2087 nihil
1230 2067 1374 2100 aeque
1397 2055 1435 2088 in
1453 2068 1540 2089 cau-

18 2101 68 2136 sis
89 2101 255 2147 agendis,
280 2108 331 2135 ut
352 2102 508 2137 brevitas
530 2093 683 2147 plecetf‘
731 2103 778 2135 At
799 2101 829 2134 si
845 2102 994 2146 probum
1015 2114 1130 2148 aeque
1147 2121 1191 2126 -—
1216 2110 1279 2143 ut,
1303 2114 1468 2144 secus—
1488 2111 1539 2145 ut,

14 2151 162 2197 pariter
173 2167 217 2173 —-
229 2156 284 2191 ut,
302 2161 387 2182 num
403 2149 487 2182 inde
508 2148 746 2194 consequitur,
771 2148 879 2182 etiam
892 2150 1012 2182 secius
1023 2168 1068 2174 —
1079 2157 1122 2182 ut
1138 2148 1303 2182 Latinum
1318 2148 1422 2183 esse?
1451 2149 1540 2183 Cre·-

18 2255 181 2295 vineam
195 2254 305 2304 sacis,
327 2254 483 2305 denses,
500 2254 563 2302 sin
578 2254 624 2293 iu
638 2254 751 2303 colle,

19 2327 135 2352 raras
162 2313 349 2365 plantato
378 2313 494 2352 vites.
552 2312 601 2351 In
627 2325 751 2364 prae-

21 2377 141 2424 cepto
149 2369 231 2410 hoc
242 2371 406 2410 variant
424 2370 660 2423 scriptores:
682 2369 752 2421 qui
778 2379 794 2388 ²

18 2428 96 2468 hos
140 2429 348 2468 consulere
385 2428 586 2478 voluerit,
635 2427 754 2466 adeat

19 2487 169 2527 Natam
189 2487 341 2526 Cerdae
360 2487 412 2526 ad
439 2487 537 2530 275.
597 2488 755 2524 Metari

21 2559 176 2596 agros,
216 2545 416 2596 finiendo,
456 2544 499 2583 h.
533 2543 562 2583 l.
601 2543 652 2582 de
686 2557 753 2594 eo,

22 2603 135 2656 quod
151 2604 423 2656 consequitur,
438 2602 628 2655 intellige,
637 2615 755 2641 nem-

21 2674 74 2715 pe
115 2661 276 2700 vineam
320 2662 553 2710 instituere,
610 2661 753 2699 facere.

21 2718 121 2761 275.
142 2718 254 2757 Haec
270 2726 343 2758 aut
353 2720 410 2758 sic
423 2719 548 2771 accipi
565 2725 754 2771 possunt:

23 2778 69 2814 in
83 2776 205 2814 denso
227 2776 342 2815 ubere
379 2775 437 2832 (v.
454 2775 558 2831 234)
588 2791 670 2815 non
688 2791 754 2815 se-

20 2835 145 2886 gnior
167 2834 363 2873 Bacchus
399 2844 456 2873 est
471 2850 488 2882 ;
527 2833 569 2873 h.
594 2835 640 2873 in
666 2835 752 2874 solo

23 2892 151 2930 denso
182 2889 250 2944 (cf.
276 2890 379 2945 229)
418 2892 504 2932 vini
521 2907 604 2931 non
619 2893 752 2933 minus

21 2950 155 2989 laetus
194 2955 419 3001 proventus
438 2979 449 2998 ,
503 2950 660 2989 etiamsi
685 2951 752 2989 ni-

22 3007 173 3047 mirum
198 3007 350 3056 densa,
386 3005 428 3045 h.
452 3006 595 3057 dense,
631 3008 753 3060 plan-

807 2259 888 2292 tes:
926 2260 1020 2304 aut,
1061 2256 1105 2293 in
1132 2254 1278 2304 denso,
1312 2253 1356 2295 h.
1381 2268 1415 2295 e.
1434 2270 1539 2306 cum,

807 2312 1032 2351 minoribus
1063 2313 1203 2366 spatiis
1219 2314 1392 2363 relictis,
1438 2314 1541 2354 den-

810 2384 877 2408 sae
910 2377 1124 2423 ponuntur
1162 2372 1264 2410 vites
1285 2402 1297 2421 ,
1344 2373 1542 2411 Bacchus

809 2443 890 2467 non
919 2431 1082 2480 segnior
1108 2428 1223 2467 ubere
1237 2460 1248 2479 ,
1287 2429 1329 2469 h.
1354 2430 1542 2469 ubertate

810 2493 894 2536 est,
932 2487 1016 2526 scil.
1044 2487 1079 2526 si
1106 2487 1151 2525 in
1188 2488 1329 2540 pingui
1358 2489 1443 2527 solo
1475 2489 1543 2528 vi-

809 2558 928 2583 neam
947 2544 1059 2584 facis.
1103 2544 1290 2585 Alterum
1307 2545 1389 2585 hoc
1406 2547 1542 2586 verius

809 2602 1054 2642 habendum.
1113 2602 1170 2642 At
1196 2606 1240 2642 in
1269 2605 1395 2643 densa
1426 2604 1543 2643 uber—

810 2669 892 2699 tate
919 2662 993 2700 vix
1011 2661 1137 2700 latine
1162 2661 1326 2701 dicitur.
1358 2661 1543 2716 (densum

810 2718 906 2758 uber
941 2725 1002 2758 est
1036 2720 1162 2770 uber,
1207 2720 1339 2759 solum
1372 2721 1543 2759 densum

810 2777 963 2816 vitibus
976 2808 988 2827 ,
1032 2791 1083 2816 ex
1112 2784 1310 2817 contextu
1326 2809 1336 2827 ‚
1374 2785 1424 2817 ut
1446 2779 1543 2815 litus

809 2835 977 2874 densum
988 2842 1050 2874 est
1067 2835 1238 2875 densum
1258 2836 1401 2885 arenis,
1421 2834 1541 2874 Ovid.

808 2893 905 2933 Met.
932 2894 990 2943 II,
1022 2894 1120 2937 576.
1148 2892 1300 2946 Pssclz.)
1332 2896 1467 2944 segnis
1492 2892 1542 2930 de

808 2958 1015 3004 proventu
1030 2952 1115 2990 vid.
1134 2952 1227 2990 Not.
1246 2951 1299 2989 ad
1317 2951 1386 2989 Ge.
1403 2951 1433 2999 Ι,
1446 2950 1541 2992 151.

810 3009 1001 3049 Ceterum
1019 3009 1089 3048 hic
1104 3010 1365 3048 manifestum
1380 3007 1443 3058 fit,
1464 3009 1542 3046 So-
