1768 3320
322 250 737 316 1100011οΑ
770 249 947 299 Ἐοι.
996 249 1088 312 111,
1125 255 1350 302 81-90

1494 260 1589 306 117

79 394 136 430 Μ.
171 375 342 428 ΡοΠίο
363 376 549 444 etipse
568 372 693 424 facit
711 390 850 423 nova
871 375 1127 426 carmina:
1148 377 1344 442 pascite
1366 384 1590 443 taurum,

78 448 192 515 Iam
211 461 382 496 cornu
403 454 570 513 petat,
609 452 663 494 et
679 443 909 510 pedibus
929 445 1022 512 qui
1041 454 1248 511 spargat
1267 461 1496 496 arenam.

77 532 128 569 1).
149 516 259 580 Qui
267 524 336 580 te,
354 515 544 579 Pollio,
563 522 717 576 amat,
735 514 926 577 veniat,
952 530 1061 582 quo
1074 523 1129 564 te
1141 514 1588 582 quoquegaudet3

76 584 238 638 Mella
257 583 426 636 fluant
447 584 543 648 illi,
579 582 718 634 ferat
746 592 800 634 et
816 583 983 634 rubus
1006 600 1161 651 asper
1179 601 1471 635 amomum.

78 672 134 709 Μ.
145 655 250 719 Qui
260 655 482 705 Bavium
499 670 613 704 non
635 652 766 718 odit,
779 662 923 704 amet
935 661 1023 704 tua
1036 653 1490 720 carmina‚Maevi;
1525 659 1591 706 90

148 754 229 801 88.
265 747 489 800 eanum.

123 867 171 904 87
192 866 291 901 Idem
306 877 428 900 versus
444 868 530 899 Aen.
540 864 604 907 ΙΧ,
613 865 694 901 629.
712 871 750 898 et
770 876 854 898 sane
870 864 972 909 epico
992 871 1100 910 poeta
1117 864 1270 910 dignior.
1320 864 1435 909 (Hunc
1453 873 1592 896 versum

76 921 226 960 propter
238 913 420 948 amoebaei
435 911 595 947 carminis
610 911 708 956 leges
724 912 848 945 abesse
858 923 929 945 non
946 923 1065 956 posse,
1080 919 1175 946 recte
1191 910 1313 945 scribit
1328 910 1480 944 Iahnius.
1497 908 1590 953 W’r.)

77 962 151 1005 Qui
166 973 196 995 c.
212 960 374 995 Pan-has.
400 961 472 1003 Qui
482 960 556 992 iam
571 966 792 1012 σοι-παρειαί
804 960 895 993 Ven.
926 971 960 992 v.
990 959 1064 1001 IX,
1090 959 1151 995 25.
1179 970 1331 992 comum
1348 958 1448 991 Rom.
1545 957 1591 992 88

76 1009 142 1054 qui
155 1015 193 1042 te
209 1019 353 1054 quoque
370 1006 426 1041 ed.
444 1008 534 1040 Ven.
555 1012 589 1039 et
604 1005 750 1039 Medml.
800 1018 871 1052 quo
889 1013 927 1038 te
946 1017 1090 1052 quoque
1117 1006 1248 1039 laudet
1275 1004 1366 1038 coni.
1385 1005 1500 1036 Burm.
1546 1005 1592 1036 At

74 1065 111 1089 v.
125 1055 211 1088 Not.
305 1055 351 1090 89
365 1055 404 1100 fl

406 1061 501 1087 uunt
515 1051 658 1086 Mentel.
677 1063 731 1097 pr.
779 1051 890 1086 robus
907 1052 1008 1086 Leid.
1027 1059 1062 1085 et
1083 1052 1185 1086 codd.
1205 1051 1329 1096 optimi
1349 1062 1405 1095 ap.
1423 1053 1519 1084 Serv.
1547 1049 1592 1083 ad

75 1101 143 1136 Ge.
169 1101 197 1143 1,
221 1101 307 1138 266.
338 1099 456 1135 rubus
483 1111 621 1146 aspera
643 1098 735 1133 coni.
754 1099 877 1133 Heius.
901 1099 966 1133 sed.
994 1099 1066 1133 vid.
1092 1101 1209 1133 Burm.
1302 1099 1351 1134 90
1373 1098 1479 1132 Meni
1499 1097 1590 1131 Ven-

75 1149 178 1184 Meni
188 1149 291 1183 Rom.

74 1220 152 1259 isse
187 1218 321 1259 videri
365 1217 487 1257 debet
521 1217 666 1268 Max03
723 1217 803 1256 Pa-

74 1283 162 1317 stor
188 1276 299 1316 canit
341 1276 520 1316 carmina
555 1282 596 1314 et
637 1275 804 1314 auditur

75 1335 160 1375 eius
197 1341 362 1375 cantus:
415 1348 500 1373 non
532 1347 630 1373 vero
666 1333 805 1372 scribit

74 1392 253 1433 carmina
272 1398 314 1431 et
337 1391 496 1445 legitur.
553 1391 668 1430 Ferri
685 1397 805 1444 pote-

72 1457 142 1491 rat
174 1451 258 1490 Eel.
288 1449 360 1500 VI,
399 1452 453 1492 12
481 1449 526 1488 in
553 1449 803 1503 praefatione

73 1508 198 1562 ipsius
231 1514 386 1562 poetae.
444 1505 553 1545 Alias
585 1507 725 1545 Pastor
759 1506 803 1545 in

74 1566 224 1606 cortice
241 1566 319 1619 fagi
335 1578 477 1605 versus
494 1564 656 1614 incidit;
692 1570 803 1603 recte

72 1625 156 1664 Ecl.
175 1624 233 1674 V,
266 1626 332 1666 13.
389 1622 520 1661 Multo
538 1622 670 1661 minus
689 1635 803 1660 com-

73 1689 165 1722 tum
182 1687 262 1732 est,
301 1681 413 1732 quod
436 1674 656 1719 Pollionem
679 1680 802 1718 lecto-

73 1754 157 1779 rem
172 1739 380 1778 Pieridum
391 1738 508 1787 facit3
535 1737 690 1776 etiamsi
716 1743 803 1775 sta-

72 1804 189 1837 tuere
205 1797 364 1847 malim,
402 1797 584 1834 lectorem
611 1808 694 1833 esse
711 1793 753 1833 h.
773 1795 801 1833 1.

73 1855 144 1908 qui
169 1854 347 1894 carmina
370 1854 529 1893 recitat.
588 1855 656 1895 86.
694 1867 802 1890 nova

73 1915 256 1952 carmina
269 1943 282 1962 ,
335 1911 378 1951 h.
407 1910 634 1965 praeclara,
670 1910 803 1962 qualia

72 1984 282 2023 nunquam
308 1976 402 2009 ante
427 1971 552 2018 facta,
588 1975 638 2007 ut
656 1968 801 2007 Horat.

74 2028 154 2069 Od.
173 2029 212 2078 I,
241 2031 312 2078 26,
342 2031 395 2070 10
411 2027 523 2077 fides
538 2041 665 2065 novas
684 2026 800 2064 dixit.

73 2086 262 2127 Pollionis
285 2092 422 2125 autem
446 2084 608 2124 laudem
636 2097 688 2122 ex
711 2090 802 2122 tra-

74 2145 167 2197 gicis
193 2144 337 2183 studiis
366 2149 550 2182 tenemus
584 2155 636 2180 ex
658 2141 801 2180 Horat.

75 2203 206 2241 Carm.
224 2202 272 2251 11,
305 2203 343 2250 1,
373 2203 412 2243 9.
435 2203 499 2242 10.
531 2201 655 2238 Serm.
674 2200 703 2248 Ι,
734 2202 800 2248 1Ο,

75 2259 133 2302 42
160 2260 294 2298 Pollio
310 2258 583 2311 regumsacta
599 2259 709 2295 cana
720 2271 800 2308 pe·—

75 2318 125 2356 de
161 2325 221 2355 ter
242 2330 428 2369 percusso
441 2346 452 2365 ,
505 2314 546 2353 h.
576 2314 802 2366 tragoedias

75 2375 215 2414 scribit
231 2373 405 2413 senariis.
445 2371 800 2427 (Wunderlichius‚

74 2433 260 2472 vossium
278 2438 458 2480 secutus,
495 2444 604 2469 nova
623 2431 800 2468 carmina

77 2490 156 2529 dici
180 2490 344 2539 statuit,
393 2489 537 2541 quibus
573 2501 636 2526 res
670 2501 801 2526 novae

74 2554 324 2598 tractentum
354 2561 475 2598 quam
492 2546 801 2598 explicationem

74 2606 205 2645 reiicit
243 2605 446 2659 Spohnius
481 2610 678 2655 tanquam
712 2604 801 2642 ine-

75 2666 208 2716 ptam,
256 2663 368 2716 quasi
403 2668 544 2702 vetera
567 2663 697 2701 facere
723 2675 802 2714 po-

75 2721 229 2760 tuisset.
287 2722 358 2761 W
350 2719 406 2775 r.)

7 2825 10 2826 ⁷
135 2780 204 2820 88.
248 2780 384 2816 veniat
404 2807 416 2827 ,
475 2791 552 2829 quo
582 2785 619 2814 te
646 2790 800 2829 quoque

73 2835 243 2887 gaudet.
303 2835 429 2884 Quod
450 2834 627 2887 primum
655 2847 800 2873 occur-

74 2893 153 2942 rit,
182 2898 263 2941 est,
290 2899 341 2931 ut
356 2893 559 2945 suppleas,
590 2894 800 2943 pervenis-

75 2965 138 2997 se,·
169 2955 296 3001 utque
313 2949 367 2987 ad
382 2949 612 2987 felicitatem
635 2949 798 2988 omnino

75 3008 235 3057 referas,
264 3020 386 3058 quam
404 3012 643 3059 apprecetur
659 3006 706 3055 ei,
730 3006 800 3058 qui

860 1217 1030 1256 Pollioni
1047 1217 1194 1256 faveat.
1253 1216 1354 1255 Cum
1380 1229 1462 1267 quo
1490 1228 1590 1253 con-

861 1275 975 1314 venit
1004 1288 1044 1314 v.
1073 1277 1148 1324 89,
1178 1274 1220 1313 in
1247 1288 1328 1326 quo
1353 1273 1452 1312 adeo
1480 1273 1590 1311 aurei

861 1332 1009 1371 saeculi
1044 1332 1211 1371 felicitas
1242 1331 1502 1384 exprimitur:
1548 1343 1588 1369 v.

861 1391 943 1429 Ecl.
962 1390 1037 1440 IV,
1068 1392 1136 1432 30.
1175 1390 1244 1432 25.
1283 1390 1325 1428 Si
1347 1394 1485 1427 tamen
1501 1387 1589 1426 Me-

860 1449 999 1487 nalcae
1016 1448 1142 1487 verba
1163 1459 1379 1499 compares,
1399 1452 1451 1495 et,
1470 1459 1590 1497 quem

861 1506 1058 1559 expressit
1075 1505 1203 1555 Maro,
1231 1505 1367 1543 locum
1386 1502 1588 1542 Theocrit.

859 1564 898 1613 Ι,
929 1566 984 1605 20
1015 1562 1083 1603 καὶ
1110 1565 1185 1612 τᾶς
1211 1563 1437 1615 βωκολικᾶς
1459 1559 1524 1601 ἐπὶ
1545 1557 1590 1601 τὸ

858 1620 983 1662 πλέον
1000 1621 1086 1661 ἵκεο
1100 1616 1293 1669 Μούσας,
1311 1631 1502 1672 apparere
1520 1631 1588 1657 ar-

857 1679 1001 1728 bitror,
1030 1677 1123 1727 hoc,
1154 1692 1231 1730 quo
1250 1686 1287 1715 te
1305 1690 1459 1729 qaoque
1474 1689 1587 1726 gau-

858 1738 924 1775 det
935 1736 1186 1789 pervenisse,
1228 1747 1310 1772 esse
1333 1732 1588 1773 referendum

859 1794 913 1832 ad
934 1800 1076 1833 cantus
1095 1793 1352 1842 facultatem3
1394 1791 1473 1841 illi,
1502 1796 1588 1829 tam

857 1853 1011 1891 bonum
1048 1857 1211 1905 poetam
1252 1849 1460 1900 contingat
1492 1861 1587 1897 esse,

859 1924 981 1961 quam
1002 1909 1128 1948 Pollio
1148 1914 1208 1947 est
1216 1922 1227 1958 3
1255 1914 1305 1947 ut
1333 1913 1488 1955 contra,
1518 1905 1587 1957 qui

857 1968 1028 2007 Bavium
1049 1981 1133 2006 non
1152 1966 1252 2015 odit,
1271 1972 1357 2004 tam
1373 1964 1502 2002 malus
1520 1963 1586 2002 iu-

860 2026 940 2064 dex
959 2025 1182 2064 carminum
1198 2030 1296 2073 esto,
1326 2028 1376 2061 ut
1386 2021 1586 2060 Maevium

858 2084 1017 2136 probet.
1077 2080 1219 2135 (Prior
1246 2080 1460 2133 explicatio
1489 2079 1587 2116 sim-

856 2141 999 2194 plicior
1012 2171 1023 2190 ,
1059 2140 1233 2192 probata
1252 2138 1373 2177 etiam
1395 2136 1585 2190 Spohnio.

859 2197 1186 2238 Wunderlichius
1223 2210 1274 2235 ex
1298 2202 1433 2234 mente
1458 2194 1586 2233 Vossii

857 2257 915 2295 ita
962 2258 1286 2308 interpretatur:
1355 2283 1380 2303 „
1402 2252 1586 2291 Carmina

859 2314 1011 2366 optima
1039 2319 1207 2366 pangat,
1258 2312 1316 2350 ita
1351 2311 1487 2350 divino
1517 2310 1585 2348 su-

856 2385 950 2411 rore
980 2377 1189 2423 correptus
1208 2400 1219 2420 ,
1259 2375 1309 2408 ut
1344 2369 1485 2407 aetatis
1510 2381 1585 2405 au-

856 2443 947 2469 reae
963 2429 1192 2468 felicitatem
1214 2434 1255 2466 et
1274 2427 1380 2465 bona
1401 2426 1473 2464 sibi
1495 2438 1584 2463 cer-

856 2501 952 2527 nere
969 2487 1170 2526 videatur.
1182 2488 1206 2507 “
1241 2483 1359 2538 Wr.)
1401 2486 1467 2525 89.
1497 2481 1584 2521 Ad-

856 2546 1070 2584 umbratur
1090 2544 1143 2582 ad
1160 2543 1329 2582 ductum
1348 2541 1515 2579 Theocr.
1536 2539 1582 2588 V,

860 2602 942 2644 124
973 2617 1030 2654 sq.
1087 2602 1306 2641 Amomum
1336 2598 1489 2638 fruticis
1515 2610 1584 2649 ge-

856 2675 935 2699 nus
960 2659 1087 2699 Indici
1105 2690 1116 2709 ,
1164 2658 1275 2710 quod
1306 2663 1442 2694 tamen
1469 2654 1584 2706 quale
1652 2684 1655 2685 γ

856 2718 978 2757 suerit
1001 2731 1146 2771 parum
1173 2721 1342 2754 constat.
1400 2712 1517 2752 Plinii
1542 2717 1583 2748 et

855 2775 1096 2815 Dioscoridis
1116 2775 1205 2813 loca
1224 2787 1263 2812 v.
1283 2786 1345 2825 ap.
1364 2770 1524 2810 Mariin.
1542 2773 1583 2805 et

856 2835 1020 2872 Salmas.
1055 2832 1108 2871 ad
1140 2831 1262 2870 Solin.
1293 2844 1332 2882 p.
1362 2826 1466 2876 284,
1514 2824 1582 2876 qui

857 2905 1059 2930 amomum
1086 2891 1169 2928 fere
1200 2888 1249 2926 de
1269 2887 1376 2924 omni
1402 2887 1579 2922 aromate

1442 2937 1582 2977 Ruhus

857 2950 1011 2987 sincero
1045 2947 1199 2985 dietum
1241 2945 1369 2982 docet.

856 3012 918 3045 est
947 3011 1176 3063 nostratum
1211 2995 1575 3040 Brombemtaude.
1650 3020 1659 3023 -
