<?xml version="1.0" encoding="UTF-8"?>
<!DOCTYPE html PUBLIC "-//W3C//DTD XHTML 1.0 Transitional//EN"
    "http://www.w3.org/TR/xhtml1/DTD/xhtml1-transitional.dtd">
<html xmlns="http://www.w3.org/1999/xhtml" xml:lang="en" lang="en">
 <head>
  <title>
</title>
<meta http-equiv="Content-Type" content="text/html;charset=utf-8" />
  <meta name='ocr-system' content='tesseract 3.04.00' />
  <meta name='ocr-capabilities' content='ocr_page ocr_carea ocr_par ocr_line ocrx_word'/>
</head>
<body>
  <div class='ocr_page' id='page_1' title='image "./publiusvirgilius01virguoft/publiusvirgilius01virguoft_0448.png"; bbox 0 0 1768 3320; ppageno 0'>
   <div class='ocr_carea' id='block_1_1' title="bbox 162 188 1378 244">
    <p class='ocr_par' dir='ltr' id='par_1_1' title="bbox 162 188 1378 244">
     <span class='ocr_line' id='line_1_1' title="bbox 162 188 1378 244; baseline -0.005 -1"><span class='ocrx_word' id='word_1_1' title='bbox 162 195 266 244; x_wconf 78' lang='lat'>280</span> <span class='ocrx_word' id='word_1_2' title='bbox 503 192 558 241; x_wconf 91' lang='grc' dir='ltr'>Ρ.</span> <span class='ocrx_word' id='word_1_3' title='bbox 594 190 954 241; x_wconf 88' lang='lat' dir='ltr'>VIRGILII</span> <span class='ocrx_word' id='word_1_4' title='bbox 999 188 1378 239; x_wconf 89' lang='lat' dir='ltr'>MARONIS</span> 
     </span>
    </p>
   </div>
   <div class='ocr_carea' id='block_1_2' title="bbox 161 315 1697 783">
    <p class='ocr_par' dir='ltr' id='par_1_2' title="bbox 161 315 1697 783">
     <span class='ocr_line' id='line_1_2' title="bbox 163 315 1696 371; baseline -0.005 -10"><span class='ocrx_word' id='word_1_5' title='bbox 163 322 376 361; x_wconf 79' lang='lat' dir='ltr'><em>auctumni</em></span> <span class='ocrx_word' id='word_1_6' title='bbox 386 351 397 371; x_wconf 93' lang='lat'>,</span> <span class='ocrx_word' id='word_1_7' title='bbox 432 320 601 360; x_wconf 85' lang='lat' dir='ltr'>alteram</span> <span class='ocrx_word' id='word_1_8' title='bbox 632 321 735 358; x_wconf 73' lang='lat' dir='ltr'>veris</span> <span class='ocrx_word' id='word_1_9' title='bbox 763 319 955 367; x_wconf 73' lang='lat' dir='ltr'>ineuntis,</span> <span class='ocrx_word' id='word_1_10' title='bbox 988 323 1206 369; x_wconf 84' lang='lat' dir='ltr'>utramque</span> <span class='ocrx_word' id='word_1_11' title='bbox 1221 317 1494 369; x_wconf 81' lang='lat' dir='ltr'><em>procellosam</em></span> <span class='ocrx_word' id='word_1_12' title='bbox 1505 331 1521 364; x_wconf 83' lang='lat'>‚·</span> <span class='ocrx_word' id='word_1_13' title='bbox 1554 315 1696 354; x_wconf 87' lang='lat' dir='ltr'>obser-</span> 
     </span>
     <span class='ocr_line' id='line_1_3' title="bbox 161 373 1695 432; baseline -0.005 -13"><span class='ocrx_word' id='word_1_14' title='bbox 161 379 300 420; x_wconf 83' lang='lat' dir='ltr'>vanda</span> <span class='ocrx_word' id='word_1_15' title='bbox 323 380 458 432; x_wconf 90' lang='lat' dir='ltr'>itaque</span> <span class='ocrx_word' id='word_1_16' title='bbox 493 392 575 418; x_wconf 86' lang='lat' dir='ltr'>esse</span> <span class='ocrx_word' id='word_1_17' title='bbox 609 391 747 417; x_wconf 89' lang='lat' dir='ltr'>earum</span> <span class='ocrx_word' id='word_1_18' title='bbox 774 382 960 428; x_wconf 87' lang='lat' dir='ltr'>tempora</span> <span class='ocrx_word' id='word_1_19' title='bbox 999 377 1104 425; x_wconf 80' lang='lat'>337,</span> <span class='ocrx_word' id='word_1_20' title='bbox 1142 381 1183 414; x_wconf 86' lang='lat' dir='ltr'>et</span> <span class='ocrx_word' id='word_1_21' title='bbox 1199 375 1458 428; x_wconf 87' lang='lat' dir='ltr'>religionibus</span> <span class='ocrx_word' id='word_1_22' title='bbox 1479 373 1575 413; x_wconf 86' lang='lat' dir='ltr'>deos</span> <span class='ocrx_word' id='word_1_23' title='bbox 1595 387 1695 412; x_wconf 83' lang='lat' dir='ltr'>exo-</span> 
     </span>
     <span class='ocr_line' id='line_1_4' title="bbox 162 432 1695 486; baseline -0.005 -8"><span class='ocrx_word' id='word_1_24' title='bbox 162 437 315 478; x_wconf 87' lang='lat' dir='ltr'>randos</span> <span class='ocrx_word' id='word_1_25' title='bbox 337 461 376 466; x_wconf 93' lang='lat'>—</span> <span class='ocrx_word' id='word_1_26' title='bbox 402 437 500 480; x_wconf 85' lang='lat'>350.</span> <span class='ocrx_word' id='word_1_27' title='bbox 558 438 651 476; x_wconf 89' lang='lat' dir='ltr'>Esse</span> <span class='ocrx_word' id='word_1_28' title='bbox 672 436 793 474; x_wconf 88' lang='lat' dir='ltr'>etiam</span> <span class='ocrx_word' id='word_1_29' title='bbox 810 447 870 472; x_wconf 84' lang='lat' dir='ltr'>cel</span> <span class='ocrx_word' id='word_1_30' title='bbox 879 440 923 472; x_wconf 86' lang='lat' dir='ltr'>ta</span> <span class='ocrx_word' id='word_1_31' title='bbox 942 438 1232 485; x_wconf 83' lang='lat' dir='ltr'><strong>tempestatum</strong></span> <span class='ocrx_word' id='word_1_32' title='bbox 1250 447 1324 486; x_wconf 89' lang='lat' dir='ltr'>per</span> <span class='ocrx_word' id='word_1_33' title='bbox 1343 434 1452 473; x_wconf 77' lang='lat' dir='ltr'>vices</span> <span class='ocrx_word' id='word_1_34' title='bbox 1472 432 1695 471; x_wconf 86' lang='lat' dir='ltr'>succeden-</span> 
     </span>
     <span class='ocr_line' id='line_1_5' title="bbox 163 491 1697 549; baseline -0.005 -13"><span class='ocrx_word' id='word_1_35' title='bbox 163 496 270 536; x_wconf 88' lang='lat' dir='ltr'>tium</span> <span class='ocrx_word' id='word_1_36' title='bbox 295 498 575 549; x_wconf 79' lang='lat' dir='ltr'>prognostica.</span> <span class='ocrx_word' id='word_1_37' title='bbox 647 495 694 534; x_wconf 92' lang='lat' dir='ltr'>In</span> <span class='ocrx_word' id='word_1_38' title='bbox 719 493 781 532; x_wconf 85' lang='lat' dir='ltr'>his</span> <span class='ocrx_word' id='word_1_39' title='bbox 810 491 1061 544; x_wconf 86' lang='lat' dir='ltr'>exponendis</span> <span class='ocrx_word' id='word_1_40' title='bbox 1102 497 1143 530; x_wconf 90' lang='lat' dir='ltr'>et</span> <span class='ocrx_word' id='word_1_41' title='bbox 1180 491 1374 531; x_wconf 81' lang='lat' dir='ltr'>ornandis</span> <span class='ocrx_word' id='word_1_42' title='bbox 1397 491 1600 544; x_wconf 73' lang='lat' dir='ltr'>›copiosus</span> <span class='ocrx_word' id='word_1_43' title='bbox 1635 495 1697 528; x_wconf 79' lang='lat' dir='ltr'>est</span> 
     </span>
     <span class='ocr_line' id='line_1_6' title="bbox 162 549 1696 610; baseline -0.005 -16"><span class='ocrx_word' id='word_1_44' title='bbox 162 560 359 610; x_wconf 88' lang='lat' dir='ltr'>poeta—</span> <span class='ocrx_word' id='word_1_45' title='bbox 375 553 474 596; x_wconf 82' lang='lat'>463.</span> <span class='ocrx_word' id='word_1_46' title='bbox 539 553 672 593; x_wconf 88' lang='lat' dir='ltr'>Multo</span> <span class='ocrx_word' id='word_1_47' title='bbox 700 549 884 590; x_wconf 86' lang='lat' dir='ltr'>ornatius</span> <span class='ocrx_word' id='word_1_48' title='bbox 915 555 976 588; x_wconf 88' lang='lat' dir='ltr'>est</span> <span class='ocrx_word' id='word_1_49' title='bbox 1016 549 1261 602; x_wconf 88' lang='lat' dir='ltr'>episodium,</span> <span class='ocrx_word' id='word_1_50' title='bbox 1310 549 1363 588; x_wconf 88' lang='lat' dir='ltr'>ad</span> <span class='ocrx_word' id='word_1_51' title='bbox 1400 549 1514 601; x_wconf 89' lang='lat' dir='ltr'>quod</span> <span class='ocrx_word' id='word_1_52' title='bbox 1538 549 1696 588; x_wconf 87' lang='lat' dir='ltr'>aditum</span> 
     </span>
     <span class='ocr_line' id='line_1_7' title="bbox 163 606 1696 664; baseline -0.005 -12"><span class='ocrx_word' id='word_1_53' title='bbox 163 613 239 652; x_wconf 83' lang='lat' dir='ltr'>sibi</span> <span class='ocrx_word' id='word_1_54' title='bbox 262 612 438 662; x_wconf 80' lang='lat' dir='ltr'>struxit,</span> <span class='ocrx_word' id='word_1_55' title='bbox 480 611 530 650; x_wconf 91' lang='lat' dir='ltr'>de</span> <span class='ocrx_word' id='word_1_56' title='bbox 554 610 761 664; x_wconf 78' lang='lat' dir='ltr'>prodigiis</span> <span class='ocrx_word' id='word_1_57' title='bbox 802 607 893 646; x_wconf 81' lang='lat' dir='ltr'>[ulii</span> <span class='ocrx_word' id='word_1_58' title='bbox 922 607 1103 647; x_wconf 82' lang='lat' dir='ltr'>Caesaris</span> <span class='ocrx_word' id='word_1_59' title='bbox 1132 621 1229 646; x_wconf 89' lang='lat' dir='ltr'>nece</span> <span class='ocrx_word' id='word_1_60' title='bbox 1260 608 1370 646; x_wconf 82' lang='lat' dir='ltr'>facta</span> <span class='ocrx_word' id='word_1_61' title='bbox 1399 608 1553 647; x_wconf 85' lang='lat' dir='ltr'>bellum</span> <span class='ocrx_word' id='word_1_62' title='bbox 1579 606 1696 646; x_wconf 87' lang='lat' dir='ltr'>civile</span> 
     </span>
     <span class='ocr_line' id='line_1_8' title="bbox 165 665 1055 724; baseline -0.01 -13"><span class='ocrx_word' id='word_1_63' title='bbox 165 671 458 724; x_wconf 72' lang='lat' dir='ltr'>subsequutum</span> <span class='ocrx_word' id='word_1_64' title='bbox 498 666 841 723; x_wconf 82' lang='lat' dir='ltr'>portendentibus</span> <span class='ocrx_word' id='word_1_65' title='bbox 869 688 928 695; x_wconf 90' lang='grc'>-</span> <span class='ocrx_word' id='word_1_66' title='bbox 956 665 1055 708; x_wconf 86' lang='grc'><strong>497.</strong></span> 
     </span>
     <span class='ocr_line' id='line_1_9' title="bbox 164 727 591 783; baseline -0.009 -13"><span class='ocrx_word' id='word_1_67' title='bbox 164 729 348 783; x_wconf 85' lang='lat' dir='ltr'>Augusto</span> <span class='ocrx_word' id='word_1_68' title='bbox 367 753 423 758; x_wconf 91' lang='lat'>—</span> <span class='ocrx_word' id='word_1_69' title='bbox 446 728 498 767; x_wconf 87' lang='lat' dir='ltr'>ad</span> <span class='ocrx_word' id='word_1_70' title='bbox 522 727 591 767; x_wconf 89' lang='lat' dir='ltr'>fin.</span> 
     </span>
    </p>
   </div>
   <div class='ocr_carea' id='block_1_3' title="bbox 164 933 1660 1188">
    <p class='ocr_par' dir='ltr' id='par_1_3' title="bbox 164 933 1660 1188">
     <span class='ocr_line' id='line_1_10' title="bbox 168 933 1538 1047; baseline -0.005 -16"><span class='ocrx_word' id='word_1_71' title='bbox 168 933 357 1047; x_wconf 78' lang='lat' dir='ltr'>Quid</span> <span class='ocrx_word' id='word_1_72' title='bbox 376 978 532 1030; x_wconf 79' lang='lat' dir='ltr'>faciat</span> <span class='ocrx_word' id='word_1_73' title='bbox 551 978 713 1029; x_wconf 86' lang='lat' dir='ltr'>laetas</span> <span class='ocrx_word' id='word_1_74' title='bbox 736 987 967 1044; x_wconf 84' lang='lat' dir='ltr'>segeteS‚</span> <span class='ocrx_word' id='word_1_75' title='bbox 1006 993 1117 1045; x_wconf 89' lang='lat' dir='ltr'>quo</span> <span class='ocrx_word' id='word_1_76' title='bbox 1138 976 1316 1027; x_wconf 85' lang='lat' dir='ltr'>sidere</span> <span class='ocrx_word' id='word_1_77' title='bbox 1336 984 1538 1026; x_wconf 85' lang='lat' dir='ltr'>terram</span> 
     </span>
     <span class='ocr_line' id='line_1_11' title="bbox 164 1045 1547 1115; baseline -0.005 -14"><span class='ocrx_word' id='word_1_78' title='bbox 164 1054 415 1114; x_wconf 82' lang='lat' dir='ltr'>Vertere,</span> <span class='ocrx_word' id='word_1_79' title='bbox 451 1053 759 1112; x_wconf 80' lang='lat' dir='ltr'>MaecenaS‚</span> <span class='ocrx_word' id='word_1_80' title='bbox 796 1049 1068 1115; x_wconf 88' lang='lat' dir='ltr'>ulmisque</span> <span class='ocrx_word' id='word_1_81' title='bbox 1097 1047 1391 1112; x_wconf 84' lang='lat' dir='ltr'>adiungere</span> <span class='ocrx_word' id='word_1_82' title='bbox 1412 1045 1547 1098; x_wconf 74' lang='lat' dir='ltr'>vites</span> 
     </span>
     <span class='ocr_line' id='line_1_12' title="bbox 168 1112 1660 1188; baseline -0.005 -17"><span class='ocrx_word' id='word_1_83' title='bbox 168 1121 492 1183; x_wconf 80' lang='lat' dir='ltr'>Conveniat3</span> <span class='ocrx_word' id='word_1_84' title='bbox 532 1137 671 1188; x_wconf 80' lang='lat' dir='ltr'>quae</span> <span class='ocrx_word' id='word_1_85' title='bbox 702 1137 827 1170; x_wconf 87' lang='lat' dir='ltr'>cura</span> <span class='ocrx_word' id='word_1_86' title='bbox 854 1119 1057 1183; x_wconf 89' lang='lat' dir='ltr'>boum,</span> <span class='ocrx_word' id='word_1_87' title='bbox 1097 1118 1189 1187; x_wconf 91' lang='lat' dir='ltr'>qui</span> <span class='ocrx_word' id='word_1_88' title='bbox 1214 1117 1385 1167; x_wconf 87' lang='lat' dir='ltr'>cultus</span> <span class='ocrx_word' id='word_1_89' title='bbox 1402 1112 1660 1166; x_wconf 84' lang='lat' dir='ltr'>habendo</span> 
     </span>
    </p>
   </div>
   <div class='ocr_carea' id='block_1_4' title="bbox 212 1233 1696 1283">
    <p class='ocr_par' dir='ltr' id='par_1_4' title="bbox 212 1233 1696 1283">
     <span class='ocr_line' id='line_1_13' title="bbox 212 1233 1696 1283; baseline -0.004 -10"><span class='ocrx_word' id='word_1_90' title='bbox 212 1239 236 1275; x_wconf 75' lang='lat'><strong>2</strong></span> <span class='ocrx_word' id='word_1_91' title='bbox 261 1240 475 1273; x_wconf 82' lang='lat' dir='ltr'>Maecenas.</span> <span class='ocrx_word' id='word_1_92' title='bbox 524 1234 742 1283; x_wconf 81' lang='grc' dir='ltr'><strong><em>Μαικήνας.</em></strong></span> <span class='ocrx_word' id='word_1_93' title='bbox 790 1236 885 1271; x_wconf 88' lang='lat' dir='ltr'>Male</span> <span class='ocrx_word' id='word_1_94' title='bbox 905 1236 1076 1283; x_wconf 84' lang='lat' dir='ltr'>scriptum</span> <span class='ocrx_word' id='word_1_95' title='bbox 1106 1238 1317 1271; x_wconf 87' lang='lat' dir='ltr'>Moecenas.</span> <span class='ocrx_word' id='word_1_96' title='bbox 1358 1234 1431 1269; x_wconf 81' lang='lat' dir='ltr'>vid.</span> <span class='ocrx_word' id='word_1_97' title='bbox 1455 1233 1548 1268; x_wconf 87' lang='lat' dir='ltr'>Pier.</span> <span class='ocrx_word' id='word_1_98' title='bbox 1572 1233 1696 1267; x_wconf 76' lang='lat' dir='ltr'>Heins-</span> 
     </span>
    </p>
   </div>
   <div class='ocr_carea' id='block_1_5' title="bbox 1131 666 1766 719">
    <p class='ocr_par' dir='ltr' id='par_1_5' title="bbox 1131 666 1766 719">
     <span class='ocr_line' id='line_1_14' title="bbox 1131 666 1766 719; baseline -0.003 -14"><span class='ocrx_word' id='word_1_99' title='bbox 1131 666 1443 718; x_wconf 86' lang='lat' dir='ltr'>Subiunguntur</span> <span class='ocrx_word' id='word_1_100' title='bbox 1481 673 1576 706; x_wconf 73' lang='lat' dir='ltr'>vota</span> <span class='ocrx_word' id='word_1_101' title='bbox 1618 678 1694 719; x_wconf 90' lang='lat' dir='ltr'>pro</span> <span class='ocrx_word' id='word_1_102' title='bbox 1762 691 1766 695; x_wconf 90' lang='lat'>-</span> 
     </span>
    </p>
   </div>
   <div class='ocr_carea' id='block_1_6' title="bbox 193 1281 1698 1375">
    <p class='ocr_par' dir='ltr' id='par_1_6' title="bbox 193 1281 1698 1375">
     <span class='ocr_line' id='line_1_15' title="bbox 220 1281 1698 1331; baseline -0.004 -11"><span class='ocrx_word' id='word_1_103' title='bbox 220 1285 309 1320; x_wconf 89' lang='lat' dir='ltr'>edic.</span> <span class='ocrx_word' id='word_1_104' title='bbox 331 1288 540 1328; x_wconf 76' lang='lat' dir='ltr'>Maecenas,</span> <span class='ocrx_word' id='word_1_105' title='bbox 567 1286 631 1319; x_wconf 87' lang='lat' dir='ltr'>sed</span> <span class='ocrx_word' id='word_1_106' title='bbox 649 1297 757 1331; x_wconf 87' lang='lat' dir='ltr'>supra</span> <span class='ocrx_word' id='word_1_107' title='bbox 775 1298 796 1320; x_wconf 89' lang='grc' dir='ltr'><em>ο</em></span> <span class='ocrx_word' id='word_1_108' title='bbox 817 1285 861 1318; x_wconf 90' lang='lat' dir='ltr'>ab</span> <span class='ocrx_word' id='word_1_109' title='bbox 880 1285 969 1327; x_wconf 82' lang='lat' dir='ltr'>alia,</span> <span class='ocrx_word' id='word_1_110' title='bbox 994 1292 1032 1318; x_wconf 89' lang='lat' dir='ltr'>ut</span> <span class='ocrx_word' id='word_1_111' title='bbox 1052 1283 1212 1325; x_wconf 84' lang='lat' dir='ltr'>videtur,</span> <span class='ocrx_word' id='word_1_112' title='bbox 1237 1294 1340 1316; x_wconf 83' lang='lat' dir='ltr'>manu</span> <span class='ocrx_word' id='word_1_113' title='bbox 1359 1281 1491 1327; x_wconf 83' lang='lat' dir='ltr'>scripta</span> <span class='ocrx_word' id='word_1_114' title='bbox 1509 1294 1551 1323; x_wconf 85' lang='lat' dir='ltr'>a;</span> <span class='ocrx_word' id='word_1_115' title='bbox 1576 1281 1613 1314; x_wconf 90' lang='lat' dir='ltr'>in</span> <span class='ocrx_word' id='word_1_116' title='bbox 1631 1292 1698 1315; x_wconf 86' lang='lat' dir='ltr'>eo-</span> 
     </span>
     <span class='ocr_line' id='line_1_16' title="bbox 193 1327 1697 1375; baseline -0.003 -8"><span class='ocrx_word' id='word_1_117' title='bbox 193 1345 248 1367; x_wconf 85' lang='lat' dir='ltr'>em</span> <span class='ocrx_word' id='word_1_118' title='bbox 266 1335 435 1367; x_wconf 52' lang='lat' dir='ltr'>Mica-nas</span> <span class='ocrx_word' id='word_1_119' title='bbox 453 1334 516 1367; x_wconf 86' lang='lat' dir='ltr'>Ge.</span> <span class='ocrx_word' id='word_1_120' title='bbox 539 1334 598 1374; x_wconf 87' lang='lat' dir='ltr'>IV,</span> <span class='ocrx_word' id='word_1_121' title='bbox 620 1333 674 1374; x_wconf 63' lang='lat'>23</span> <span class='ocrx_word' id='word_1_122' title='bbox 707 1331 772 1365; x_wconf 88' lang='lat' dir='ltr'>sed</span> <span class='ocrx_word' id='word_1_123' title='bbox 790 1333 855 1366; x_wconf 85' lang='lat' dir='ltr'>Ge.</span> <span class='ocrx_word' id='word_1_124' title='bbox 877 1333 920 1375; x_wconf 93' lang='lat'>11,</span> <span class='ocrx_word' id='word_1_125' title='bbox 937 1330 996 1369; x_wconf 80' lang='lat'>41.</span> <span class='ocrx_word' id='word_1_126' title='bbox 1027 1337 1064 1364; x_wconf 87' lang='lat' dir='ltr'>et</span> <span class='ocrx_word' id='word_1_127' title='bbox 1083 1333 1142 1374; x_wconf 86' lang='lat'>111,</span> <span class='ocrx_word' id='word_1_128' title='bbox 1160 1330 1219 1367; x_wconf 88' lang='grc'>41.</span> <span class='ocrx_word' id='word_1_129' title='bbox 1242 1332 1455 1364; x_wconf 75' lang='lat' dir='ltr'>Maecenas.</span> <span class='ocrx_word' id='word_1_130' title='bbox 1480 1349 1527 1355; x_wconf 95' lang='lat'><em>-</em></span> <span class='ocrx_word' id='word_1_131' title='bbox 1567 1327 1697 1362; x_wconf 86' lang='lat' dir='ltr'>Medic.</span> 
     </span>
    </p>
   </div>
   <div class='ocr_carea' id='block_1_7' title="bbox 165 1379 1697 1473">
    <p class='ocr_par' dir='ltr' id='par_1_7' title="bbox 165 1379 1697 1473">
     <span class='ocr_line' id='line_1_17' title="bbox 165 1379 915 1427; baseline 0 -13"><span class='ocrx_word' id='word_1_132' title='bbox 165 1382 271 1415; x_wconf 78' lang='lat' dir='ltr'>vites.</span> <span class='ocrx_word' id='word_1_133' title='bbox 309 1382 366 1415; x_wconf 94' lang='lat' dir='ltr'><em>W</em></span> <span class='ocrx_word' id='word_1_134' title='bbox 360 1380 405 1424; x_wconf 79' lang='lat' dir='ltr'>r.)</span> <span class='ocrx_word' id='word_1_135' title='bbox 457 1381 567 1414; x_wconf 85' lang='lat' dir='ltr'>ulmis</span> <span class='ocrx_word' id='word_1_136' title='bbox 592 1380 799 1427; x_wconf 85' lang='lat' dir='ltr'>adiungere</span> <span class='ocrx_word' id='word_1_137' title='bbox 819 1379 915 1414; x_wconf 75' lang='lat' dir='ltr'>Toll-</span> 
     </span>
     <span class='ocr_line' id='line_1_18' title="bbox 781 1420 1697 1473; baseline -0.004 -13"><span class='ocrx_word' id='word_1_138' title='bbox 781 1427 846 1473; x_wconf 85' lang='lat' dir='ltr'>qui</span> <span class='ocrx_word' id='word_1_139' title='bbox 865 1425 936 1460; x_wconf 84' lang='lat' dir='ltr'>iam</span> <span class='ocrx_word' id='word_1_140' title='bbox 953 1427 1110 1471; x_wconf 85' lang='lat' dir='ltr'>Nauger.</span> <span class='ocrx_word' id='word_1_141' title='bbox 1132 1423 1257 1459; x_wconf 83' lang='lat' dir='ltr'>edidit.</span> <span class='ocrx_word' id='word_1_142' title='bbox 1290 1423 1375 1470; x_wconf 87' lang='lat' dir='ltr'>(vid.</span> <span class='ocrx_word' id='word_1_143' title='bbox 1395 1425 1440 1466; x_wconf 84' lang='lat' dir='ltr'>Q.</span> <span class='ocrx_word' id='word_1_144' title='bbox 1457 1425 1502 1460; x_wconf 84' lang='lat' dir='ltr'>V.</span> <span class='ocrx_word' id='word_1_145' title='bbox 1522 1424 1645 1468; x_wconf 84' lang='lat' dir='ltr'><strong>XXII,</strong></span> <span class='ocrx_word' id='word_1_146' title='bbox 1661 1420 1697 1459; x_wconf 72' lang='lat'>4.</span> 
     </span>
    </p>
   </div>
   <div class='ocr_carea' id='block_1_8' title="bbox 167 1426 731 1470">
    <p class='ocr_par' dir='ltr' id='par_1_8' title="bbox 167 1426 731 1470">
     <span class='ocr_line' id='line_1_19' title="bbox 167 1426 731 1470; baseline -0.002 -9"><span class='ocrx_word' id='word_1_147' title='bbox 167 1439 210 1461; x_wconf 85' lang='lat' dir='ltr'>ex</span> <span class='ocrx_word' id='word_1_148' title='bbox 233 1438 353 1468; x_wconf 86' lang='lat' dir='ltr'>more;</span> <span class='ocrx_word' id='word_1_149' title='bbox 377 1426 427 1461; x_wconf 90' lang='lat' dir='ltr'>sic</span> <span class='ocrx_word' id='word_1_150' title='bbox 445 1426 514 1461; x_wconf 88' lang='lat' dir='ltr'>iam</span> <span class='ocrx_word' id='word_1_151' title='bbox 533 1426 607 1461; x_wconf 91' lang='lat' dir='ltr'>Ecl.</span> <span class='ocrx_word' id='word_1_152' title='bbox 626 1428 654 1470; x_wconf 89' lang='grc' dir='ltr'>Ι,</span> <span class='ocrx_word' id='word_1_153' title='bbox 675 1429 731 1463; x_wconf 88' lang='grc'>19.</span> 
     </span>
    </p>
   </div>
   <div class='ocr_carea' id='block_1_9' title="bbox 1011 1374 1698 1424">
    <p class='ocr_par' dir='ltr' id='par_1_9' title="bbox 1011 1374 1698 1424">
     <span class='ocr_line' id='line_1_20' title="bbox 1011 1374 1698 1424; baseline -0.009 -9"><span class='ocrx_word' id='word_1_154' title='bbox 1011 1379 1035 1415; x_wconf 87' lang='grc'><strong>3</strong></span> <span class='ocrx_word' id='word_1_155' title='bbox 1061 1380 1143 1424; x_wconf 80' lang='lat' dir='ltr'>quis</span> <span class='ocrx_word' id='word_1_156' title='bbox 1169 1377 1294 1411; x_wconf 74' lang='lat' dir='ltr'>cultus</span> <span class='ocrx_word' id='word_1_157' title='bbox 1322 1376 1383 1410; x_wconf 80' lang='lat' dir='ltr'>alii</span> <span class='ocrx_word' id='word_1_158' title='bbox 1402 1375 1526 1421; x_wconf 86' lang='lat' dir='ltr'>scripti</span> <span class='ocrx_word' id='word_1_159' title='bbox 1543 1383 1580 1410; x_wconf 88' lang='lat' dir='ltr'>et</span> <span class='ocrx_word' id='word_1_160' title='bbox 1597 1374 1698 1419; x_wconf 82' lang='lat' dir='ltr'>editi,</span> 
     </span>
    </p>
   </div>
   <div class='ocr_carea' id='block_1_10' title="bbox 171 1472 1293 1520">
    <p class='ocr_par' dir='ltr' id='par_1_10' title="bbox 171 1472 1293 1520">
     <span class='ocr_line' id='line_1_21' title="bbox 171 1472 1293 1520; baseline -0.004 -10"><span class='ocrx_word' id='word_1_161' title='bbox 171 1475 268 1520; x_wconf 84' lang='lat' dir='ltr'>Wr.)</span> <span class='ocrx_word' id='word_1_162' title='bbox 317 1473 512 1509; x_wconf 79' lang='lat' dir='ltr'>habendas</span> <span class='ocrx_word' id='word_1_163' title='bbox 531 1474 626 1508; x_wconf 87' lang='lat' dir='ltr'>Toll.</span> <span class='ocrx_word' id='word_1_164' title='bbox 639 1500 650 1518; x_wconf 90' lang='lat'>‚</span> <span class='ocrx_word' id='word_1_165' title='bbox 673 1474 779 1509; x_wconf 81' lang='lat' dir='ltr'>male.</span> <span class='ocrx_word' id='word_1_166' title='bbox 809 1473 882 1508; x_wconf 83' lang='lat' dir='ltr'>vid.</span> <span class='ocrx_word' id='word_1_167' title='bbox 901 1475 1017 1507; x_wconf 90' lang='lat' dir='ltr'>Burm.</span> <span class='ocrx_word' id='word_1_168' title='bbox 1038 1479 1074 1507; x_wconf 86' lang='lat' dir='ltr'>et</span> <span class='ocrx_word' id='word_1_169' title='bbox 1091 1473 1184 1507; x_wconf 78' lang='lat' dir='ltr'>conf.</span> <span class='ocrx_word' id='word_1_170' title='bbox 1207 1472 1293 1506; x_wconf 73' lang='lat' dir='ltr'>Not.</span> 
     </span>
    </p>
   </div>
   <div class='ocr_carea' id='block_1_11' title="bbox 165 1580 906 2215">
    <p class='ocr_par' dir='ltr' id='par_1_11' title="bbox 165 1580 906 2215">
     <span class='ocr_line' id='line_1_22' title="bbox 227 1580 900 1633; baseline -0.004 -11"><span class='ocrx_word' id='word_1_171' title='bbox 227 1584 264 1623; x_wconf 87' lang='lat'>1.</span> <span class='ocrx_word' id='word_1_172' title='bbox 307 1580 450 1620; x_wconf 87' lang='lat' dir='ltr'>Primis</span> <span class='ocrx_word' id='word_1_173' title='bbox 497 1586 676 1633; x_wconf 85' lang='lat' dir='ltr'>quatuor</span> <span class='ocrx_word' id='word_1_174' title='bbox 714 1580 900 1620; x_wconf 88' lang='lat' dir='ltr'>versibus</span> 
     </span>
     <span class='ocr_line' id='line_1_23' title="bbox 166 1639 901 1692; baseline -0.003 -13"><span class='ocrx_word' id='word_1_175' title='bbox 166 1645 450 1692; x_wconf 83' lang='lat' dir='ltr'>argumentum</span> <span class='ocrx_word' id='word_1_176' title='bbox 488 1639 620 1692; x_wconf 88' lang='lat' dir='ltr'>operis</span> <span class='ocrx_word' id='word_1_177' title='bbox 660 1639 901 1692; x_wconf 83' lang='lat' dir='ltr'>exponitur:</span> 
     </span>
     <span class='ocr_line' id='line_1_24' title="bbox 166 1696 902 1750; baseline -0.001 -14"><span class='ocrx_word' id='word_1_178' title='bbox 166 1698 421 1750; x_wconf 71' lang='lat' dir='ltr'>agricultura</span> <span class='ocrx_word' id='word_1_179' title='bbox 447 1705 484 1735; x_wconf 82' lang='lat' dir='ltr'>et</span> <span class='ocrx_word' id='word_1_180' title='bbox 510 1699 718 1735; x_wconf 83' lang='lat' dir='ltr'>rusticatio</span> <span class='ocrx_word' id='word_1_181' title='bbox 732 1727 743 1747; x_wconf 93' lang='lat'>,</span> <span class='ocrx_word' id='word_1_182' title='bbox 775 1697 844 1736; x_wconf 91' lang='lat' dir='ltr'>lib.</span> <span class='ocrx_word' id='word_1_183' title='bbox 864 1696 902 1748; x_wconf 82' lang='lat'>13</span> 
     </span>
     <span class='ocr_line' id='line_1_25' title="bbox 165 1754 903 1805; baseline -0.003 -11"><span class='ocrx_word' id='word_1_184' title='bbox 165 1757 254 1795; x_wconf 74' lang='lat' dir='ltr'>vini</span> <span class='ocrx_word' id='word_1_185' title='bbox 269 1764 306 1794; x_wconf 81' lang='lat' dir='ltr'>et</span> <span class='ocrx_word' id='word_1_186' title='bbox 335 1756 496 1794; x_wconf 87' lang='lat' dir='ltr'>omnino</span> <span class='ocrx_word' id='word_1_187' title='bbox 523 1754 711 1793; x_wconf 85' lang='lat' dir='ltr'>arborum</span> <span class='ocrx_word' id='word_1_188' title='bbox 730 1755 903 1805; x_wconf 80' lang='lat' dir='ltr'>cultura,</span> 
     </span>
     <span class='ocr_line' id='line_1_26' title="bbox 165 1812 905 1865; baseline -0.001 -12"><span class='ocrx_word' id='word_1_189' title='bbox 165 1813 236 1853; x_wconf 89' lang='lat' dir='ltr'>lib.</span> <span class='ocrx_word' id='word_1_190' title='bbox 262 1814 322 1864; x_wconf 83' lang='lat'>113</span> <span class='ocrx_word' id='word_1_191' title='bbox 361 1828 423 1852; x_wconf 85' lang='lat' dir='ltr'>res</span> <span class='ocrx_word' id='word_1_192' title='bbox 455 1815 680 1865; x_wconf 78' lang='lat' dir='ltr'>pecuaria,</span> <span class='ocrx_word' id='word_1_193' title='bbox 727 1813 796 1852; x_wconf 88' lang='lat' dir='ltr'>lib.</span> <span class='ocrx_word' id='word_1_194' title='bbox 828 1812 905 1863; x_wconf 79' lang='lat'>1113</span> 
     </span>
     <span class='ocr_line' id='line_1_27' title="bbox 166 1870 905 1923; baseline -0.001 -13"><span class='ocrx_word' id='word_1_195' title='bbox 166 1886 228 1910; x_wconf 87' lang='lat' dir='ltr'>res</span> <span class='ocrx_word' id='word_1_196' title='bbox 274 1873 441 1923; x_wconf 78' lang='lat' dir='ltr'>apiaria</span> <span class='ocrx_word' id='word_1_197' title='bbox 461 1900 472 1921; x_wconf 93' lang='lat'>,</span> <span class='ocrx_word' id='word_1_198' title='bbox 532 1871 601 1910; x_wconf 87' lang='lat' dir='ltr'>lib.</span> <span class='ocrx_word' id='word_1_199' title='bbox 634 1871 701 1910; x_wconf 93' lang='lat' dir='ltr'>IV.</span> <span class='ocrx_word' id='word_1_200' title='bbox 769 1870 905 1910; x_wconf 88' lang='lat' dir='ltr'>Primo</span> 
     </span>
     <span class='ocr_line' id='line_1_28' title="bbox 167 1927 906 1982; baseline -0.003 -12"><span class='ocrx_word' id='word_1_201' title='bbox 167 1942 291 1970; x_wconf 85' lang='lat' dir='ltr'>versu</span> <span class='ocrx_word' id='word_1_202' title='bbox 309 1927 497 1969; x_wconf 88' lang='lat' dir='ltr'>Hesiodei</span> <span class='ocrx_word' id='word_1_203' title='bbox 515 1928 659 1982; x_wconf 92' lang='lat' dir='ltr'>operis,</span> <span class='ocrx_word' id='word_1_204' title='bbox 690 1928 765 1968; x_wconf 85' lang='lat' dir='ltr'>etsi</span> <span class='ocrx_word' id='word_1_205' title='bbox 783 1942 906 1982; x_wconf 86' lang='lat' dir='ltr'>argu-</span> 
     </span>
     <span class='ocr_line' id='line_1_29' title="bbox 167 1987 906 2037; baseline -0.003 -9"><span class='ocrx_word' id='word_1_206' title='bbox 167 1993 306 2028; x_wconf 85' lang='lat' dir='ltr'>mento</span> <span class='ocrx_word' id='word_1_207' title='bbox 347 1987 467 2027; x_wconf 77' lang='lat' dir='ltr'>valde</span> <span class='ocrx_word' id='word_1_208' title='bbox 519 1987 687 2037; x_wconf 83' lang='lat' dir='ltr'>diversi,</span> <span class='ocrx_word' id='word_1_209' title='bbox 737 1987 906 2026; x_wconf 76' lang='lat' dir='ltr'>titulum</span> 
     </span>
     <span class='ocr_line' id='line_1_30' title="bbox 168 2043 905 2100; baseline -0.005 -13"><span class='ocrx_word' id='word_1_210' title='bbox 168 2045 265 2100; x_wconf 71' lang='grc' dir='ltr'>ἔργα</span> <span class='ocrx_word' id='word_1_211' title='bbox 282 2044 352 2086; x_wconf 82' lang='grc' dir='ltr'>καὶ</span> <span class='ocrx_word' id='word_1_212' title='bbox 371 2043 524 2099; x_wconf 75' lang='grc' dir='ltr'><em>ἡμέρας</em></span> <span class='ocrx_word' id='word_1_213' title='bbox 551 2058 792 2098; x_wconf 60' lang='lat' dir='ltr'>expressum*</span> <span class='ocrx_word' id='word_1_214' title='bbox 809 2058 905 2096; x_wconf 90' lang='lat' dir='ltr'>esse,</span> 
     </span>
     <span class='ocr_line' id='line_1_31' title="bbox 166 2103 905 2156; baseline -0.003 -13"><span class='ocrx_word' id='word_1_215' title='bbox 166 2103 249 2144; x_wconf 86' lang='lat' dir='ltr'>iam</span> <span class='ocrx_word' id='word_1_216' title='bbox 270 2103 434 2144; x_wconf 82' lang='lat' dir='ltr'>Servius</span> <span class='ocrx_word' id='word_1_217' title='bbox 457 2103 637 2142; x_wconf 87' lang='lat' dir='ltr'>monuit:</span> <span class='ocrx_word' id='word_1_218' title='bbox 675 2117 756 2155; x_wconf 87' lang='lat' dir='ltr'>quo</span> <span class='ocrx_word' id='word_1_219' title='bbox 785 2116 905 2156; x_wconf 88' lang='lat' dir='ltr'>opere</span> 
     </span>
     <span class='ocr_line' id='line_1_32' title="bbox 169 2160 906 2215; baseline 0.001 -15"><span class='ocrx_word' id='word_1_220' title='bbox 169 2168 211 2200; x_wconf 88' lang='lat' dir='ltr'>et</span> <span class='ocrx_word' id='word_1_221' title='bbox 243 2160 388 2213; x_wconf 89' lang='lat' dir='ltr'>quibus</span> <span class='ocrx_word' id='word_1_222' title='bbox 424 2162 676 2215; x_wconf 85' lang='lat' dir='ltr'>temporibus</span> <span class='ocrx_word' id='word_1_223' title='bbox 711 2175 804 2214; x_wconf 87' lang='lat' dir='ltr'>ager</span> <span class='ocrx_word' id='word_1_224' title='bbox 834 2175 906 2204; x_wconf 77' lang='lat' dir='ltr'>eo-</span> 
     </span>
    </p>
   </div>
   <div class='ocr_carea' id='block_1_12' title="bbox 168 2217 914 2259">
    <p class='ocr_par' dir='ltr' id='par_1_12' title="bbox 168 2217 914 2259">
     <span class='ocr_line' id='line_1_33' title="bbox 168 2217 914 2259; baseline 0 -1"><span class='ocrx_word' id='word_1_225' title='bbox 168 2217 314 2259; x_wconf 85' lang='lat' dir='ltr'>lendus</span> <span class='ocrx_word' id='word_1_226' title='bbox 343 2220 408 2258; x_wconf 88' lang='lat' dir='ltr'>sit.</span> <span class='ocrx_word' id='word_1_227' title='bbox 468 2221 541 2259; x_wconf 87' lang='lat' dir='ltr'>Est</span> <span class='ocrx_word' id='word_1_228' title='bbox 571 2226 707 2259; x_wconf 87' lang='lat' dir='ltr'>autem</span> <span class='ocrx_word' id='word_1_229' title='bbox 736 2220 789 2258; x_wconf 92' lang='lat' dir='ltr'>ad</span> <span class='ocrx_word' id='word_1_230' title='bbox 808 2233 914 2259; x_wconf 80' lang='lat' dir='ltr'>ver--</span> 
     </span>
    </p>
   </div>
   <div class='ocr_carea' id='block_1_13' title="bbox 166 2278 912 3025">
    <p class='ocr_par' dir='ltr' id='par_1_13' title="bbox 166 2278 912 3025">
     <span class='ocr_line' id='line_1_34' title="bbox 168 2278 906 2331; baseline -0.001 -13"><span class='ocrx_word' id='word_1_231' title='bbox 168 2278 317 2318; x_wconf 89' lang='lat' dir='ltr'>borum</span> <span class='ocrx_word' id='word_1_232' title='bbox 336 2284 527 2317; x_wconf 90' lang='lat' dir='ltr'>ornatum</span> <span class='ocrx_word' id='word_1_233' title='bbox 550 2278 689 2317; x_wconf 84' lang='lat' dir='ltr'>statim</span> <span class='ocrx_word' id='word_1_234' title='bbox 705 2278 748 2318; x_wconf 92' lang='lat' dir='ltr'>in</span> <span class='ocrx_word' id='word_1_235' title='bbox 764 2278 906 2331; x_wconf 90' lang='lat' dir='ltr'>primis</span> 
     </span>
     <span class='ocr_line' id='line_1_35' title="bbox 169 2335 906 2376; baseline 0 0"><span class='ocrx_word' id='word_1_236' title='bbox 169 2335 352 2376; x_wconf 83' lang='lat' dir='ltr'>versibus</span> <span class='ocrx_word' id='word_1_237' title='bbox 389 2336 695 2376; x_wconf 88' lang='lat' dir='ltr'>attendendum.</span> <span class='ocrx_word' id='word_1_238' title='bbox 765 2335 835 2376; x_wconf 88' lang='lat' dir='ltr'>Ait</span> <span class='ocrx_word' id='word_1_239' title='bbox 864 2349 906 2375; x_wconf 85' lang='lat' dir='ltr'>se</span> 
     </span>
     <span class='ocr_line' id='line_1_36' title="bbox 171 2393 906 2448; baseline 0.001 -15"><span class='ocrx_word' id='word_1_240' title='bbox 171 2407 285 2447; x_wconf 85' lang='lat' dir='ltr'>agere</span> <span class='ocrx_word' id='word_1_241' title='bbox 301 2393 404 2434; x_wconf 88' lang='lat' dir='ltr'>velle</span> <span class='ocrx_word' id='word_1_242' title='bbox 422 2395 553 2447; x_wconf 90' lang='lat' dir='ltr'>primo</span> <span class='ocrx_word' id='word_1_243' title='bbox 574 2395 663 2433; x_wconf 87' lang='lat' dir='ltr'>loco</span> <span class='ocrx_word' id='word_1_244' title='bbox 685 2394 735 2434; x_wconf 86' lang='lat' dir='ltr'>de</span> <span class='ocrx_word' id='word_1_245' title='bbox 753 2394 837 2448; x_wconf 86' lang='lat' dir='ltr'>agri</span> <span class='ocrx_word' id='word_1_246' title='bbox 864 2399 906 2433; x_wconf 88' lang='lat' dir='ltr'>et</span> 
     </span>
     <span class='ocr_line' id='line_1_37' title="bbox 170 2452 902 2505; baseline -0.001 -13"><span class='ocrx_word' id='word_1_247' title='bbox 170 2452 319 2492; x_wconf 87' lang='lat' dir='ltr'>vitium</span> <span class='ocrx_word' id='word_1_248' title='bbox 354 2452 527 2491; x_wconf 82' lang='lat' dir='ltr'>cultura.</span> <span class='ocrx_word' id='word_1_249' title='bbox 568 2453 699 2492; x_wconf 78' lang='lat' dir='ltr'>laetas</span> <span class='ocrx_word' id='word_1_250' title='bbox 734 2461 902 2505; x_wconf 78' lang='lat' dir='ltr'>segetes,</span> 
     </span>
     <span class='ocr_line' id='line_1_38' title="bbox 170 2507 908 2566; baseline 0.003 -16"><span class='ocrx_word' id='word_1_251' title='bbox 170 2509 283 2563; x_wconf 90' lang='lat' dir='ltr'>quod</span> <span class='ocrx_word' id='word_1_252' title='bbox 317 2509 480 2550; x_wconf 84' lang='lat' dir='ltr'>Hesiod.</span> <span class='ocrx_word' id='word_1_253' title='bbox 527 2507 712 2564; x_wconf 79' lang='grc' dir='ltr'><em>εὔφρονα</em></span> <span class='ocrx_word' id='word_1_254' title='bbox 747 2507 908 2566; x_wconf 82' lang='grc' dir='ltr'><strong><em>καρπὸν</em></strong></span> 
     </span>
     <span class='ocr_line' id='line_1_39' title="bbox 171 2566 907 2623; baseline 0 -16"><span class='ocrx_word' id='word_1_255' title='bbox 171 2568 334 2608; x_wconf 83' lang='lat' dir='ltr'>dixerat</span> <span class='ocrx_word' id='word_1_256' title='bbox 350 2566 466 2623; x_wconf 65' lang='lat' dir='ltr'>’&#39;qu.</span> <span class='ocrx_word' id='word_1_257' title='bbox 498 2568 581 2611; x_wconf 88' lang='lat'>775</span> <span class='ocrx_word' id='word_1_258' title='bbox 609 2568 786 2621; x_wconf 86' lang='lat' dir='ltr'>epitheto</span> <span class='ocrx_word' id='word_1_259' title='bbox 807 2583 907 2622; x_wconf 87' lang='lat' dir='ltr'>pro-</span> 
     </span>
     <span class='ocr_line' id='line_1_40' title="bbox 170 2625 907 2680; baseline -0.001 -15"><span class='ocrx_word' id='word_1_260' title='bbox 170 2626 283 2680; x_wconf 88' lang='lat' dir='ltr'>prio,</span> <span class='ocrx_word' id='word_1_261' title='bbox 319 2625 456 2665; x_wconf 89' lang='lat' dir='ltr'>Cicero</span> <span class='ocrx_word' id='word_1_262' title='bbox 490 2625 540 2664; x_wconf 89' lang='lat' dir='ltr'>de</span> <span class='ocrx_word' id='word_1_263' title='bbox 567 2626 637 2665; x_wconf 92' lang='lat' dir='ltr'>Or.</span> <span class='ocrx_word' id='word_1_264' title='bbox 657 2627 723 2677; x_wconf 90' lang='lat' dir='ltr'>III,</span> <span class='ocrx_word' id='word_1_265' title='bbox 741 2629 797 2669; x_wconf 80' lang='lat'>38</span> <span class='ocrx_word' id='word_1_266' title='bbox 817 2627 907 2665; x_wconf 88' lang='lat' dir='ltr'>lae-</span> 
     </span>
     <span class='ocr_line' id='line_1_41' title="bbox 171 2685 904 2736; baseline -0.001 -13"><span class='ocrx_word' id='word_1_267' title='bbox 171 2693 236 2723; x_wconf 84' lang='lat' dir='ltr'>tas</span> <span class='ocrx_word' id='word_1_268' title='bbox 254 2692 404 2736; x_wconf 77' lang='lat' dir='ltr'>segetes</span> <span class='ocrx_word' id='word_1_269' title='bbox 431 2686 554 2722; x_wconf 83' lang='lat' dir='ltr'>etiam</span> <span class='ocrx_word' id='word_1_270' title='bbox 570 2687 710 2723; x_wconf 76' lang='lat' dir='ltr'>rustici</span> <span class='ocrx_word' id='word_1_271' title='bbox 737 2685 876 2723; x_wconf 80' lang='lat' dir='ltr'>dicunt</span> <span class='ocrx_word' id='word_1_272' title='bbox 891 2699 904 2722; x_wconf 80' lang='lat'>.-</span> 
     </span>
     <span class='ocr_line' id='line_1_42' title="bbox 171 2741 907 2798; baseline -0.001 -17"><span class='ocrx_word' id='word_1_273' title='bbox 171 2741 282 2798; x_wconf 82' lang='lat' dir='ltr'>quod</span> <span class='ocrx_word' id='word_1_274' title='bbox 306 2744 412 2780; x_wconf 88' lang='lat' dir='ltr'>enim</span> <span class='ocrx_word' id='word_1_275' title='bbox 452 2742 653 2780; x_wconf 84' lang='lat' dir='ltr'>declarari</span> <span class='ocrx_word' id='word_1_276' title='bbox 688 2744 759 2782; x_wconf 71' lang='lat' dir='ltr'>vix</span> <span class='ocrx_word' id='word_1_277' title='bbox 791 2741 907 2781; x_wconf 70' lang='lat' dir='ltr'>verbo</span> 
     </span>
     <span class='ocr_line' id='line_1_43' title="bbox 166 2799 908 2853; baseline -0.001 -14"><span class='ocrx_word' id='word_1_278' title='bbox 166 2800 336 2853; x_wconf 81' lang='lat' dir='ltr'>proprio</span> <span class='ocrx_word' id='word_1_279' title='bbox 351 2807 499 2852; x_wconf 79' lang='lat' dir='ltr'>potest,</span> <span class='ocrx_word' id='word_1_280' title='bbox 534 2799 581 2838; x_wconf 84' lang='lat' dir='ltr'>id</span> <span class='ocrx_word' id='word_1_281' title='bbox 599 2801 794 2839; x_wconf 83' lang='lat' dir='ltr'>translato</span> <span class='ocrx_word' id='word_1_282' title='bbox 814 2813 908 2838; x_wconf 87' lang='lat' dir='ltr'>cum</span> 
     </span>
     <span class='ocr_line' id='line_1_44' title="bbox 173 2856 912 2911; baseline 0 -15"><span class='ocrx_word' id='word_1_283' title='bbox 173 2866 231 2898; x_wconf 84' lang='lat' dir='ltr'>est</span> <span class='ocrx_word' id='word_1_284' title='bbox 260 2857 434 2907; x_wconf 78' lang='lat' dir='ltr'>dictum,</span> <span class='ocrx_word' id='word_1_285' title='bbox 476 2857 652 2896; x_wconf 82' lang='lat' dir='ltr'>illustrat</span> <span class='ocrx_word' id='word_1_286' title='bbox 680 2858 727 2896; x_wconf 81' lang='lat' dir='ltr'>id</span> <span class='ocrx_word' id='word_1_287' title='bbox 739 2888 750 2907; x_wconf 90' lang='lat'><em>‚</em></span> <span class='ocrx_word' id='word_1_288' title='bbox 801 2856 912 2911; x_wconf 84' lang='lat' dir='ltr'>quod</span> 
     </span>
     <span class='ocr_line' id='line_1_45' title="bbox 174 2915 911 2968; baseline -0.001 -14"><span class='ocrx_word' id='word_1_289' title='bbox 174 2916 352 2968; x_wconf 77' lang='lat' dir='ltr'>intelligi</span> <span class='ocrx_word' id='word_1_290' title='bbox 361 2915 560 2965; x_wconf 65' lang='lat' dir='ltr'>volumus,</span> <span class='ocrx_word' id='word_1_291' title='bbox 585 2916 670 2953; x_wconf 86' lang='lat' dir='ltr'>eius</span> <span class='ocrx_word' id='word_1_292' title='bbox 687 2918 757 2966; x_wconf 89' lang='lat' dir='ltr'>rei,</span> <span class='ocrx_word' id='word_1_293' title='bbox 784 2929 911 2967; x_wconf 88' lang='lat' dir='ltr'>quam</span> 
     </span>
     <span class='ocr_line' id='line_1_46' title="bbox 173 2973 909 3025; baseline -0.004 -12"><span class='ocrx_word' id='word_1_294' title='bbox 173 2974 307 3013; x_wconf 82' lang='lat' dir='ltr'>alieno</span> <span class='ocrx_word' id='word_1_295' title='bbox 338 2973 453 3013; x_wconf 76' lang='lat' dir='ltr'>verbo</span> <span class='ocrx_word' id='word_1_296' title='bbox 483 2974 718 3025; x_wconf 84' lang='lat' dir='ltr'>posuimus,</span> <span class='ocrx_word' id='word_1_297' title='bbox 760 2973 909 3011; x_wconf 84' lang='lat' dir='ltr'>simili-</span> 
     </span>
    </p>
   </div>
   <div class='ocr_carea' id='block_1_14' title="bbox 958 1576 1750 3025">
    <p class='ocr_par' dir='ltr' id='par_1_14' title="bbox 958 1576 1750 3025">
     <span class='ocr_line' id='line_1_47' title="bbox 958 1576 1698 1632; baseline -0.005 -13"><span class='ocrx_word' id='word_1_298' title='bbox 958 1579 1069 1619; x_wconf 85' lang='lat' dir='ltr'>tudo.</span> <span class='ocrx_word' id='word_1_299' title='bbox 1138 1581 1186 1620; x_wconf 94' lang='lat' dir='ltr'><em>V</em></span> <span class='ocrx_word' id='word_1_300' title='bbox 1179 1581 1253 1618; x_wconf 73' lang='lat' dir='ltr'>iles</span> <span class='ocrx_word' id='word_1_301' title='bbox 1271 1592 1349 1632; x_wconf 87' lang='lat' dir='ltr'>pro</span> <span class='ocrx_word' id='word_1_302' title='bbox 1369 1577 1479 1617; x_wconf 89' lang='lat' dir='ltr'>omni</span> <span class='ocrx_word' id='word_1_303' title='bbox 1502 1576 1698 1616; x_wconf 86' lang='lat' dir='ltr'>arborum</span> 
     </span>
     <span class='ocr_line' id='line_1_48' title="bbox 959 1635 1698 1692; baseline -0.007 -14"><span class='ocrx_word' id='word_1_304' title='bbox 959 1650 1103 1692; x_wconf 87' lang='lat' dir='ltr'>genere</span> <span class='ocrx_word' id='word_1_305' title='bbox 1123 1637 1253 1691; x_wconf 89' lang='lat' dir='ltr'>ponit.</span> <span class='ocrx_word' id='word_1_306' title='bbox 1311 1637 1360 1676; x_wconf 86' lang='lat' dir='ltr'>In</span> <span class='ocrx_word' id='word_1_307' title='bbox 1385 1635 1484 1675; x_wconf 85' lang='lat' dir='ltr'>his:¹</span> <span class='ocrx_word' id='word_1_308' title='bbox 1502 1638 1531 1678; x_wconf 78' lang='lat'>2</span> <span class='ocrx_word' id='word_1_309' title='bbox 1553 1636 1698 1674; x_wconf 86' lang='lat' dir='ltr'>ulmis-</span> 
     </span>
     <span class='ocr_line' id='line_1_49' title="bbox 961 1693 1698 1751; baseline -0.004 -16"><span class='ocrx_word' id='word_1_310' title='bbox 961 1711 1037 1751; x_wconf 87' lang='lat' dir='ltr'>que</span> <span class='ocrx_word' id='word_1_311' title='bbox 1069 1696 1291 1748; x_wconf 83' lang='lat' dir='ltr'>adiungere</span> <span class='ocrx_word' id='word_1_312' title='bbox 1315 1697 1439 1743; x_wconf 76' lang='lat' dir='ltr'>viles5</span> <span class='ocrx_word' id='word_1_313' title='bbox 1477 1693 1698 1732; x_wconf 85' lang='lat' dir='ltr'>secundum</span> 
     </span>
     <span class='ocr_line' id='line_1_50' title="bbox 962 1753 1700 1806; baseline -0.005 -13"><span class='ocrx_word' id='word_1_314' title='bbox 962 1755 1114 1795; x_wconf 84' lang='lat' dir='ltr'>ltaliae</span> <span class='ocrx_word' id='word_1_315' title='bbox 1150 1756 1274 1792; x_wconf 85' lang='lat' dir='ltr'>situm</span> <span class='ocrx_word' id='word_1_316' title='bbox 1306 1753 1496 1806; x_wconf 82' lang='lat' dir='ltr'>loquutus</span> <span class='ocrx_word' id='word_1_317' title='bbox 1530 1760 1606 1802; x_wconf 84' lang='lat' dir='ltr'>est,</span> <span class='ocrx_word' id='word_1_318' title='bbox 1655 1753 1700 1790; x_wconf 85' lang='lat' dir='ltr'>in</span> 
     </span>
     <span class='ocr_line' id='line_1_51' title="bbox 965 1811 1698 1866; baseline -0.004 -14"><span class='ocrx_word' id='word_1_319' title='bbox 965 1827 1049 1866; x_wconf 82' lang='lat' dir='ltr'>qua</span> <span class='ocrx_word' id='word_1_320' title='bbox 1069 1813 1168 1852; x_wconf 71' lang='lat' dir='ltr'>vites</span> <span class='ocrx_word' id='word_1_321' title='bbox 1187 1812 1312 1849; x_wconf 82' lang='lat' dir='ltr'>altius</span> <span class='ocrx_word' id='word_1_322' title='bbox 1330 1811 1550 1850; x_wconf 73' lang='lat' dir='ltr'>elevantur.</span> <span class='ocrx_word' id='word_1_323' title='bbox 1585 1811 1698 1849; x_wconf 85' lang='lat' dir='ltr'>Serv.</span> 
     </span>
     <span class='ocr_line' id='line_1_52' title="bbox 966 1868 1701 1921; baseline -0.007 -11"><span class='ocrx_word' id='word_1_324' title='bbox 966 1873 1004 1913; x_wconf 83' lang='lat'>3.</span> <span class='ocrx_word' id='word_1_325' title='bbox 1043 1871 1101 1909; x_wconf 90' lang='lat' dir='ltr'>De</span> <span class='ocrx_word' id='word_1_326' title='bbox 1132 1883 1177 1908; x_wconf 89' lang='lat' dir='ltr'>re</span> <span class='ocrx_word' id='word_1_327' title='bbox 1213 1868 1405 1921; x_wconf 88' lang='lat' dir='ltr'>pecuaria</span> <span class='ocrx_word' id='word_1_328' title='bbox 1443 1881 1558 1920; x_wconf 84' lang='lat' dir='ltr'>agam</span> <span class='ocrx_word' id='word_1_329' title='bbox 1579 1883 1589 1906; x_wconf 85' lang='lat'>:</span> <span class='ocrx_word' id='word_1_330' title='bbox 1628 1869 1701 1921; x_wconf 84' lang='lat' dir='ltr'>qui</span> 
     </span>
     <span class='ocr_line' id='line_1_53' title="bbox 964 1926 1698 1978; baseline -0.004 -11"><span class='ocrx_word' id='word_1_331' title='bbox 964 1929 1096 1967; x_wconf 86' lang='lat' dir='ltr'>cultus</span> <span class='ocrx_word' id='word_1_332' title='bbox 1122 1926 1306 1966; x_wconf 78' lang='lat' dir='ltr'>habendo</span> <span class='ocrx_word' id='word_1_333' title='bbox 1334 1929 1386 1965; x_wconf 81' lang='lat' dir='ltr'>sit</span> <span class='ocrx_word' id='word_1_334' title='bbox 1404 1927 1546 1978; x_wconf 83' lang='lat' dir='ltr'>pecori</span> <span class='ocrx_word' id='word_1_335' title='bbox 1559 1940 1576 1975; x_wconf 90' lang='lat'><em>;</em></span> <span class='ocrx_word' id='word_1_336' title='bbox 1621 1939 1698 1978; x_wconf 91' lang='lat' dir='ltr'>pro</span> 
     </span>
     <span class='ocr_line' id='line_1_54' title="bbox 963 1984 1699 2039; baseline -0.004 -13"><span class='ocrx_word' id='word_1_337' title='bbox 963 1985 1140 2039; x_wconf 85' lang='lat' dir='ltr'>vulgari,</span> <span class='ocrx_word' id='word_1_338' title='bbox 1181 1998 1284 2037; x_wconf 90' lang='lat' dir='ltr'>quae</span> <span class='ocrx_word' id='word_1_339' title='bbox 1318 1998 1416 2024; x_wconf 87' lang='lat' dir='ltr'>cura</span> <span class='ocrx_word' id='word_1_340' title='bbox 1447 1984 1501 2023; x_wconf 88' lang='lat' dir='ltr'>sit</span> <span class='ocrx_word' id='word_1_341' title='bbox 1529 1984 1699 2037; x_wconf 85' lang='lat' dir='ltr'>pecoris,</span> 
     </span>
     <span class='ocr_line' id='line_1_55' title="bbox 964 2042 1700 2097; baseline -0.003 -14"><span class='ocrx_word' id='word_1_342' title='bbox 964 2044 1076 2097; x_wconf 90' lang='lat' dir='ltr'>quod</span> <span class='ocrx_word' id='word_1_343' title='bbox 1103 2043 1191 2096; x_wconf 84' lang='lat' dir='ltr'>quis</span> <span class='ocrx_word' id='word_1_344' title='bbox 1213 2043 1355 2093; x_wconf 89' lang='lat' dir='ltr'>habet,</span> <span class='ocrx_word' id='word_1_345' title='bbox 1385 2042 1585 2096; x_wconf 88' lang='lat' dir='ltr'>possidet,</span> <span class='ocrx_word' id='word_1_346' title='bbox 1617 2042 1700 2082; x_wconf 88' lang='lat' dir='ltr'>sive</span> 
     </span>
     <span class='ocr_line' id='line_1_56' title="bbox 966 2100 1750 2153; baseline -0.005 -11"><span class='ocrx_word' id='word_1_347' title='bbox 966 2103 1059 2153; x_wconf 80' lang='lat' dir='ltr'>alit,</span> <span class='ocrx_word' id='word_1_348' title='bbox 1099 2108 1248 2141; x_wconf 85' lang='lat' dir='ltr'>servat.</span> <span class='ocrx_word' id='word_1_349' title='bbox 1278 2100 1463 2142; x_wconf 70' lang='lat' dir='ltr'>habendo</span> <span class='ocrx_word' id='word_1_350' title='bbox 1493 2100 1547 2139; x_wconf 83' lang='lat' dir='ltr'>ad</span> <span class='ocrx_word' id='word_1_351' title='bbox 1575 2114 1700 2139; x_wconf 89' lang='lat' dir='ltr'>orna-</span> <span class='ocrx_word' id='word_1_352' title='bbox 1748 2131 1750 2133; x_wconf 93' lang='lat'>.</span> 
     </span>
     <span class='ocr_line' id='line_1_57' title="bbox 963 2157 1700 2213; baseline -0.005 -12"><span class='ocrx_word' id='word_1_353' title='bbox 963 2167 1054 2201; x_wconf 87' lang='lat' dir='ltr'>tum</span> <span class='ocrx_word' id='word_1_354' title='bbox 1073 2160 1275 2200; x_wconf 84' lang='lat' dir='ltr'>adiectum</span> <span class='ocrx_word' id='word_1_355' title='bbox 1288 2173 1364 2212; x_wconf 91' lang='lat' dir='ltr'>pro</span> <span class='ocrx_word' id='word_1_356' title='bbox 1382 2157 1577 2213; x_wconf 86' lang='lat' dir='ltr'>epitheto.</span> <span class='ocrx_word' id='word_1_357' title='bbox 1607 2159 1700 2198; x_wconf 89' lang='lat' dir='ltr'>Sol-</span> 
     </span>
     <span class='ocr_line' id='line_1_58' title="bbox 964 2215 1701 2271; baseline -0.003 -13"><span class='ocrx_word' id='word_1_358' title='bbox 964 2219 1083 2258; x_wconf 88' lang='lat' dir='ltr'>lenne</span> <span class='ocrx_word' id='word_1_359' title='bbox 1121 2232 1223 2258; x_wconf 90' lang='lat' dir='ltr'>vero</span> <span class='ocrx_word' id='word_1_360' title='bbox 1260 2217 1304 2257; x_wconf 92' lang='lat' dir='ltr'>in</span> <span class='ocrx_word' id='word_1_361' title='bbox 1338 2230 1384 2256; x_wconf 86' lang='lat' dir='ltr'>re</span> <span class='ocrx_word' id='word_1_362' title='bbox 1415 2215 1605 2271; x_wconf 83' lang='lat' dir='ltr'>pecuaria</span> <span class='ocrx_word' id='word_1_363' title='bbox 1640 2222 1701 2256; x_wconf 89' lang='lat' dir='ltr'>est</span> 
     </span>
     <span class='ocr_line' id='line_1_59' title="bbox 964 2273 1701 2329; baseline -0.004 -13"><span class='ocrx_word' id='word_1_364' title='bbox 964 2277 1120 2316; x_wconf 77' lang='lat' dir='ltr'>habere.</span> <span class='ocrx_word' id='word_1_365' title='bbox 1150 2276 1235 2316; x_wconf 86' lang='lat' dir='ltr'>vid.</span> <span class='ocrx_word' id='word_1_366' title='bbox 1257 2276 1396 2315; x_wconf 87' lang='lat' dir='ltr'>Burm.</span> <span class='ocrx_word' id='word_1_367' title='bbox 1457 2273 1554 2329; x_wconf 85' lang='lat' dir='ltr'>(Sed</span> <span class='ocrx_word' id='word_1_368' title='bbox 1574 2288 1701 2327; x_wconf 92' lang='lat' dir='ltr'>quum</span> 
     </span>
     <span class='ocr_line' id='line_1_60' title="bbox 966 2332 1702 2383; baseline -0.003 -9"><span class='ocrx_word' id='word_1_369' title='bbox 966 2335 1168 2375; x_wconf 91' lang='lat' dir='ltr'>Gerundii</span> <span class='ocrx_word' id='word_1_370' title='bbox 1185 2334 1333 2374; x_wconf 86' lang='lat' dir='ltr'>Dativo</span> <span class='ocrx_word' id='word_1_371' title='bbox 1361 2347 1407 2372; x_wconf 90' lang='lat' dir='ltr'>ea</span> <span class='ocrx_word' id='word_1_372' title='bbox 1425 2333 1523 2372; x_wconf 87' lang='lat' dir='ltr'>insit</span> <span class='ocrx_word' id='word_1_373' title='bbox 1539 2332 1621 2383; x_wconf 89' lang='lat' dir='ltr'>vis,</span> <span class='ocrx_word' id='word_1_374' title='bbox 1651 2339 1702 2372; x_wconf 89' lang='lat' dir='ltr'>ut</span> 
     </span>
     <span class='ocr_line' id='line_1_61' title="bbox 966 2391 1702 2446; baseline -0.004 -14"><span class='ocrx_word' id='word_1_375' title='bbox 966 2393 1182 2446; x_wconf 84' lang='lat' dir='ltr'>significet,</span> <span class='ocrx_word' id='word_1_376' title='bbox 1214 2392 1314 2444; x_wconf 81' lang='lat' dir='ltr'>quid</span> <span class='ocrx_word' id='word_1_377' title='bbox 1338 2398 1480 2446; x_wconf 89' lang='lat' dir='ltr'>aptum</span> <span class='ocrx_word' id='word_1_378' title='bbox 1500 2391 1574 2441; x_wconf 85' lang='lat' dir='ltr'>sit,</span> <span class='ocrx_word' id='word_1_379' title='bbox 1600 2405 1702 2430; x_wconf 89' lang='lat' dir='ltr'>con-</span> 
     </span>
     <span class='ocr_line' id='line_1_62' title="bbox 962 2449 1703 2502; baseline -0.004 -12"><span class='ocrx_word' id='word_1_380' title='bbox 962 2451 1124 2501; x_wconf 86' lang='lat' dir='ltr'>veniat,</span> <span class='ocrx_word' id='word_1_381' title='bbox 1154 2450 1223 2490; x_wconf 81' lang='lat' dir='ltr'>hic</span> <span class='ocrx_word' id='word_1_382' title='bbox 1243 2450 1407 2502; x_wconf 87' lang='lat' dir='ltr'>quidem</span> <span class='ocrx_word' id='word_1_383' title='bbox 1421 2449 1548 2489; x_wconf 86' lang='lat' dir='ltr'>verba</span> <span class='ocrx_word' id='word_1_384' title='bbox 1565 2450 1703 2500; x_wconf 82' lang='lat' dir='ltr'>pecori</span> 
     </span>
     <span class='ocr_line' id='line_1_63' title="bbox 963 2507 1702 2560; baseline -0.003 -12"><span class='ocrx_word' id='word_1_385' title='bbox 963 2509 1147 2548; x_wconf 78' lang='lat' dir='ltr'>habendo</span> <span class='ocrx_word' id='word_1_386' title='bbox 1196 2509 1335 2548; x_wconf 86' lang='lat' dir='ltr'>malim</span> <span class='ocrx_word' id='word_1_387' title='bbox 1386 2507 1566 2560; x_wconf 88' lang='lat' dir='ltr'>accipere</span> <span class='ocrx_word' id='word_1_388' title='bbox 1586 2521 1595 2544; x_wconf 90' lang='lat'><strong>:</strong></span> <span class='ocrx_word' id='word_1_389' title='bbox 1644 2512 1702 2546; x_wconf 91' lang='lat' dir='ltr'>ut</span> 
     </span>
     <span class='ocr_line' id='line_1_64' title="bbox 963 2565 1701 2615; baseline -0.004 -9"><span class='ocrx_word' id='word_1_390' title='bbox 963 2574 1112 2606; x_wconf 88' lang='lat' dir='ltr'>recte</span> <span class='ocrx_word' id='word_1_391' title='bbox 1151 2565 1434 2615; x_wconf 83' lang='lat' dir='ltr'>habeatur,</span> <span class='ocrx_word' id='word_1_392' title='bbox 1473 2579 1506 2603; x_wconf 89' lang='lat' dir='ltr'>s.</span> <span class='ocrx_word' id='word_1_393' title='bbox 1539 2569 1596 2603; x_wconf 92' lang='lat' dir='ltr'>ut</span> <span class='ocrx_word' id='word_1_394' title='bbox 1623 2578 1701 2604; x_wconf 90' lang='lat' dir='ltr'>re-</span> 
     </span>
     <span class='ocr_line' id='line_1_65' title="bbox 965 2622 1700 2675; baseline -0.003 -11"><span class='ocrx_word' id='word_1_395' title='bbox 965 2631 1045 2664; x_wconf 88' lang='lat' dir='ltr'>cte</span> <span class='ocrx_word' id='word_1_396' title='bbox 1095 2630 1316 2664; x_wconf 88' lang='lat' dir='ltr'>curetur</span> <span class='ocrx_word' id='word_1_397' title='bbox 1337 2639 1347 2675; x_wconf 79' lang='lat'><em>3</em></span> <span class='ocrx_word' id='word_1_398' title='bbox 1403 2629 1454 2662; x_wconf 90' lang='lat' dir='ltr'>ut</span> <span class='ocrx_word' id='word_1_399' title='bbox 1498 2622 1605 2661; x_wconf 82' lang='lat' dir='ltr'>infra</span> <span class='ocrx_word' id='word_1_400' title='bbox 1644 2623 1700 2673; x_wconf 86' lang='grc' dir='ltr'>ΙΙ,</span> 
     </span>
     <span class='ocr_line' id='line_1_66' title="bbox 967 2680 1702 2733; baseline -0.01 -7"><span class='ocrx_word' id='word_1_401' title='bbox 967 2685 1088 2725; x_wconf 83' lang='grc'>178.;</span> <span class='ocrx_word' id='word_1_402' title='bbox 1126 2695 1257 2733; x_wconf 85' lang='lat' dir='ltr'>„quae</span> <span class='ocrx_word' id='word_1_403' title='bbox 1286 2682 1339 2721; x_wconf 88' lang='lat' dir='ltr'>sit</span> <span class='ocrx_word' id='word_1_404' title='bbox 1365 2680 1522 2720; x_wconf 83' lang='lat' dir='ltr'>rebus</span> <span class='ocrx_word' id='word_1_405' title='bbox 1551 2686 1702 2720; x_wconf 84' lang='lat' dir='ltr'>natura</span> 
     </span>
     <span class='ocr_line' id='line_1_67' title="bbox 963 2738 1702 2791; baseline -0.005 -10"><span class='ocrx_word' id='word_1_406' title='bbox 963 2739 1262 2791; x_wconf 82' lang='lat' dir='ltr'>ferendis3“</span> <span class='ocrx_word' id='word_1_407' title='bbox 1292 2740 1318 2779; x_wconf 93' lang='lat' dir='ltr'>i.</span> <span class='ocrx_word' id='word_1_408' title='bbox 1340 2752 1371 2779; x_wconf 92' lang='lat' dir='ltr'>e.</span> <span class='ocrx_word' id='word_1_409' title='bbox 1403 2738 1515 2790; x_wconf 88' lang='lat' dir='ltr'>quod</span> <span class='ocrx_word' id='word_1_410' title='bbox 1535 2738 1620 2791; x_wconf 89' lang='lat' dir='ltr'>agri</span> <span class='ocrx_word' id='word_1_411' title='bbox 1635 2739 1702 2777; x_wconf 89' lang='lat' dir='ltr'>in-</span> 
     </span>
     <span class='ocr_line' id='line_1_68' title="bbox 964 2796 1700 2852; baseline -0.001 -15"><span class='ocrx_word' id='word_1_412' title='bbox 964 2798 1126 2852; x_wconf 89' lang='lat' dir='ltr'>genium</span> <span class='ocrx_word' id='word_1_413' title='bbox 1146 2803 1287 2850; x_wconf 89' lang='lat' dir='ltr'>aptum</span> <span class='ocrx_word' id='word_1_414' title='bbox 1306 2797 1359 2836; x_wconf 88' lang='lat' dir='ltr'>sit</span> <span class='ocrx_word' id='word_1_415' title='bbox 1370 2797 1492 2836; x_wconf 83' lang='lat' dir='ltr'>rebus</span> <span class='ocrx_word' id='word_1_416' title='bbox 1512 2796 1700 2836; x_wconf 84' lang='lat' dir='ltr'>ferendis.</span> 
     </span>
     <span class='ocr_line' id='line_1_69' title="bbox 966 2854 1702 2905; baseline -0.003 -10"><span class='ocrx_word' id='word_1_417' title='bbox 966 2856 1122 2896; x_wconf 88' lang='lat' dir='ltr'>Colum.</span> <span class='ocrx_word' id='word_1_418' title='bbox 1139 2855 1242 2905; x_wconf 85' lang='lat' dir='ltr'>Vffl,</span> <span class='ocrx_word' id='word_1_419' title='bbox 1263 2855 1302 2905; x_wconf 88' lang='lat'>5,</span> <span class='ocrx_word' id='word_1_420' title='bbox 1327 2858 1413 2898; x_wconf 82' lang='lat'>19.:</span> <span class='ocrx_word' id='word_1_421' title='bbox 1444 2854 1702 2905; x_wconf 83' lang='lat' dir='ltr'>„curandum</span> 
     </span>
     <span class='ocr_line' id='line_1_70' title="bbox 967 2912 1701 2967; baseline -0.004 -13"><span class='ocrx_word' id='word_1_422' title='bbox 967 2914 1064 2963; x_wconf 87' lang='lat' dir='ltr'>erit,</span> <span class='ocrx_word' id='word_1_423' title='bbox 1095 2918 1145 2952; x_wconf 89' lang='lat' dir='ltr'>ut</span> <span class='ocrx_word' id='word_1_424' title='bbox 1182 2912 1362 2967; x_wconf 85' lang='lat' dir='ltr'>tepide</span> <span class='ocrx_word' id='word_1_425' title='bbox 1400 2912 1701 2952; x_wconf 86' lang='lat' dir='ltr'>habeantur</span> 
     </span>
     <span class='ocr_line' id='line_1_71' title="bbox 969 2970 1700 3025; baseline -0.003 -15"><span class='ocrx_word' id='word_1_426' title='bbox 969 2970 1082 3025; x_wconf 88' lang='lat' dir='ltr'>puUi.</span> <span class='ocrx_word' id='word_1_427' title='bbox 1096 2973 1120 2993; x_wconf 81' lang='lat'><strong>“</strong></span> <span class='ocrx_word' id='word_1_428' title='bbox 1171 2971 1313 3023; x_wconf 89' lang='lat' dir='ltr'>Itaque</span> <span class='ocrx_word' id='word_1_429' title='bbox 1348 2973 1421 3024; x_wconf 87' lang='lat' dir='ltr'>qui</span> <span class='ocrx_word' id='word_1_430' title='bbox 1452 2970 1584 3009; x_wconf 82' lang='lat' dir='ltr'>cultus</span> <span class='ocrx_word' id='word_1_431' title='bbox 1619 2970 1700 3008; x_wconf 81' lang='lat' dir='ltr'>Iza-</span> 
     </span>
    </p>
   </div>
  </div>
 </body>
</html>
