1768 3320
151 208 267 271 200Χ

490 218 545 267 P.
589 217 934 267 VIRGILII
976 213 1339 265 MARONIS

225 360 269 396 c.
305 342 546 410 Populus
571 342 790 394 Alcidae
810 341 1123 407 gratissima,
1160 340 1277 389 vitis
1297 338 1507 405 Iacche,

150 417 444 466 Formosae
462 422 667 478 myrtus
690 413 914 475 Veneri,

951 428 1043 460 sua
1067 410 1248 459 laurea
1267 409 1522 462 Phoebo:

152 484 349 550 Phyllis
373 493 513 533 amat
534 482 773 544 corulos;
821 481 934 531 illas
957 480 1092 530 dum
1111 478 1311 544 Phyllis
1339 480 1551 545 amabit,

151 557 264 606 Nec
283 563 488 619 myrtus
508 554 686 603 vincet
707 552 919 601 corulos
934 591 946 614 ,
984 567 1086 600 nec
1106 549 1286 599 laurea
1311 549 1535 603 Phoebi.

154 641 200 677 Τ.
235 625 488 674 Fraxinus
511 624 565 672 in
588 623 727 672 silvis
750 620 1097 687 pulcerrima,
1135 621 1292 687 pinus
1313 620 1368 669 in
1390 619 1576 687 hortiS,
1609 624 1677 673 65

152 694 392 761 Populus
412 695 466 743 in
486 691 682 756 fluviiS,
722 692 865 740 abies
890 692 944 740 in
966 690 1244 740 montibus
1265 689 1403 742 altis:

157 766 378 831 Saepius
400 773 451 813 at
472 764 513 811 si
533 779 650 826 me,
687 761 880 826 Lycida
901 759 1169 824 formose,
1206 761 1425 811 revisas:

152 835 405 885 Fraxinus
425 834 479 882 in
498 832 638 881 silvis
666 831 819 881 cedat
840 831 936 880 tibi
949 873 962 896 ,
1000 832 1159 898 pinus
1181 831 1236 880 in
1254 830 1439 883 hortiS.

223 921 279 957 M.
319 906 463 954 Haec
494 902 748 966 memini,
798 910 851 951 et
882 902 1085 952 victum
1116 899 1312 951 frustra
1344 900 1678 952 contendere

943 971 1187 1037 Thyrsin.

200 1112 247 1150 64
275 1115 354 1148 Nee
382 1123 527 1160 myrtus
545 1115 669 1148 vincet
697 1115 865 1148 Veneris.
913 1113 972 1148 Sic
1000 1113 1195 1158 praefixum
1220 1113 1339 1148 verbis
1364 1112 1476 1148 Servii
1501 1113 1548 1147 ad
1567 1113 1612 1148 h.
1635 1127 1680 1158 ι,

154 1161 249 1207 quod
270 1168 306 1194 et
331 1161 445 1206 ipsum
467 1162 577 1195 habet
598 1160 826 1203 suavitatem,
863 1173 905 1194 ex
925 1161 1080 1206 paritate
1100 1160 1173 1194 eius
1198 1161 1294 1206 quod
1310 1161 1522 1206 respondet:
1548 1161 1681 1196 laurea

153 1207 301 1242 Phoebi.
334 1209 420 1254 &Sic
442 1208 547 1242 etiam
565 1212 663 1242 Serv.
679 1208 806 1242 Dresd.
854 1208 925 1242 Sed
941 1207 1162 1241 ambitiosius
1181 1208 1357 1253 Phyllidis
1381 1214 1418 1241 et
1433 1207 1585 1242 Veneris
1608 1220 1680 1243 no-

152 1254 246 1288 mina
280 1255 348 1289 sibi
382 1262 659 1300 opponerentur.
706 1258 786 1290 Wr.
819 1275 864 1280 —
908 1256 966 1292 65.
1000 1256 1095 1290 Male
1122 1255 1300 1289 Bodenius
1333 1267 1424 1289 corr.
1453 1256 1567 1289 tinus.
1607 1256 1679 1290 vid.

152 1301 331 1336 Schirach.
358 1302 470 1336 clavis
487 1304 626 1336 Poetar.
654 1303 789 1337 classic.
811 1303 850 1336 P.
869 1303 911 1336 ΙΙ.
937 1315 973 1348 p.
994 1303 1078 1339 531.
1102 1310 1137 1336 et
1159 1302 1280 1337 Heins.
1313 1303 1360 1337 ad
1383 1301 1485 1336 Ovid.
1511 1305 1587 1337 Art.
1603 1306 1680 1339 Am.
1754 1328 1756 1330 ψ

152 1350 212 1391 111,
230 1350 310 1386 692.
334 1349 457 1394 Ialm.)

552 1349 598 1385 67
624 1363 668 1384 ac
690 1350 819 1384 Medic.
847 1362 869 1383 a
895 1362 941 1383 m.
973 1362 1027 1394 pr.

1125 1351 1171 1386 68
1196 1350 1305 1383 cedat
1333 1362 1352 1383 e
1378 1349 1508 1383 Medic.
1537 1356 1574 1383 et
1600 1350 1680 1384 aliis

151 1396 272 1429 Heius.
293 1397 464 1441 reposuit.
510 1397 695 1431 Laudabat
712 1397 807 1431 idem
831 1409 849 1430 e
867 1398 1029 1442 Longob.
1051 1396 1200 1434 Pierius.
1252 1397 1371 1442 Vulgo
1388 1395 1538 1430 lectum':
1564 1398 1679 1432 cedet.

153 1443 270 1488 (cedet
291 1443 396 1477 etiam
408 1444 445 1479 ·7.
470 1445 525 1479 11.
549 1442 603 1480 14.
628 1445 817 1489 probatum
834 1444 953 1478 Cortio
977 1444 1021 1478 ad
1039 1444 1169 1478 Lucan.
1192 1445 1218 1486 1,
1241 1444 1320 1480 103.
1345 1442 1416 1479 vid.
1439 1445 1481 1486 Q.
1499 1445 1544 1478 V.
1566 1446 1628 1487 VI,
1644 1446 1680 1482 3.

158 1492 215 1525 W
208 1490 252 1534 r.)

153 1537 279 1582 at2vid.
302 1538 347 1572 ad
366 1536 439 1572 Ecl.
461 1539 504 1581 ΙΙ,
527 1540 584 1575 26.

151 1656 230 1695 rim
263 1680 313 1685 -
351 1657 514 1696 Vossius
541 1656 643 1697 haec
670 1658 728 1697 ita
755 1658 887 1698 inter-

152 1720 361 1767 pretatur,
391 1721 440 1754 ut
459 1714 539 1754 hoc
559 1716 780 1768 significare
809 1730 888 1756 vo·-

152 1771 272 1810 luisse
293 1772 482 1824 Thyrsim
508 1775 727 1814 existimet:
759 1775 888 1814 adve-

153 1830 290 1869 niente
324 1830 532 1884 Phyllide,
570 1832 730 1884 Iovem,
773 1833 888 1885 quasi

153 1887 288 1926 Danae
309 1889 441 1940 aliqua
458 1897 691 1943 conspecta,
717 1905 790 1944 per
807 1892 888 1930 im·-

153 1945 269 1985 brem
288 1960 328 1985 se
349 1947 571 1988 demittere.
606 1951 676 1990 W
669 1948 725 2005 r.)

214 2033 410 2076 65—68.
438 2036 562 2086 pinus
581 2037 624 2074 in
640 2036 788 2086 hortis,
820 2037 887 2090 pi-

155 2103 232 2129 nus
265 2092 415 2142 sativa,
457 2105 527 2131 seu
565 2093 805 2144 domestica,
846 2101 888 2133 et

154 2147 376 2199 hortensis,
419 2150 565 2190 Ovidio
591 2150 681 2192 Art.
703 2153 771 2203 Ill,
801 2156 886 2195 692

149 2207 276 2257 pinus
292 2208 417 2257 culta,
442 2210 561 2258 πίτυς
576 2207 739 2264 ἥμερος,
764 2210 886 2250 arbor

156 2276 312 2316 semper
335 2265 491 2316 virens,
523 2274 563 2306 et
587 2269 726 2321 apibus
755 2275 885 2322 grata,

157 2321 208 2360 de
226 2335 306 2373 qua
327 2322 448 2362 docta
472 2324 524 2362 ad
546 2324 588 2365 h.
613 2327 640 2365 l.
664 2327 887 2379 disputatio

154 2378 319 2419 Heinsii.
345 2381 533 2420 ef.Cerda
552 2383 603 2424 ad
616 2385 684 2424 Ge.
705 2386 771 2436 IV,
791 2388 886 2428 112.

158 2434 234 2491 (—
262 2440 328 2480 66.
359 2440 403 2477 in
421 2441 593 2492 flm’iiS,
624 2443 650 2482 i.
670 2456 703 2482 e.
726 2444 887 2495 adflu—

155 2496 258 2544 wios,
289 2501 339 2535 ut
356 2496 474 2550 Prop.
492 2497 521 2548 I,
540 2502 581 2549 2,
604 2503 669 2542 11.
699 2501 782 2540 vid.
800 2507 887 2540 not.

157 2552 210 2591 ad
233 2553 397 2606 Niceph.
427 2555 591 2597 Blemm.
619 2572 659 2611 p.
684 2561 887 2602 29—31.

159 2611 231 2662 Sp.
293 2611 387 2652 Vid.
424 2613 544 2653 etiam
578 2615 810 2656 Broukhus.
846 2623 888 2655 et

155 2668 294 2708 Burm.
321 2669 375 2708 ad
399 2670 518 2724 Prop.
537 2671 567 2721 I,
594 2675 632 2724 1,
665 2676 730 2715 11.
765 2673 884 2729 Wr.)

158 2729 226 2769 67.
274 2727 502 2767 Praeseram
550 2735 592 2768 te
637 2730 799 2770 fraxino
845 2738 886 2771 et

156 2797 266 2838 pmo.

215 2871 284 2913 69.
314 2870 491 2925 Operose
510 2871 658 2912 docent
676 2874 757 2913 viri
775 2873 888 2914 docti

156 2940 230 2981 per
253 2934 385 2968 totam
409 2930 609 2982 Eclogam,
640 2937 889 2985 quantopere

157 2985 200 3024 in
247 2985 411 3041 singulis
470 2988 653 3028 versibus
706 2991 889 3043 superior

341 1492 385 1526 69
411 1493 514 1524 Haec
535 1493 696 1526 memini:
722 1493 860 1526 victam
880 1500 918 1525 et
929 1490 966 1539 f
987 1491 1169 1537 Oblongus
1191 1490 1313 1526 Pierii.
1368 1491 1540 1537 Thyrsim
1559 1491 1680 1526 multi:

946 1656 1095 1710 Thyrsi
1124 1658 1176 1697 sit
1211 1656 1425 1710 Corydon,
1463 1657 1511 1696 iis
1544 1664 1682 1698 tamen

927 1716 1029 1764 *fere
1065 1716 1332 1769 argumentis,
1372 1722 1443 1764 ut,
1489 1715 1522 1754 si
1559 1723 1682 1770 poeta

945 1774 1123 1827 Thyrsin
1141 1774 1339 1814 victorem
1364 1774 1680 1826 pronuntiasset,

943 1832 1068 1871 iidem
1103 1832 1227 1871 huius
1262 1831 1404 1871 iudicii
1445 1846 1604 1872 caussas
1627 1840 1682 1873 -et

944 1891 1205 1944 probationes
1230 1891 1279 1929 ab
1303 1890 1447 1929 iisdem
1472 1890 1572 1930 locis
1601 1891 1681 1932 du-

945 1948 1196 2001 cturiffsuisse
1220 1948 1454 1988 videantur.
1502 1949 1594 1988 Hoc
1617 1951 1682 1989 sa-

945 2007 1020 2046 cile
1037 2007 1256 2061 perspicio,
1287 2006 1464 2059 Thyrsin
1486 2020 1568 2046 esse
1583 2022 1681 2061 per-

943 2072 1113 2119 petuum
1160 2065 1385 2118 Corydonis
1427 2065 1682 2106 obtrectato—

943 2137 1030 2163 rem
1039 2138 1050 2174 3
1088 2123 1133 2162 id
1157 2123 1269 2175 quod
1291 2123 1378 2176 ipsa
1405 2123 1473 2162 lex
1494 2125 1688 2164 carminis-
1722 2126 1725 2131 '

946 2181 1148 2221 amoebaei
1171 2181 1370 2235 postulat3
1399 2181 1523 2221 huius
1543 2189 1681 2222 tamen

944 2254 1087 2280 versus
1115 2253 1195 2291 qua
1219 2239 1388 2279 tandem
1408 2240 1452 2279 in
1477 2254 1522 2280 re
1543 2241 1681 2294 Thyr-

945 2298 1053 2337 sidos
1069 2298 1244 2337 numeris
1262 2304 1483 2351 praestent,
1505 2299 1575 2352 qui
1591 2306 1682 2339 tar-

947 2356 1023 2396 dus
1055 2369 1168 2396 meus
1199 2369 1337 2396 sensus
1372 2363 1452 2407 est,
1495 2357 1682 2410 equidem

945 2429 1030 2454 non
1075 2414 1266 2468 percipio.
1335 2414 1499 2455 Inventi
1539 2416 1681 2455 saltem

944 2472 1109 2512 laudem
1148 2473 1194 2511 in
1233 2478 1381 2512 neutro
1426 2473 1547 2513 video
1597 2487 1680 2513 esse

944 2544 1132 2584 magnam
1144 2560 1155 2581 ,
1185 2530 1379 2570 maiorem
1402 2536 1540 2571 tamen
1556 2531 1601 2571 in
1619 2546 1679 2583 eo,

946 2589 1012 2628 cui
1046 2602 1099 2628 ex
1131 2594 1315 2641 tempore
1348 2589 1680 2642 respondendum

945 2653 1008 2686 est
1023 2647 1076 2686 ad
1092 2646 1148 2697 id,
1169 2645 1281 2699 quod
1293 2646 1397 2686 alter
1414 2660 1465 2686 ex
1482 2648 1679 2688 meditato

942 2711 1135 2758 paratum
1153 2703 1364 2744 habuerat.
1425 2702 1523 2760 (Sed
1541 2712 1592 2746 ut
1612 2720 1680 2746 ce-

943 2769 1033 2802 tera
1059 2762 1252 2816 Corydon
1287 2762 1451 2814 melius,
1498 2764 1555 2804 sie
1579 2763 1622 2804 11.
1651 2764 1678 2805 l.

945 2820 1110 2860 Rectius
1146 2821 1252 2859 enim
1286 2821 1479 2873 Corydon
1515 2823 1679 2862 arbores

947 2892 1040 2917 cum
1053 2877 1277 2929 arboribus,
1294 2879 1426 2918 minus
1437 2885 1531 2933 apte
1543 2880 1678 2934 Thyr-
1716 2923 1719 2930 ⁴

946 2936 999 2975 sis
1029 2936 1193 2985 arbores
1217 2949 1309 2975 cum
1334 2937 1489 2990 Lycida
1512 2952 1678 2993 compa-

946 3000 1023 3033 rat.
1077 2993 1169 3034 Vid.
1186 2994 1298 3034 Voss.
1333 2993 1453 3048 Wr.)
