1734 3320
248 867 267 892 ·;
285 848 295 857 ·
325 848 335 856 ·
353 847 457 882 nom.
474 845 595 880 Pierii.

540 356 544 357 ’
566 367 573 387 ι
591 342 606 356 “
628 341 877 414 placeant
895 341 953 391 in
974 340 1201 391 vallibus
1223 358 1432 404 amnes;

527 409 828 480 -Silvfasque
856 409 1127 476 inglorius.
1201 412 1277 476 Ο,
1312 413 1407 462 ubi
1433 416 1607 482 campi

452 541 464 555 ..
525 491 615 547 *et
630 481 924 547 virginibus
945 480 1198 531 bacchata
1218 484 1471 533 Lacaenis

449 552 672 623 :iqui‘me
695 551 885 618 gelidis
903 552 957 601 in
976 550 1201 602 vallibus
1222 553 1414 603 Haemi

458 626 461 627 ⁷
481 623 581 674 nti
597 639 879 674 ramorum
896 631 1145 690 protegat
1162 621 1379 674 umbra!

689 845 762 882 486
785 847 816 880 Ο
835 844 899 880 ubi
921 847 1055 894 Tempe
1081 844 1284 879 coniectura
1304 844 1457 888 plurium
1473 844 1606 879 docto-

216 888 242 938 ἶ
276 912 314 925 ·=··
344 895 440 940 apud
455 895 584 935 Bru-m„
617 898 656 926 at
672 904 715 927 ea
732 905 782 927 vs.
800 892 871 928 469
891 893 960 927 iam
979 899 1193 935 memorata,
1226 899 1263 926 et
1281 891 1351 926 vid.
1371 893 1499 926 Notas.
1535 894 1607 937 (Do

245 938 255 953 ”
308 954 334 984 a
347 954 396 976 m.
415 953 470 987 pr.
501 939 598 984 Wr.)

270 1223 342 1259 488

74 1323 314 1364 'praecessent
332 1330 372 1352 m
393 1316 556 1352 vallibus
571 1328 623 1350 vs.
642 1315 725 1352 485.
754 1316 851 1361 Wr.)

73 1423 273 1464 Notabilis
294 1424 409 1463 locus
427 1422 562 1462 Sebol.
583 1424 734 1474 Cruqu.
757 1422 811 1461 ad

74 1482 216 1522 Horat.
245 1482 337 1522 Art.
364 1481 450 1525 465
481 1481 812 1535 Empedocles——

73 1542 149 1593 qui
163 1539 322 1579 dicebat
335 1570 349 1590 ,
392 1540 513 1578 tarda
542 1541 712 1591 ingenia
725 1540 811 1589 sri-

70 1599 173 1651 gido
206 1600 316 1637 circa
338 1597 584 1650 praecordia
610 1599 812 1649 sanguine

73 1656 278 1708 impediri.
338 1655 395 1694 At
412 1655 618 1707 quomodo
637 1656 691 1694 ad
712 1654 814 1694 haec

73 1714 229 1753 somnia
255 1713 439 1753 homines
462 1713 593 1752 delabi
610 1713 811 1766 potuere?

73 1772 258 1823 Scilicet,
288 1772 401 1825 quod
420 1772 560 1824 primis
581 1785 721 1811 rerum
740 1785 811 1809 ae-

71 1829 226 1870 tatibus
249 1831 388 1870 nullus
414 1836 504 1869 erat
526 1831 709 1883 sapiens,
741 1829 811 1882 qui

10 1892 15 1893 ⁷
72 1902 159 1928 non
188 1895 292 1928 esset
319 1894 460 1942 poeta,
499 1889 637 1928 nullus
668 1894 806 1941 poeta,

72 1947 143 1999 qui
166 1961 251 1986 non
279 1947 432 1986 maiore
461 1947 585 1986 animi
604 1953 724 1985 motu
742 1953 807 1984 at·

72 2018 151 2056 que
192 2010 307 2044 aestu
344 2011 581 2058 raperetur,
630 2011 721 2054 aut,
759 2010 810 2043 ut

72 2063 358 2115 loquebantur,
390 2063 530 2102 divino
551 2063 700 2116 spiritu
720 2061 807 2116 (ἐν-

71 2120 282 2175 θουσιῶν)
310 2126 512 2173 ageretur.
583 2121 705 2159 Calor
726 2120 809 2158 ita-

72 2191 153 2231 que
169 2181 387 2231 sanguinis
407 2192 502 2217 cum
522 2179 646 2216 animi
663 2178 718 2226 vi,
740 2178 809 2216 in—

71 2236 176 2290 genii
210 2236 435 2276 subtilitate
448 2267 459 2286 ,
499 2237 657 2289 poetica
678 2236 809 2275 sacul-

70 2297 178 2345 tate,
218 2301 389 2334 naturae
422 2296 597 2346 aliquam
635 2294 809 2333 coniun-

72 2353 250 2392 ctionem
287 2353 438 2392 habere
471 2352 604 2392 videri
633 2358 807 2405 poterat.

6 2442 10 2444 -
71 2411 256 2450 Imitatus
293 2417 355 2450 est
389 2425 554 2450 versum
580 2411 729 2450 Lucan.
758 2410 806 2459 Π,

72 2469 159 2512 557
198 2470 396 2508 Irbrvidzw
414 2470 518 2507 haec
535 2471 677 2507 iterum
697 2470 806 2507 cin-a

66 2529 312 2579 praecordia
333 2529 507 2580 sanguis
526 2527 723 2566 Incaluit.

129 2583 228 2628 485.
257 2600 399 2624 amnes
426 2587 539 2637 rigui
552 2615 563 2634 ,
603 2584 647 2624 h.
675 2585 702 2624 l.
734 2585 805 2637 qui

72 2643 219 2694 rigant.
249 2658 406 2692 antem,
440 2644 595 2698 colam.
654 2644 805 2682 Exem-

71 2701 148 2753 plis
163 2701 344 2742 illustrat
358 2702 498 2749 Burm.
557 2700 643 2743 486
653 2702 806 2744 -489.

72 2758 109 2797 Ο
122 2771 244 2810 quam
253 2760 399 2798 vellem
414 2761 504 2806 ruri
520 2760 649 2799 vitam
671 2760 807 2813 agere!

55 2817 300 2868 >Tamquam
329 2824 451 2869 poeta
477 2818 679 2857 nobiliora
706 2832 807 2858 rura

73 2881 292 2924 memorat,
320 2875 365 2914 in
393 2875 622 2915 Thessaliae
635 2906 646 2925 ‚
676 2874 806 2915 Laco-

73 2928 208 2982 nicae,
252 2946 301 2970 ac
328 2932 524 2972 Thraciae
553 2934 715 2987 campis,
756 2936 805 2973 ef.

74 2990 252 3029 Culicem
282 3003 323 3029 v.
340 2993 417 3041 93,
445 2991 491 3029 in
507 2993 589 3043 quo
608 2993 722 3043 quasi
741 3006 807 3031 se-

194 965 197 969 ·
220 980 222 982 ,
250 984 252 987 v
701 939 771 976 487
797 941 1075 987 Spercheosque
1101 939 1235 973 dictum
1261 946 1301 971 ut
1320 935 1506 983 Ἀλφειὸς,
1540 939 1607 973 Al-

171 987 181 1031 ’ζ
220 986 434 1035 ἧ”’”Πησειός,
465 988 623 1029 Peneus,
656 986 707 1020 sic
730 984 960 1032 Σπερχειὸς,
995 986 1207 1032 Spercheos.
1254 985 1420 1020 Heinsius
1443 986 1606 1031 reposuit

147 1035 239 1077 45..-
270 1052 275 1066 ι
294 1049 304 1078 3
327 1036 365 1069 in
385 1042 538 1081 quatuor
559 1034 787 1081 Spercheus;
824 1038 876 1079 (ut
890 1033 1018 1067 Medic.
1040 1047 1059 1067 a
1081 1045 1127 1067 m.
1148 1046 1217 1067 sec.
1248 1033 1346 1077 Wr.)

176 1083 197 1120 J
216 1103 231 1110 v·
254 1106 268 1125 ,-
289 1082 489 1130 Sperchios
511 1089 559 1123 et,
582 1081 863 1128 Sperchiusque,
888 1081 958 1115 hoc
978 1080 1121 1126 quidem
1139 1081 1176 1113 in
1193 1079 1312 1125 vulgg.
1330 1080 1413 1115 edd.
1428 1092 1463 1114 v.
1475 1079 1605 1115 Heius.

156 1137 217 1165 πεῖ
232 1130 280 1169 ad
295 1129 396 1165 0vid.
410 1130 498 1163 Met.
522 1130 549 1170 1,
569 1129 651 1164 579.
686 1129 902 1174 (Sperchias
922 1140 999 1162 cum
1018 1127 1142 1162 Servio
1161 1127 1336 1173 praebent
1357 1126 1432 1162 eius
1447 1126 1604 1161 familiae

155 1168 162 1218 ,¹
228 1203 240 1220 ,
262 1177 303 1211 iu
319 1188 388 1223 qua
406 1175 549 1210 excellit
569 1176 759 1208 Romanus.
808 1176 1016 1222 Spercheus
1048 1174 1151 1208 etiam
1168 1175 1202 1210 3.
1220 1174 1254 1209 4.
1302 1173 1386 1208 Vid.
1406 1175 1451 1216 Q.
1468 1174 1515 1208 V.
1541 1175 1605 1209 Π.

74 1175 220 1266 We
392 1223 502 1257 elidis
518 1220 751 1256 convallibus
774 1221 902 1255 Medic.
921 1229 957 1255 et
974 1233 1062 1255 unus
1082 1221 1220 1262 Mead.‚
1255 1221 1351 1255 forte
1373 1221 1514 1268 gelidi,
1542 1221 1605 1255 in-

75 1265 152 1317 quit
171 1269 297 1305 Heius.
321 1236 457 1325 (lffiires
475 1269 507 1302 si
524 1269 732 1303 addicerent
752 1268 854 1310 libri,
877 1269 1076 1314 reciperem
1096 1267 1348 1312 convallibus,
1373 1279 1478 1314 quum
1495 1267 1604 1303 modo

1395 1032 1466 1067 Alii
1488 1034 1605 1080 Sper-

868 1423 981 1462 mina
1009 1427 1083 1461 aut
1106 1421 1341 1462 rudimenta
1367 1419 1491 1466 huius
1506 1421 1605 1475 pul-

869 1481 1031 1520 cerrimi
1056 1480 1136 1518 loci
1161 1479 1311 1519 videas.
1376 1479 1415 1519 O
1430 1478 1503 1518 ubi
1518 1493 1605 1519 non

867 1540 1009 1591 itaque
1042 1544 1122 1588 est,
1167 1543 1218 1576 ut
1257 1538 1380 1577 situm
1419 1537 1604 1577 locorum

869 1603 1060 1650 quaerat,
1088 1594 1161 1634 sed
1179 1602 1228 1635 ut
1246 1595 1301 1635 ibi
1326 1595 1456 1648 degat.
1514 1595 1604 1635 Ha-

868 1656 940 1695 bet
961 1661 1097 1693 tamen
1114 1654 1227 1693 locus
1251 1655 1446 1692 maiorem
1465 1651 1602 1695 δεινό-

868 1730 981 1767 τητα,
999 1713 1033 1751 si
1047 1713 1105 1751 ita
1120 1712 1272 1764 iungis:
1307 1711 1345 1750 O
1362 1711 1523 1750 utinam
1538 1712 1602 1762 sit,

869 1774 943 1824 qui
959 1786 1024 1809 me
1040 1773 1158 1809 sistat
1178 1770 1247 1819 ibi,
1277 1769 1348 1808 ubi
1359 1770 1490 1822 campi
1514 1776 1602 1820 etc„

869 1828 1144 1869 enthusiasmo
1165 1828 1360 1880 abreptus
1379 1828 1603 1867 sententia-

866 1901 961 1927 rum
987 1887 1172 1926 ordinem
1196 1886 1394 1925 turbavit.
1454 1884 1602 1940 (Vulgo

866 1946 994 1985 verba
1021 1945 1078 1984 sic
1106 1944 1318 1984 ordinant:
1371 1944 1409 1983 Ο
1438 1946 1511 1996 quc·
1538 1959 1602 1983 me

865 2006 993 2054 sistat,
1024 2003 1096 2042 ubi
1109 2005 1249 2054 campi
1264 2009 1352 2052 etc„
1376 2001 1489 2054 quod
1503 2016 1601 2055 par-

866 2063 941 2101 tim
971 2076 995 2100 a
1024 2075 1092 2100 vv.
1117 2060 1261 2099 ordine
1285 2074 1371 2099 non
1396 2060 1600 2110 firmatur,

865 2120 1015 2173 partim
1033 2119 1152 2158 etiam
1171 2125 1342 2171 propter
1370 2118 1601 2157 subiuncti-

866 2192 967 2217 vum
986 2180 1103 2216 sistat
1122 2183 1164 2214 et
1187 2190 1306 2229 pron.
1325 2178 1399 2228 qui
1414 2190 1491 2229 pro
1508 2178 1600 2228 quis

867 2235 1050 2274 offendit.
1110 2235 1233 2288 Iunge
1266 2234 1392 2287 igitur
1408 2250 1419 2272 :
1463 2233 1501 2272 Ο
1532 2233 1603 2272 ubi

869 2292 998 2348 [sunt]
1019 2295 1179 2344 campi.
1197 2322 1207 2331 .
1226 2322 1236 2331 .
1253 2322 1263 2331 .
1278 2307 1301 2331 ο
1323 2291 1409 2345 [ubi
1425 2291 1518 2344 est,]
1529 2294 1602 2344 qui

866 2366 929 2390 me
960 2354 1076 2390 sistat
1097 2357 1172 2390 etc.
1202 2350 1325 2390 Ialm.
1363 2349 1455 2389 Vid.
1477 2349 1599 2389 etiam

866 2410 975 2459 Q.V.
986 2410 1119 2459 XXII,
1129 2412 1167 2452 3.
1179 2415 1283 2448 extr.
1299 2409 1370 2448 W
1363 2407 1419 2461 r.)
1453 2408 1603 2459 Campi

866 2468 1162 2521 Spercheosque
1196 2466 1353 2520 poetica
1390 2472 1599 2505 structura

864 2526 1138 2565 enthusiasmo
1160 2532 1200 2564 et
1216 2526 1302 2578 ipsa
1330 2530 1599 2563 consentanea

863 2585 982 2633 dixit,
1012 2599 1087 2638 pro
1106 2584 1257 2636 campis
1273 2583 1326 2621 ad
1344 2582 1597 2635 Spachium,

863 2643 1013 2695 campis
1034 2642 1272 2692 Thessaliae,
1301 2642 1346 2680 in
1367 2641 1480 2680 cuius
1498 2653 1598 2679 con-

863 2702 969 2741 finiis
989 2701 1130 2740 subter
1145 2701 1291 2740 Oetam
1314 2706 1495 2738 montem
1515 2698 1598 2736 flu-

864 2760 957 2800 vius
973 2760 1041 2799 ille
1057 2760 1100 2798 in
1117 2760 1249 2799 sinum
1266 2757 1481 2796 Maliacum
1500 2756 1597 2794 exit.

866 2816 969 2872 (vid.
1000 2818 1052 2867 Q.
1080 2818 1130 2857 V.
1167 2816 1361 2863 XXXIII,
1390 2814 1429 2855 4.
1467 2811 1594 2866 Wr.)

870 2879 1056 2928 Taygeta
1087 2890 1142 2915 sc.
1166 2876 1258 2927 iuga
1277 2904 1288 2922 ‚
1330 2871 1405 2925 ὅρη
1418 2904 1429 2921 ,
1478 2877 1525 2909 ut
1549 2868 1594 2911 τὸ

873 2931 1096 2987 Ταΰγετον,
1137 2938 1294 2972 montes
1334 2943 1386 2968 ex
1422 2928 1596 2967 Arcadia

861 3006 935 3045 per
952 2998 1083 3031 totam
1094 2991 1330 3030 Laconicam
1346 2999 1595 3042 procurren-
