1768 3320
0 1140 15 1245 ἓ

282 193 456 245 ΤΟΜ.
491 192 557 244 Π.
593 191 777 243 EDIT.
815 189 1105 244 SECUND.
1126 191 1413 244 LXXXVII
1492 209 1618 245 Lxx1

32 323 210 382 §intra
229 306 379 372 haud
397 318 604 371 multos
626 334 799 370 annos
823 316 1170 369 obsolescant
1192 334 1387 369 omnes
1405 319 1508 371 hae
1529 321 1616 372 lit-

68 391 279 445 terulae
305 393 589 444 Romanae
610 405 670 440 ac
692 390 954 452 Graecae,
997 397 1199 440 extaret
1218 387 1412 440 saltem
1434 407 1615 442 exem-

23 486 29 492 ·
67 462 188 533 plar
210 461 459 532 aliquod,
510 477 623 530 quo
644 459 714 511 de
745 457 978 510 meliore
1001 469 1055 511 et
1077 458 1442 512 fructuosiore
1464 470 1612 513 vete-

34 548 37 555 *
67 550 157 587 res
171 539 377 603 “poetas
403 531 624 599 legendi
659 539 714 582 et
742 530 1136 599 interpretandi
1166 530 1376 582 ratione
1401 540 1615 583 consta-

67 613 155 657 ret
194 605 282 668 iis,
338 602 535 672 quibus
581 602 730 653 bona
779 601 1042 652 institutio
1091 600 1241 653 haud
1291 602 1613 669 contigisset.

26 690 29 691 ’
66 679 182 730 Nec
211 674 396 726 minus
429 681 742 725 constanter
774 672 1080 724 institutum
1116 689 1307 723 meum
1337 673 1534 725 retinui
1556 674 1610 724 in

66 754 267 816 poetae
302 744 547 797 doctrina
582 742 927 807 declaranda,
976 743 1129 812 quod
1151 742 1287 795 illud
1309 761 1436 795 cum
1453 743 1611 795 volu-

15 811 34 848 *
65 817 226 887 ptatis
255 825 376 868 tum
403 814 643 867 utilitatis
686 812 926 865 fructum
965 813 1170 866 habere
1213 831 1316 866 usu
1360 824 1611 883 expertus

68 905 219 941 eram
238 885 644 949 incredibilem3
685 885 866 954 itaque
883 887 1148 937 Excursus
1175 902 1290 936 non
1311 885 1486 937 modo
1516 903 1611 937 ve-

64 967 211 1011 teres
244 957 445 1027 passim
475 957 783 1019 retractavi,
828 973 1023 1007 verum
1059 973 1235 1007 novos
1267 974 1493 1026 quoque
1518 955 1611 1007 ali-

16 1046 17 1050 *
66 1038 205 1100 quot
235 1028 443 1081 attexui.
517 1031 642 1093 Quo
679 1026 906 1096 quidem
940 1026 1078 1078 illud
1115 1025 1377 1079 effectum
1410 1029 1609 1096 putavi,

63 1109 127 1153 ut
145 1099 247 1152 hac
264 1108 462 1168 poetae
483 1099 685 1150 summi
707 1098 1049 1150 enarratione
1071 1114 1265 1165 magna
1291 1099 1470 1149 omnis
1488 1116 1609 1150 me-

64 1170 213 1223 lioris
252 1169 581 1222 litteraturae
622 1168 1055 1238 liberaliorisque
1097 1169 1448 1221 institutionis
1486 1188 1608 1237 pars

66 1242 468 1307 contineretur,
512 1249 685 1309 utque
707 1255 836 1292 vere
859 1239 964 1291 dici
985 1249 1039 1291 et
1066 1258 1093 1291 a
1116 1250 1170 1292 te
1199 1241 1386 1292 sentiri
1406 1250 1606 1309 posset,

0 1298 12 1350 ἔ

63 1312 310 1382 perlecto
338 1313 443 1364 rite
475 1320 638 1380 poeta
672 1312 919 1380 principe
951 1311 1019 1363 ad
1050 1329 1277 1363 omnem
1310 1310 1607 1378 elegantio-

63 1401 186 1436 rem
224 1383 530 1436 doctrinam
569 1383 905 1452 aliquantum
949 1391 1005 1434 te
1042 1381 1353 1452 profecisse.
1402 1385 1605 1436 Scr.M.

63 1454 203 1508 Iulio
241 1469 660 1508 cmmccuxxvr
