1734 3320
11 127 34 147 ,ιλ

0 277 17 313 ἔ

0 317 7 342 ξ

0 159 26 278 3

19 173 26 189 Σ

290 202 783 256 GEssRGmON
817 205 960 255 LIB.
987 205 1062 268 Π,
1101 208 1398 259 490-495

1506 212 1607 260 487

81 332 321 384 Subieeit
338 331 593 401 pedibuS‚
630 330 1025 398 strepitumque
1046 329 1367 382 Acherontis
1388 335 1553 385 avari!

23 459 30 466 κ
76 405 402 455 Fortunatus
426 410 481 452 et
500 401 614 466 ille,
653 400 787 451 deos
814 401 906 467 qui
928 400 1079 450 novit
1103 402 1343 466 agrestiS‚

76 475 329 541 Panaque
351 471 739 538 Silvanumque
756 487 947 521 senem
964 470 1349 538 Nymphasque
1371 478 1606 524 sorores!

70 541 237 594 ‘Illum
257 558 371 595 non
390 541 580 610 populi
597 540 789 607 fasceS‚
826 557 940 590 non
960 558 1201 608 purpura
1221 557 1429 608 regum,
1502 546 1605 595 495

13 689 17 692 ,
169 646 243 684 492
266 649 519 696 strepitusque
548 649 637 693 Reg.
669 655 705 682 et
731 660 819 681 unus
844 646 962 680 Mead.
1010 647 1236 681 Acherontis
1263 648 1397 680 averni
1416 647 1488 680 Erf.
1518 660 1538 680 a
1559 659 1604 680 m.

12 693 28 710 ⁵⁹
75 707 134 746 pr.
181 696 251 744 §-
273 694 357 732 493.
380 696 451 729 Pro
469 697 535 742 qui
551 698 658 730 novit
678 695 716 729 in
735 694 865 729 Medic.
885 699 1002 727 exstat
1021 694 1207 740 quidquit3
1240 694 1303 727 sed
1322 707 1347 727 n
1375 706 1480 738 supra
1501 694 1603 727 adie-

76 747 137 780 διε
156 741 286 777 literae
307 742 344 776 d.
391 742 491 776 Idem
511 751 692 790 agrestes.
731 742 827 788 Wr.)

76 839 189 880 1198
207 837 373 890 squII,
393 836 448 880 14
478 839 601 877 Nam
620 839 747 877 simul
760 853 812 877 ac

73 896 204 934 Ratio
226 904 300 934 tua
316 897 448 947 coepit
456 897 689 949 vociferari,
708 899 810 936 Na-

72 961 208 992 turam
226 968 358 992 rer-um
381 953 501 992 haud
515 956 660 993 divina
681 963 811 994 mente

71 1019 262 1062 coortam,
291 1011 515 1065 Diffugiunt
534 1012 655 1051 animi
673 1019 810 1052 terro-

71 1083 157 1120 res,
187 1073 348 1109 moenia
384 1071 529 1114 mundi
559 1072 804 1119 Discedunt,

70 1136 199 1166 totum
225 1128 342 1168 video
362 1143 443 1180 per
458 1131 589 1167 Inane
619 1131 712 1181 geri
725 1144 805 1179 nes,

69 1191 260 1237 Apparet
277 1187 440 1225 Divum
454 1201 603 1225 numen
619 1187 808 1240 sedesque

70 1243 231 1296 quietae
250 1250 311 1296 -÷
340 1247 400 1283 At
434 1253 573 1283 contra
606 1259 807 1297 nusquam

70 1310 271 1354 apparent
287 1300 508 1342 Acherusia
525 1304 693 1355 templa.
709 1312 807 1343 stm-

64 1362 205 1412 paam
225 1359 470 1400 Acheruntis
488 1374 542 1400 ex
557 1361 719 1401 Lucret.
737 1361 804 1412 111,

69 1420 127 1460 37
148 1419 205 1457 Et
233 1427 363 1459 metuo
389 1420 458 1458 ille
470 1419 590 1468 sorae
605 1434 805 1472 praeceps·

67 1475 311 1515 Acheruntis
348 1478 534 1529 agendus
580 1479 800 1528 Funditus,

67 1534 297 1573 humanam
321 1538 394 1587 qui
434 1537 564 1573 vitam
592 1536 726 1574 turbat
750 1536 803 1575 ab

68 1594 173 1642 imo,
211 1592 363 1631 Omnia
395 1593 634 1647 suffundens
664 1597 802 1632 mortis

66 1652 248 1703 nigrore,
290 1665 417 1704 neque
446 1652 579 1690 ullam
605 1653 706 1690 Esse
725 1667 801 1692 νο-

67 1708 266 1760 luptatem
277 1724 433 1761 punam
446 1710 727 1763 liquidamque
736 1725 801 1748 re—

66 1766 229 1820 linquit.
302 1766 522 1816 Quomodo
558 1768 674 1807 illum
711 1781 801 1810 me-

65 1830 156 1863 tum
175 1825 352 1878 expellat
381 1826 465 1865 vid.
492 1825 581 1865 eod.
611 1827 717 1865 libro
734 1826 799 1876 111,

66 1880 317 1926 842—907
348 1884 402 1923 ad
421 1884 491 1923 fin.
511 1885 562 1923 cf.
580 1885 730 1923 Seneca
749 1885 800 1923 de

64 1940 202 1980 Benef.
218 1941 302 1991 vn,
328 1945 367 1984 1.
424 1943 526 1981 Nam
553 1943 597 1981 in
624 1943 799 1982 rationi-

64 1998 142 2037 bus
182 2001 507 2052 argumentisque
524 2031 534 2049 ,
588 2015 613 2039 a
650 2002 797 2053 quibus

65 2056 135 2095 illa
173 2059 381 2110 persuasio
419 2059 608 2109 ducitur,
651 2060 797 2098 discri-

64 2127 160 2152 men
200 2115 311 2154 inter
351 2130 490 2156 sanam
536 2123 578 2155 et
615 2118 799 2155 insanam

64 2171 364 2226 philosophiam
400 2174 596 2213 cernitur.
663 2175 799 2224 Quam

66 2237 210 2270 ornate
228 2230 329 2270 haec
349 2232 458 2271 dicta
490 2233 572 2271 sint
592 2233 799 2286 intelliges,

64 2289 99 2328 si
118 2296 284 2342 reputes
309 2290 411 2329 nihil
443 2291 553 2330 aliud
583 2290 685 2330 haec
703 2305 798 2339 esse,

64 2361 208 2400 quam:
226 2356 374 2387 natura
391 2362 531 2388 rerum
548 2349 627 2388 rite
639 2350 800 2402 cognita

62 2419 139 2444 nec
157 2406 289 2446 fatum
318 2420 395 2445 nec
419 2413 593 2446 mortem
625 2422 648 2446 a
683 2415 725 2447 te
742 2408 799 2447 fi-

62 2464 177 2503 meri.

121 2521 219 2564 493.
229 2521 327 2564 494.
338 2522 456 2561 Vitae
474 2524 649 2562 rusticae
660 2538 797 2563 amoe-

63 2579 235 2618 nitatem
274 2594 296 2618 a
330 2582 553 2633 splendidis
579 2589 621 2621 et
646 2583 796 2621 sanctis

62 2651 203 2676 rerum
219 2639 458 2690 imaginibus
481 2641 608 2693 petit,
640 2654 691 2679 ex
708 2641 796 2693 pri-

64 2709 226 2735 morum
247 2696 480 2749 hominum,
512 2713 659 2738 aureae
683 2706 796 2738 aeta-

63 2753 129 2803 tis,
157 2755 245 2793 vita
267 2757 410 2795 sumtis
419 2771 431 2807 3
462 2771 604 2810 nempe
623 2772 715 2796 cum
730 2758 796 2796 in-

64 2812 206 2859 nocuis
226 2819 267 2850 et
277 2816 391 2864 puris
403 2817 600 2867 castisque
618 2817 697 2855 illis
715 2815 796 2854 ho-

63 2869 238 2908 minibus
278 2870 335 2908 dii
376 2875 648 2913 versabantur
666 2904 677 2924 ,
728 2887 795 2912 eos

63 2928 376 2978 frequentabant
392 2937 433 2969 et
449 2932 491 2970 in
504 2933 637 2971 medio
655 2946 796 2971 eorum

65 2983 446 3038 conspiciebantur}
482 2990 579 3029 vide
613 2990 681 3029 vel
716 2991 795 3028 Ca-

921 738 995 776 494
1019 741 1278 787 Silvarumque
1302 753 1424 775 senem
1441 741 1496 774 ed.
1513 742 1603 776 Ven.

867 835 960 876 tull.
982 836 1121 886 LXIII,
1137 834 1235 878 384.
1295 836 1435 888 Itaque
1455 837 1502 886 is,
1532 837 1603 888 qui

867 895 989 933 silvas
1011 925 1022 945 ,
1064 894 1215 943 valles,
1255 895 1387 933 sontes
1416 901 1457 934 et
1483 901 1602 934 antra

866 953 1111 1005 frequentat,
1141 953 1345 1004 praeclare
1366 953 1463 992 deos
1484 967 1601 1005 agre-

866 1017 947 1050 stes
977 1024 1092 1050 nosse
1125 1011 1287 1050 dicitur.
1330 1012 1416 1050 Cul.
1442 1015 1497 1053 76
1526 1013 1601 1050 Illi

866 1077 959 1108 sunt
992 1077 1139 1122 gralae
1177 1078 1355 1107 rorantes
1393 1070 1498 1108 lacte
1525 1084 1598 1108 ca-

863 1128 1002 1178 pellae
1021 1129 1078 1166 Et
1094 1141 1236 1165 nemus
1258 1136 1296 1165 et
1306 1128 1492 1178 ficumla
1508 1129 1599 1166 Pa-

865 1185 935 1224 les.

918 1243 1003 1286 495
1022 1265 1080 1272 —
1099 1242 1196 1285 499.
1228 1243 1340 1282 Vivit
1361 1243 1494 1282 animo
1518 1243 1597 1281 im—

862 1301 1127 1354 perturbato,
1168 1308 1311 1352 atque,
1341 1308 1390 1340 ut
1418 1302 1468 1339 ab
1487 1302 1598 1340 omni

863 1359 1106 1412 cupiditate,
1135 1359 1195 1398 ita
1221 1359 1270 1397 ab
1302 1359 1413 1398 omni
1431 1373 1530 1398 cura
1550 1373 1598 1398 ac

862 1417 1135 1456 sollicitudine
1162 1431 1295 1457 vacuo
1308 1448 1319 1467 ,
1358 1424 1400 1456 et
1416 1431 1513 1457 vere
1529 1418 1596 1457 vi-

861 1483 946 1514 tam
974 1476 1132 1514 beatam
1161 1489 1211 1514 ex
1236 1476 1402 1528 Epicuri
1420 1476 1596 1516 formula

862 1547 977 1587 agere
995 1534 1126 1590 videri
1154 1540 1300 1588 potest.
1359 1535 1490 1573 Illum
1514 1549 1596 1573 non

855 1594 1006 1644 populi
1016 1593 1162 1644 fasces
1192 1590 1305 1646 (vid.
1334 1590 1494 1632 Lucret.
1521 1593 1591 1642 llI,

863 1649 1004 1704 1009),
1030 1665 1110 1689 non
1117 1665 1305 1702 purpura
1315 1652 1594 1703 regumflexit‚

857 1708 1008 1759 flectit;
1041 1715 1083 1748 et
1101 1709 1158 1747 sic
1176 1709 1220 1747 in
1238 1722 1318 1760 seq.
1339 1710 1490 1758 doluit,
1525 1712 1592 1747 in-

857 1768 962 1807 vidit
973 1797 985 1816 ,
1026 1767 1142 1805 vidit.
1176 1767 1235 1805 nil
1263 1774 1383 1806 curat
1416 1766 1593 1806 honores

858 1839 906 1864 ac
923 1825 1201 1877 magistratus,
1240 1825 1281 1863 in
1306 1839 1427 1876 quem
1454 1832 1592 1864 trans-

856 1884 1065 1932 ferantur,
1104 1890 1177 1922 aut
1200 1883 1345 1935 quibus
1370 1897 1494 1936 regna
1506 1883 1591 1923 sive

854 1942 1083 1981 reddantur
1099 1942 1185 1981 sive
1212 1941 1460 1994 eripiantur;
1490 1955 1592 1993 quae

854 2001 1116 2039 fortunarum
1155 2000 1437 2039 conversiones
1475 2000 1590 2038 annis

854 2058 1051 2111 proximis
1068 2072 1092 2095 a
1110 2057 1331 2110 profligatis
1351 2058 1590 2096 Antonianis

855 2116 1042 2169 partibus
1076 2116 1173 2154 satis
1214 2116 1447 2167 frequentes
1475 2115 1589 2154 haud

858 2174 979 2213 dubie
996 2174 1236 2212 inciderant.
1267 2182 1304 2212 et
1320 2174 1467 2224 bifidos
1490 2176 1589 2226 agi-

859 2242 950 2270 tans
980 2232 1181 2271 discordia
1197 2232 1355 2284 fratres
1371 2233 1486 2271 illum
1504 2246 1588 2272 non
1642 2241 1654 2246 '

855 2290 985 2339 flexit,
1006 2290 1065 2328 nil
1083 2296 1240 2340 movet3
1270 2291 1329 2329 nil
1349 2297 1466 2329 curat
1482 2290 1588 2328 bella

856 2348 1013 2387 civilia:
1051 2355 1102 2387 ut
1137 2362 1213 2387 nec
1252 2349 1355 2387 bella
1398 2355 1586 2398 externa5

855 2408 943 2446 Aut
958 2409 1165 2445 coniurato
1181 2407 1421 2445 descendens
1438 2409 1587 2445 Daca-s·

856 2465 909 2503 ab
932 2467 1050 2503 Isim.
1113 2465 1286 2504 Credere
1302 2480 1376 2518 par
1395 2471 1467 2515 est,
1486 2478 1586 2517 poe-

853 2530 941 2562 tam
959 2523 1080 2561 etiam
1096 2523 1142 2561 in
1158 2524 1294 2576 priore
1315 2524 1509 2573 membro,
1535 2523 1585 2561 de

853 2583 1030 2620 fratrum
1058 2581 1279 2632 discordia,
1328 2589 1478 2620 certam
1509 2581 1584 2619 ali-

854 2653 976 2691 quam
989 2653 1203 2692 personam
1219 2654 1267 2679 ac
1279 2654 1427 2679 nomen
1446 2653 1497 2678 ex
1514 2639 1583 2678 illo

852 2705 1036 2750 tempore
1071 2711 1297 2738 memorare
1329 2699 1509 2737 debuisse
1537 2710 1584 2734 ac

852 2757 1048 2806 voluisse,
1088 2763 1138 2796 ut
1169 2758 1212 2796 in
1243 2758 1371 2795 altero
1397 2758 1578 2794 Ducum.

852 2815 1045 2866 Respexit
1098 2816 1240 2867 utique
1298 2814 1582 2853 Arsacidarum

854 2873 1036 2923 dissidia,
1068 2887 1170 2925 quae
1199 2875 1242 2912 in
1263 2874 1354 2910 illos
1375 2885 1501 2909 annos
1515 2871 1581 2908 in-

854 2931 1016 2981 cidunt,
1073 2932 1217 2982 quibus
1256 2930 1448 2981 Georgica
1486 2942 1581 2980 per-

853 2990 1003 3041 scripta
1032 3002 1114 3026 esse
1155 2996 1196 3028 et
1229 2990 1416 3027 seruntur
1448 2993 1489 3025 et
1514 2986 1581 3025 vi-
