1768 3320
218 171 348 205 Lxxx
615 157 717 207 DE
762 157 960 208 VITA
1005 155 1359 208 VIRGILII

219 285 483 325 concinnatae
513 292 629 337 sunt,
669 286 803 326 omitti
826 292 938 326 recte
970 299 1086 340 posse
1125 298 1208 324 non
1247 284 1503 337 putavimus;
1547 284 1689 339 itaque
1714 287 1751 327 ei

218 355 503 395 annotationes
521 356 781 408 subiecimus,
810 357 855 396 in
880 356 1024 409 quibus
1045 354 1195 408 partim
1218 354 1505 406 firmarentur,
1534 369 1639 409 quae
1657 371 1751 398 cum

217 438 358 465 rerum
370 425 451 465 fide
475 426 585 465 tradi
606 426 876 476 videbantur,
907 426 1058 479 partim
1084 425 1258 475 incerta,
1288 425 1390 464 salsa
1410 431 1452 465 et
1471 425 1650 479 insulsa,
1680 428 1751 469 vel

218 496 346 536 verbo
367 503 622 536 notarentur.
663 496 866 535 Subiicere
882 496 1219 535 constitueramus
1239 495 1376 535 Vitam
1392 495 1553 549 Virgilii
1571 498 1749 539 aRuaeo

217 579 291 619 per
314 580 441 606 annos
467 581 560 605 suos
584 566 854 605 distributam.
915 566 1015 605 Cum
1034 572 1172 604 tamen
1195 565 1327 604 multa
1343 565 1388 605 in
1404 579 1451 605 ea
1466 566 1602 607 ieiune
1621 569 1748 622 tradj,

219 636 298 675 alia
323 651 470 689 parum
497 643 614 675 acute
643 636 883 686 coniectari,
925 635 1101 689 plurima
1129 635 1364 689 praeteriri,
1405 649 1630 690 eorumque
1655 639 1747 680 loco

219 706 348 745 aliena
380 706 507 746 attexi
536 706 787 746 videremus:
823 706 1039 745 maluimus
1068 719 1220 745 novam
1241 705 1373 746 vitam
1399 706 1453 746 ad
1471 708 1643 748 eandem
1662 710 1748 750 fere

216 777 416 816 rationem
447 776 666 827 conficere,
707 777 751 816 in
785 790 864 828 qua
893 789 937 814 ea
965 776 1145 816 breviter
1174 776 1354 834 indicata
1385 784 1540 831 essent,
1572 793 1676 832 quae
1693 781 1747 821 ad

216 845 428 886 historiam
452 847 535 886 sive
554 847 662 887 vitae
689 846 772 886 sive
789 859 950 897 rerum,
990 846 1148 898 quoties
1162 853 1284 901 poeta
1302 848 1356 887 ad
1376 863 1450 888 sua
1467 855 1655 904 tempora
1674 865 1745 892 re-

216 917 371 970 spexit,
402 917 627 957 accuratius
647 916 962 970 cognoscendam
987 917 1118 956 facere
1134 923 1311 971 possent.
1372 919 1514 972 Itaque
1542 921 1617 960 sub
1634 935 1745 962 uno-

217 1000 377 1039 quoque
406 1001 511 1026 anno
534 987 709 1041 primum
727 1000 791 1026 res
805 987 965 1040 publice
985 993 1115 1040 gestas
1134 988 1345 1041 ponimus,
1388 996 1479 1029 tum
1497 1003 1544 1029 ea
1570 992 1744 1032 subiun-

214 1057 345 1109 gimus
359 1087 370 1108 ‚
401 1058 528 1110 quaej
550 1057 633 1097 sive
652 1057 695 1097 in
714 1057 801 1097 vita
817 1057 969 1111 Virgilii
982 1088 993 1109 ,
1024 1058 1109 1099 sive
1130 1059 1173 1098 in
1197 1059 1283 1099 eius
1307 1061 1576 1115 carminibus,
1607 1063 1743 1116 aliquo

215 1127 336 1166 modo
354 1141 445 1167 cum
466 1128 544 1166 illis
566 1134 662 1168 sunt
682 1128 908 1168 coniuncta.
