1734 3320
168 243 271 292 668

506 239 562 290 P.
599 236 954 290 VIRGILII
990 235 1365 289 MARONIS

164 366 322 419 Exesi
344 365 512 416 latere
537 363 594 414 in
617 364 845 428 montiS,
886 381 996 431 quo
1022 363 1256 431 plurima
1279 372 1446 415 vento

168 437 394 503 Cogitur
418 436 584 503 inque
610 435 757 485 sinus
780 434 976 484 scindit
997 451 1115 486 sese
1136 435 1284 486 unda
1305 435 1579 500 reductOS,
1608 438 1711 488 420

164 507 460 576 Deprensis
482 506 616 556 olim
640 506 795 555 statio
820 505 1083 555 tutissima
1106 507 1307 569 nautis;

164 581 319 630 Intus
342 595 400 629 se
423 577 554 628 vasti
577 580 806 628 Proteus
829 576 962 641 tegit
988 576 1164 627 obiice
1188 577 1307 630 saxi.

164 649 266 701 Hic
295 650 552 700 iuvenem
577 647 633 696 in
665 646 883 697 latebris
908 663 1158 697 aversum
1178 665 1207 697 a
1229 647 1438 698 lumine
1459 644 1711 714 Nympha

237 749 355 797 420.
392 755 699 803 REDUCTOS3

211 884 282 921 419
308 884 422 919 lateri
450 881 620 917 Rottend.
670 882 710 917 in
729 881 831 915 abest
861 893 883 915 a
902 880 1033 915 Medic.
1054 893 1076 915 a
1096 893 1143 916 m.
1160 894 1216 928 pr.
1241 888 1279 916 et
1301 880 1398 917 Tou.
1433 882 1485 927 (et
1502 879 1584 915 Alb.
1611 879 1710 926 Wr.)

164 930 238 968 420
260 933 395 968 Versus
424 930 555 974 iidem,
589 929 654 964 sed
681 928 831 971 variati,
863 931 952 963 Aen.
981 930 1008 972 1,
1054 930 1133 965 160.
1162 930 1229 966 161
1257 927 1391 976 quibus
1410 930 1529 964 omnis
1556 925 1603 962 ab
1631 927 1711 962 alto

164 980 394 1027 Frangitur,
433 979 546 1024 inque
575 979 683 1012 sinus
717 977 855 1011 scindit
890 989 971 1011 sese
1002 977 1106 1010 unda
1130 977 1318 1011 reductos.

1413 977 1484 1013 421
1513 975 1712 1023 Depre-§sis

165 1028 256 1062 ven.
283 1033 320 1060 et
337 1025 539 1071 Cantabrig.
567 1026 619 1071 (et
637 1028 736 1060 Serv.
756 1024 905 1067 Dresd.,
941 1024 1037 1058 idem
1064 1024 1102 1057 in
1129 1024 1245 1058 tribus
1276 1026 1362 1060 Mss.
1387 1023 1524 1071 reperit
1546 1023 1644 1057 Cort.
1665 1021 1712 1056 ad

164 1074 294 1108 Lucan.
322 1074 384 1117 VI,
418 1072 503 1110 505.
553 1072 651 1118 Wr.)
699 1073 917 1120 gratissima
937 1071 1046 1114 Toll.‚
1078 1078 1119 1105 ut
1147 1074 1234 1106 Aen.
1263 1073 1310 1115 V,
1336 1073 1405 1109 128
1432 1072 1572 1120 apricis
1596 1071 1710 1104 scatio

164 1122 382 1169 gratissima
397 1121 545 1168 mergis,
593 1121 707 1154 scatio
727 1119 916 1165 fidissima
935 1119 1042 1154 Goth.
1063 1131 1131 1164 pr„
1156 1132 1228 1154 non
1245 1120 1357 1163 male3
1392 1125 1432 1153 ut
1449 1125 1574 1154 contra
1594 1119 1710 1152 scatio

164 1169 261 1204 male
281 1169 372 1214 fida
397 1169 538 1202 carinis
562 1170 650 1202 Aen.
680 1169 732 1209 11,
763 1167 823 1202 23.

164 1217 262 1251 casti
286 1216 342 1250 ed.
370 1215 535 1250 Norimb.
586 1214 685 1250 obice
713 1214 751 1247 iu
771 1216 873 1249 Rom.
893 1223 928 1249 et
943 1215 988 1249 al.
1015 1214 1138 1261 (etiam
1159 1215 1290 1249 Medic.
1317 1217 1375 1251 W
1371 1214 1416 1260 r.)

927 1167 1009 1204 422.
1034 1168 1143 1201 Inter
1168 1167 1326 1214 aliquot,
1361 1173 1511 1203 notante
1542 1165 1708 1199 Max-tino.

1511 1212 1584 1250 423
1608 1213 1710 1247 Hinc

165 1263 258 1298 Gud.
276 1276 298 1298 a
314 1276 360 1297 m.
378 1275 434 1309 pr.
483 1275 658 1297 avorsum
676 1261 772 1296 Toll.
822 1263 1008 1297 adversus
1038 1262 1188 1297 vratisl.
1236 1276 1260 1298 a
1284 1263 1410 1298 limine
1431 1262 1522 1296 Gud.
1551 1272 1617 1307 pro
1639 1260 1709 1294 div.

164 1311 288 1357 script.
338 1323 363 1345 a
381 1311 544 1358 flumine
569 1310 642 1344 Erf.
693 1322 717 1344 a
737 1308 908 1344 omittunt
934 1317 1009 1345 tres
1037 1310 1133 1356 apud
1152 1311 1268 1345 Burm.
1287 1311 1467 1345 Romanus
1492 1316 1527 1344 et
1544 1308 1710 1355 plerique

163 1359 261 1405 apud
288 1358 464 1402 Pieriam,
505 1369 594 1392 unus
622 1357 739 1392 Mead.
778 1358 890 1393 Goth.
922 1371 976 1405 pr.

165 1406 248 1441 edd.
266 1406 472 1441 nonnullae.

164 1514 219 1554 ad
259 1514 477 1555 serendum
511 1514 690 1555 numinis
733 1527 907 1568 conspe-

164 1579 278 1613 ctum
294 1573 452 1614 firmari
469 1573 631 1614 iuvenis
650 1573 804 1624 debeat,
836 1578 908 1613 aut

162 1639 213 1672 ut
242 1639 336 1672 nota
363 1633 590 1673 divinitatis
628 1633 665 1673 ei
693 1633 907 1687 impertia-

162 1697 256 1742 tur,
288 1691 402 1744 quod
433 1692 565 1731 Cerda
595 1692 780 1731 volebat:
812 1691 906 1743 quia

163 1750 387 1790 ambrosiae
424 1750 552 1790 odore
588 1750 725 1790 Venus
754 1763 907 1789 numen

162 1809 306 1862 prodit
324 1808 424 1848 Aen.
444 1809 474 1860 Ι,
497 1809 595 1852 403.
636 1810 760 1848 Poeta
784 1809 904 1859 enim,

162 1873 211 1907 ut
233 1868 340 1919 dixi,
371 1881 459 1907 rem
474 1868 559 1921 ipse
578 1868 757 1920 expedit.
788 1867 905 1906 Alio-

163 1926 234 1979 qui
252 1939 398 1966 verum
419 1932 502 1977 est,
534 1926 769 1976 ambrosiae,
796 1931 904 1964 tam-

162 1999 287 2037 quam
305 1985 519 2038 unguenti,
548 1999 669 2024 usum
686 1984 905 2025 memorari

161 2043 276 2083 haud
306 2058 449 2084 unum.
510 2044 584 2083 Est.
603 2044 650 2083 in
673 2044 787 2084 cultu
806 2043 903 2083 dea—

160 2116 276 2154 rum3
313 2102 635 2156 pulcritudinem
665 2109 707 2142 et
732 2103 904 2156 gratiam

161 2161 360 2214 affundit,
389 2168 480 2201 tum
508 2175 657 2202 numen
678 2162 811 2215 ipsum
831 2167 903 2201 aut

162 2221 344 2261 divinam
362 2227 554 2260 naturam
581 2221 744 2274 corpori
764 2220 905 2259 conci—

160 2280 258 2330 liat,
307 2279 495 2333 inprimis
535 2279 880 2319 immortalitatem
894 2294 904 2330 3

161 2339 301 2377 saltem
337 2344 388 2378 ut
415 2352 465 2378 ne
500 2339 711 2392 corrumpi
730 2338 835 2378 illud
856 2352 903 2377 ac

159 2404 395 2450 putrescere
411 2397 562 2451 possit,
581 2397 744 2448 Iliadac,
760 2400 857 2440 6704
867 2413 901 2448 τ,

161 2459 241 2506 38,
273 2456 398 2495 ducta
423 2455 526 2495 haec
555 2469 607 2495 ex
637 2456 724 2510 ipso
766 2462 902 2509 etymo

160 2511 366 2569 ἄμβροτος
386 2547 397 2566 ,
446 2510 684 2569 ἀμβρόσιος.
744 2515 903 2564 Quate-

159 2587 238 2612 nus
272 2573 381 2613 vires
412 2573 617 2627 impertit,
659 2574 818 2627 pectori
836 2574 903 2612 in-

159 2632 296 2671 fusum
329 2631 432 2670 illud
463 2631 542 2671 cibi
576 2645 623 2670 ac
640 2638 763 2685 potus
787 2632 902 2671 defe—

160 2696 274 2729 ctum
294 2690 432 2743 explet
457 2690 574 2729 Iliad.
595 2706 628 2740 τ,
649 2689 901 2734 347--353

161 2749 212 2788 de
233 2748 414 2800 Achille3
444 2748 503 2787 ita
530 2748 695 2787 demum
712 2763 790 2802 pro
810 2749 901 2788 cibo

160 2804 207 2847 ac
232 2814 337 2861 potu
370 2807 542 2847 deorum
580 2808 798 2846 memorari
824 2822 902 2860 po-

158 2867 253 2906 tuit.

218 2924 304 2968 418
324 2938 409 2978 sqq.
441 2924 513 2963 Est
541 2929 708 2963 antrum
738 2924 781 2962 in
798 2937 901 2976 rupe

159 2997 289 3035 exesa,
311 2998 392 3037 quo
407 2983 630 3036 plurimum
651 2982 797 3031 undae,
818 2996 901 3020 un·-

160 3043 328 3094 darum,
378 3047 597 3096 penetrat;
644 3040 716 3080 sed
734 3072 744 3091 ,
784 3047 900 3094 post-

1033 1358 1205 1406 Nymplze
1235 1359 1368 1394 Moret.
1394 1370 1465 1392 sec.
1513 1356 1710 1404 Nymphae

965 1527 1090 1566 quam
1115 1514 1312 1566 intravit,
1351 1514 1394 1554 in
1417 1513 1557 1568 plures
1583 1512 1708 1562 sinus,

965 1572 1007 1613 h.
1019 1574 1216 1613 cavitates
1237 1573 1345 1613 antri
1366 1580 1409 1613 et
1427 1585 1621 1621 recessuS‚
1649 1571 1709 1611 di-

966 1633 1119 1686 sper-git
1133 1646 1186 1683 se,
1209 1633 1405 1685 adeoque,
1439 1631 1588 1670 scindit
1610 1644 1707 1670 sese.

965 1691 1028 1730 Ita
1074 1692 1213 1731 malim
1254 1690 1519 1745 interpretari
1540 1720 1551 1740 ‚
1612 1688 1709 1741 quia

967 1749 1017 1789 de
1044 1764 1169 1804 specu
1199 1750 1346 1803 agitur.
1399 1748 1591 1801 Alioquin
1623 1761 1707 1787 non

966 1809 1159 1849 damnem
1178 1809 1288 1849 illam
1305 1809 1521 1858 rationem,
1553 1820 1606 1846 ex
1626 1819 1708 1858 qua

963 1870 1078 1906 sinus
1107 1868 1263 1907 redacti
1297 1867 1524 1917 fluctuum,
1568 1864 1708 1904 alliso-

960 1940 1057 1966 rum
1093 1926 1293 1978 scopuliS,
1334 1932 1374 1965 et
1411 1926 1532 1978 longo
1566 1929 1707 1963 tractu

960 1984 1265 2035 recedentium,
1305 1984 1481 2024 cavitate
1501 1984 1615 2023 intus
1637 1995 1706 2021 re-

959 2044 1079 2094 licta,
1109 2044 1408 2096 intelliguntur.
1467 2042 1596 2082 Iidem
1621 2041 1707 2080 fere

961 2116 1105 2143 versus
1123 2101 1223 2142 Aen.
1241 2102 1272 2153 I,
1294 2105 1391 2145 160.
1411 2104 1507 2144 161.

1020 2160 1120 2204 421.
1153 2160 1251 2204 422.
1292 2160 1403 2200 Haec
1427 2160 1486 2201 ita
1503 2157 1701 2211 intelligo,

960 2226 1010 2259 ut
1065 2221 1271 2260 anteriore
1338 2217 1462 2259 huius
1524 2230 1705 2258 recessus

963 2277 1096 2334 (Bay)
1127 2286 1246 2333 parte
1264 2309 1275 2330 ,
1314 2284 1481 2332 patente
1511 2277 1588 2316 sub
1622 2275 1704 2325 dio,

961 2338 1131 2377 navium
1151 2338 1299 2388 statio,
1331 2337 1376 2376 in
1390 2336 1607 2386 interiore,
1637 2334 1706 2374 in-

961 2403 1030 2436 tra
1068 2397 1257 2450 scopulos
1292 2396 1488 2446 reducta,
1538 2400 1705 2433 antrum

961 2455 1084 2495 fuisse
1112 2456 1297 2506 dicatur,
1335 2454 1436 2494 huic
1462 2466 1542 2507 pro
1563 2452 1705 2492 muni-

960 2514 1074 2553 tione
1100 2529 1148 2554 ac
1178 2514 1334 2554 foribus
1369 2512 1559 2567 scopulus
1589 2510 1704 2551 obie-

962 2579 1050 2612 ctus
1067 2579 1167 2624 erat,
1197 2573 1241 2612 in
1264 2586 1346 2625 quo
1366 2573 1538 2612 Proteus
1558 2584 1599 2610 v.
1615 2568 1703 2612 436

961 2632 1147 2671 considet
1181 2632 1234 2670 ad
1260 2644 1472 2670 recensum
1495 2634 1703 2668 armento-
1726 2644 1728 2646 ’

958 2704 1065 2730 rum.
1096 2690 1290 2742 deprendi
1314 2702 1438 2729 naves
1464 2693 1702 2741 tempestate

957 2749 1229 2788 notissimum.
1268 2749 1393 2800 tegit,
1435 2752 1571 2800 tegere
1599 2760 1701 2785 con—

959 2807 1105 2847 suevit.
1147 2806 1294 2856 obiice,
1343 2806 1387 2844 in
1431 2819 1575 2858 prosa,
1629 2804 1702 2843 ob·-

961 2867 1080 2904 iecta.
1115 2865 1197 2904 fere
1218 2871 1268 2904 ut
1287 2865 1460 2918 Cyclops
1482 2863 1594 2917 apud
1609 2863 1700 2902 Ho-

958 2937 1057 2963 mer.
1079 2923 1158 2964 Od.
1180 2940 1208 2974 ι,
1228 2922 1315 2966 240
1332 2937 1402 2976 sq„
1450 2921 1549 2965 423.
1579 2936 1699 2961 aver-

958 2997 1050 3020 sam
1085 2996 1113 3021 a
1153 2983 1331 3033 lamine,
1382 2981 1426 3020 in
1461 2981 1575 3030 loco,
1617 2993 1698 3032 quo

958 3041 1099 3081 lumen
1129 3040 1179 3081 ab
1215 3040 1319 3082 ostio
1350 3040 1447 3080 inde
1472 3039 1582 3079 antri
1615 3052 1697 3078 non
