1734 3320
9 1067 17 1087 Ῑ
63 1063 226 1192 ἶρις.
241 1064 343 1108 Wr.)
390 1077 554 1100 cot-vans
572 1066 664 1100 Gud.

115 1123 137 1145 r
193 1111 280 1146 eins.
304 1124 324 1146 r

4 1194 115 1284 [ca

36 315 488 391 :Pnietibusque
507 322 768 382 premunt
788 315 935 380 artis,
971 324 1025 366 et

28 369 372 456 ρἰιξειῐιιοτει
389 385 589 450 veum,
626 384 846 452 obliqua
864 385 984 436 luce
1002 384 1275 440 fenestras,

39 457 225 526 'zum
244 454 464 520 vitulus,
499 454 645 507 bima
663 472 885 506 curvans
903 457 1011 506 iam
1036 473 1236 508 cornua
1252 456 1449 525 fronte,

29 551 36 595 -ς
65 525 386 590 Quaeritur:
421 496 549 576 liuic
571 526 819 591 geminae
838 543 995 577 nares
1017 535 1070 577 et
1091 528 1304 594 spiritus
1327 530 1433 579 oris
1493 537 1596 583 300

72 595 245 648 Multa
265 595 551 646 reluctanti
572 596 887 662 obstruitur,
923 596 1199 665 plagisque
1220 608 1470 665 peremto

25 671 49 722 ζ’.
75 668 256 718 'Punsa
276 683 378 734 per
394 666 660 733 integram
680 666 962 718 solvuntur
977 668 1178 718 viscera
1196 667 1413 735 pellem.

25 738 46 798 ξ
74 737 171 787 Sic
180 737 423 805 positum
440 736 498 787 in
521 737 698 788 clauso
727 737 1002 806 linquunt,
1042 746 1096 789 et
1110 755 1292 790 ramea
1311 739 1467 790 costis

141 822 261 884 301.
297 844 564 882 onsmrnn

116 970 193 1011 m
237 979 386 1005 remum
402 983 493 1006 aras
514 971 572 1006 ed.
587 972 679 1007 Ven.

260 147 777 241 ‘GEoRGicoN
814 188 957 241 ΜΒ
979 190 1069 254 lv,
1095 195 1390 247 295--303

1497 200 1597 248 647

1045 326 1274 384 quatuor
1291 320 1512 389 addunt,

29 992 33 1004 ι
772 972 842 1007 298
868 971 1028 1006 adversa
1052 971 1134 1006 luce
1153 971 1234 1006 edd.
1257 970 1466 1012 nonnullae,
1490 976 1531 1003 ut
1552 981 1595 1004 ex

8 1036 26 1049 .-
69 1016 186 1052 Gerdn
256 1024 329 1052 net.
422 1019 495 1054 299
519 1017 607 1052 luna
633 1030 696 1053 sex
721 1029 781 1063 ap.
815 1020 1000 1052 Burmann.
1048 1020 1147 1053 vima
1172 1018 1302 1052 Medic.
1347 1018 1424 1064 (sed
1444 1016 1466 1050 b
1487 1028 1595 1063 supra

757 1066 825 1101 301
852 1066 978 1100 Multa
993 1066 1194 1100 resultanti
1207 1067 1345 1111 Menag.
1363 1077 1418 1110 pr.
1468 1063 1594 1098 obsni-

439 1112 466 1146 t
496 1124 540 1146 ex
567 1112 671 1147 unico
697 1113 880 1154 Mediceo,
903 1111 940 1145 in
967 1124 1036 1158 quo
1062 1115 1255 1159 opsuitur,
1279 1119 1320 1146 ut
1346 1119 1384 1146 et
1406 1111 1444 1145 in
1460 1111 1551 1145 Gud.
1571 1123 1593 1146 a

167 1168 210 1202 1.,
269 1158 368 1193 uod'
355 1170 425 1193 um
444 1159 656 1194 defenderat
677 1160 722 1194 ad
741 1160 957 1194 Ovid.1·'ast.
977 1161 1018 1202 11,
1043 1160 1123 1195 578.
1170 1139 1344 1193 Lau’davit
1359 1166 1478 1193 tamen
1497 1157 1592 1191 idem

398 1207 561 1241 Ursinus.
612 1206 780 1242 obruztur
805 1186 1077 1241 Ven.Parrl'1as.
1121 1207 1243 1261 Vulgo
1273 1207 1480 1251 legebatur:
1525 1204 1592 1239 ol>-

63 1254 253 1295 etr-iem,
276 1253 374 1309 quod
392 1253 515 1300 utique
537 1254 720 1301 proprium
742 1261 779 1287 et
798 1254 959 1300 pedestri
978 1253 1131 1287 sermoni
1150 1254 1361 1288 conveniens
1382 1259 1469 1294 erat,
1493 1248 1590 1286 α’πο-

0 1300 222 1592 {W

0 1626 11 1655 ἶ
62 1636 181 1664 terum
205 1630 388 1665 Mediceus
411 1638 449 1665 et
475 1632 683 1666 Colotianus
709 1632 810 1666 unius
838 1632 941 1665 testis
975 1631 1113 1677 pondus
1140 1628 1422 1674 habent.W1-.)

66 1393 207 1429 [matt.
237 1396 307 1437 Vl,
337 1396 410 1432 225
453 1403 508 1430 est
545 1408 636 1451 οιιΡῙιι

61 1278 306 1346 aequitatui.
339 1300 449 1347 idque
472 1308 614 1335 tuentur
635 1302 702 1335 viri
730 1302 829 1335 docti
854 1303 958 1335 Voss.
990 1308 1028 1335 et
1046 1301 1193 1335 Wakef.
1219 1313 1334 1346 neque
1355 1299 1589 1333 intercedam:

66 1349 156 1382 Am.
172 1348 331 1391 1V,440
355 1351 454 1383 Fata
479 1347 631 1383 obstant
677 1349 891 1395 lachin-sque
911 1349 988 1382 νιν-ἰ
1011 1348 1104 1382 deus
1132 1347 1289 1382 obstruit
1318 1359 1441 1381 aures.
1479 1346 1592 1403 Apud

632 1362 730 1430 Ere.
782 1397 970 1453 (Geopon.
1005 1396 1097 1436 XV,
1130 1397 1175 1434 2,
1209 1395 1290 1430 25.;

1345 1389 1518 1435 „Mettus
1547 1389 1591 1428 δὲ

46 1421 464 1493 ἆποπεφρᾶχθω
504 1442 585 1483 πᾶς
627 1443 697 1478 τοῦ
746 1441 842 1499 βοὸς
877 1439 998 1487 πόρος
1035 1438 1253 1482 ὀθόναις
1292 1441 1487 1497 καθαραῖς
1526 1437 1591 1475 καὶ

246 1489 316 1524 alo·
316 1500 362 1537 σῃ
389 1488 669 1535 κεχαρισμέναις·
704 1487 787 1525 οἷον
820 1485 992 1548 ὄμματα,
1024 1487 1089 1524 καὶ
1116 1486 1236 1534 ῥῖνες,
1266 1486 1331 1522 καὶ
1358 1485 1498 1532 στόμα,
1525 1484 1592 1522 καὶ

62 1530 143 1571 οσα
159 1535 209 1583 τῇ
228 1533 344 1581 φύσει
358 1537 566 1582 πεποίηται
581 1537 636 1578 εἰς
653 1535 811 1573 κένωσιν
828 1536 1052 1582 αναγκαίαν.
1064 1537 1090 1556 “
1138 1540 1192 1570 An
1211 1532 1425 1580 ἄναγιιαῖαῖ
1470 1536 1591 1569 Revo—
1630 1570 1640 1586 x

0 1592 4 1622 ξ
55 1582 146 1618 mvi
174 1582 403 1626 &traina-3
438 1596 553 1630 neque
574 1585 667 1618 enim
697 1585 783 1619 licet
798 1585 916 1630 poetis
937 1584 1074 1630 quidvis
1090 1595 1156 1629 pro
1183 1582 1307 1628 quovis
1325 1593 1471 1627 ponere.
1519 1581 1590 1614 Ce-

1517 1629 1592 1664 302

0 1667 42 1745 b
70 1678 214 1721 Toum,
243 1679 367 1722 Tum,
390 1678 464 1713 alii.
489 1679 560 1714 vid.
577 1679 625 1714 ad
640 1692 674 1714 v·
691 1681 777 1716 267.
871 1679 943 1716 303
966 1680 1007 1713 in
1025 1678 1127 1712 deest
1146 1683 1261 1723 quart.
1280 1677 1410 1710 Moret.

0 1774 7 1827 1L
62 1791 154 1827 erat
169 1785 397 1825 varronem
407 1816 419 1836 ,
433 1786 564 1825 *cujus
582 1784 662 1825 hac
684 1785 735 1825 de
754 1798 801 1825 re

0 1850 7 1890 T
62 1843 190 1894 locus,
218 1843 271 1883 ad
290 1857 412 1896 quem
429 1844 687 1884 Florentinus
698 1858 801 1898 pro-

0 1906 5 1945 ἶ
62 1907 197 1952 vocat,
230 1902 482 1942 intercidisse
500 1903 679 1942 videtur.
698 1917 799 1941 con-

0 1967 7 1992 i

63 1969 238 2009 trucem,
271 1967 490 2011 coartatus,
519 1959 649 2013 spatio
668 1974 799 2012 angu-

0 2013 5 2069 {
63 2024 128 2058 sto
147 2019 291 2068 sactus,
313 2018 365 2057 ad
382 2018 525 2057 hunc
514 2033 646 2071 ipsum
663 2031 796 2068 usum,

2 2100 5 2102 -
62 2077 197 2126 locu-3,
240 2073 374 2127 οἶκος,

28 2148 35 2152 ·
62 2136 108 2174 in
140 2134 397 2172 altitudinem
437 2143 477 2172 et
512 2135 794 2183 latitudinem,

415 2077 552 2115 decem
580 2076 801 2115 cubitorum

60 2192 196 2245 inquit
212 2192 484 2231 Florentinus.
543 2195 643 2234 296.
666 2193 796 2230 Hune

24 2273 27 2275 -
59 2251 199 2290 locum
223 2256 264 2289 et
296 2253 466 2303 angusti
497 2250 659 2288 imbrice
683 2251 790 2298 tecti,

60 2307 104 2348 h.
139 2315 309 2362 angusto
338 2315 448 2347 tecto
471 2306 604 2362 (cuius
624 2307 792 2360 fastigiis

60 2367 217 2420 imponi
231 2367 363 2406 solent
383 2380 505 2406 cavae
524 2366 695 2419 tegulae,
713 2368 796 2403 im-

60 2424 203 2480 brices)
215 2456 227 2476 ‚
259 2432 300 2464 et
318 2425 543 2478 parietibus
562 2427 661 2463 artis
674 2455 686 2474 ,
720 2438 797 2462 an—

59 2485 206 2537 gustiS‚
230 2493 422 2536 premunt
454 2498 530 2536 pro
563 2488 796 2532 exstruunt,

5 2544 8 2545 ⁷
61 2543 133 2581 sed
149 2543 280 2581 multo
307 2542 548 2595 elegantius,
580 2542 693 2593 quasi
724 2554 798 2579 co-

50 2607 230 2652 xlercent3
270 2607 313 2641 et
346 2607 523 2653 quatuor
558 2600 799 2652 relinquunt

60 2660 262 2713 spiracula
290 2659 344 2698 ad
370 2665 546 2711 quatuor
575 2659 674 2698 caeli
705 2672 798 2697 car-

61 2718 177 2757 dines
193 2719 429 2771 spectantia.

118 2802 216 2842 299.
271 2795 635 2853 Τριακοντᾶμηνον
690 2799 797 2852 βοῦν

59 2857 322 2897 Florentium
351 2858 378 2896 l.
406 2857 433 2896 l.
493 2860 591 2899 300.
630 2859 797 2908 spiritus

59 2919 164 2966 ori-s,
209 2916 251 2955 h.
271 2930 326 2954 OS.
398 2918 496 2957 301.
534 2916 666 2953 multa
685 2916 795 2953 relu-

58 2977 211 3025 ctanti,
253 2969 377 3016 πόλλ’
418 2969 700 3029 ἅεκαζομὲνῳ,
745 2978 795 3011 ut

858 1785 963 1839 apud
982 1784 1148 1824 Homer.
1168 1783 1247 1823 Od.
1263 1799 1300 1833 ν,
1318 1784 1415 1825 277.
1435 1781 1547 1820 Iliad.
1558 1782 1590 1830 ζ,

857 1843 956 1887 458.
1015 1845 1111 1885 302.
1133 1843 1354 1890 solvuntur,
1373 1839 1589 1879 resolvun-

854 1908 927 1941 tur
946 1907 1132 1950 contusa,
1165 1899 1511 1947 comminuuntur,
1542 1901 1592 1935 ut

853 1961 898 1999 in
907 1959 1165 2013 putredinem
1174 1964 1291 1996 tanto
1302 1957 1419 1996 citius
1431 1956 1589 2005 abeant,

848 2019 959 2070 pelle
996 2023 1132 2055 tamen
1185 2018 1343 2066 integra
1389 2019 1588 2052 manente.

859 2075 940 2114 Sed
962 2081 1003 2113 et
1023 2073 1254 2126 simpliciter
1269 2073 1478 2110 solvuntur
1493 2080 1589 2109 tun-

855 2148 929 2182 sa,
972 2146 1048 2185 pro
1077 2130 1329 2169 tunduntur:
1368 2128 1472 2182 ὁμοῦ
1500 2132 1589 2177 ταῖς

857 2190 974 2244 σαρξὶ
992 2187 1041 2230 τοὶ
1054 2185 1174 2230 ὄστὲα
1186 2189 1478 2235 συναλοῦντες·
1502 2202 1586 2253 φυ-

852 2246 986 2302 λακήν
1005 2246 1049 2289 δὲ
1070 2241 1368 2300 ἐχέτωσαν,τό
1388 2261 1445 2298 μη
1468 2238 1587 2297 αἷμά-

851 2309 917 2357 ξαι
943 2323 982 2347 τι
1006 2307 1082 2347 τοῦ
1120 2301 1219 2359 βοός
1254 2309 1297 2342 et
1320 2303 1393 2342 rel.
1432 2303 1587 2342 viscera

852 2379 931 2419 pro
953 2364 1066 2403 omni
1084 2375 1217 2402 carne.

913 2449 1010 2488 303.
1050 2446 1094 2482 in
1131 2444 1271 2482 clauso
1287 2472 1298 2491 ‚
1346 2440 1435 2479 luto
1465 2439 1585 2478 etiam

856 2504 981 2544 denso
1004 2502 1181 2542 obducta
1192 2502 1313 2541 ianua
1332 2504 1372 2537 et
1380 2497 1585 2547 fenestri33

854 2569 905 2602 ut
933 2561 1082 2601 diserte
1122 2558 1382 2599 Florentinus
1412 2571 1452 2610 p.
1486 2554 1583 2604 407,

856 2621 949 2671 sed,
975 2626 1025 2659 ut
1048 2618 1260 2666 adjicitur,
1299 2615 1400 2654 XXI
1418 2614 1482 2653 die
1499 2613 1584 2651 dies

855 2686 897 2718 et
911 2692 1040 2732 purus
1071 2690 1139 2716 aer
1168 2674 1419 2722 admittitur,
1458 2676 1582 2710 vento

852 2744 990 2776 tamen
1022 2735 1210 2784 excluso;
1256 2738 1296 2770 et
1322 2737 1410 2769 tum
1442 2742 1583 2768 rursus

854 2796 990 2836 omnia
1006 2794 1134 2833 oblita
1153 2790 1435 2832 occluduntur.
1488 2786 1582 2834 Quo

851 2856 973 2905 facto,
1003 2852 1216 2892 undecimo
1233 2847 1329 2887 inde
1350 2846 1425 2895 die,
1443 2850 1582 2897 aperta

853 2913 975 2952 domo
993 2910 1178 2949 examina
1205 2919 1311 2945 nova
1328 2904 1582 2943 effervescere

849 2971 1121 3024 reperiuntur.
1179 2964 1311 3003 Facile
1339 2975 1390 3002 ex
1416 2960 1479 3000 his
1507 2973 1582 3012 ap-
