1768 3320
154 304 201 340 62

154 654 202 690 64
213 648 325 688 unde
353 659 496 687 versus
523 647 793 686 transtulerit.

213 181 378 215 XCVIII

649 164 794 214 TIB.
845 164 956 214 CL.
1002 162 1322 213 DONATI

327 296 401 335 Est
425 300 468 333 et
494 293 691 334 adversus
723 294 905 334 Aeneida
924 295 1029 334 liber
1058 294 1224 334 Carvilii
1245 294 1438 345 PictoriS‚
1469 293 1590 333 titulo
1608 291 1759 334 Aenei-

213 354 432 395 domastix.
471 352 526 392 M.
550 353 766 406 Vipsanius
794 369 817 392 a
841 354 1072 393 Maecenate
1105 366 1197 392 eum
1232 353 1487 407 suppositum
1528 352 1760 409 appellabat

213 427 344 453 novae
372 412 616 465 κακοζηλίας
645 419 921 467 repertorem3
950 426 1034 451 non
1064 411 1269 462 tumidae,
1300 424 1433 464 neque
1452 411 1517 450 exi
1537 410 1587 467 [s,
1618 412 1690 451 sed
1704 426 1759 452 ex

214 470 499 511 communibus
517 471 654 510 verbis
666 502 677 522 ,
709 477 830 523 atque
851 471 944 510 ideo
961 470 1147 510 labentis.

154 537 201 572 63
214 531 300 570 eius
338 529 550 569 contraxit
570 544 581 580 3
630 530 801 569 Perilius
836 530 1055 568 Faustinus
1089 529 1211 567 furta.

1207 469 1437 509 Herennius
1462 411 1628 509 tagum
1656 471 1758 510 vitia

1279 530 1387 567 Sunt
1424 534 1467 567 et
1504 528 1556 577 Q.
1598 529 1758 573 Octavii

213 583 692 641 Aviti‘Onowveletirmv
723 595 816 627 octo
847 588 1079 638 volumina,
1121 586 1269 638 quibus
1290 592 1563 637 annotantur,
1595 599 1697 641 quos
1715 594 1758 628 et

853 646 1052 685 Asconius
1080 645 1302 696 Pedianus,
1340 645 1447 684 libro
1474 658 1596 697 quem
1611 652 1757 686 contra

216 707 512 746 obtrectatores
541 705 698 758 Virgilii
727 705 910 758 scripsit,
952 718 1081 757 pauca
1108 703 1332 743 admodum
1363 703 1399 742 ei
1428 704 1587 743 obiecta
1616 705 1757 758 ponit,

213 771 255 804 et
275 764 531 818 potissimum
544 794 554 814 ,
590 763 702 815 quod
720 778 805 802 non
823 769 934 802 recte
955 762 1170 802 historiam
1196 762 1435 814 contexuit,
1476 768 1518 801 et
1535 763 1649 823 quod
1665 764 1757 817 ple-

212 836 342 875 raque
362 823 411 861 ab
431 822 612 861 Homero
639 822 795 861 sumsit.

854 821 935 860 Sed
961 820 1042 860 hoc
1061 821 1215 860 crimen
1235 821 1293 859 sic
1311 821 1527 861 defendere
1550 829 1755 866 assuetum

213 883 290 922 ait:
328 881 410 920 Cur
429 895 509 919 non
528 881 592 919 illi
614 895 771 933 quoque
788 881 931 918 eadem
947 879 1067 931 furta
1087 888 1284 918 tentarent
1292 880 1314 918 Ρ
1349 881 1504 920 Verum
1528 882 1755 921 intellectu-

210 955 274 979 ros
294 971 306 990 ,
327 939 508 992 facilius
535 954 617 976 esse
644 940 820 977 Herculi
849 940 1015 978 clavam
1031 969 1042 988 ,
1087 953 1216 991 qnam
1231 940 1421 977 -Homero
1448 954 1608 979 versum
1625 942 1753 979 surri-

205 1013 310 1051 pere
323 1014 338 1046 ,·
372 1003 413 1035 et
433 1003 571 1035 tamen
590 996 808 1035 destinasse
829 996 1037 1047 secedere,
1068 1003 1118 1036 ut
1142 996 1276 1036 omnia
1299 996 1352 1036 ad
1368 997 1599 1058 satietatem
1621 998 1752 1038 male-

203 1057 393 1097 volorum
420 1054 635 1094 decideret.

323 1114 449 1154 XVII.
473 1114 613 1153 Refert
629 1113 746 1152 etiam
763 1113 975 1164 Pedianus,
1005 1113 1238 1166 benignum,
1271 1113 1551 1167 cultoremque
1569 1114 1752 1154 omnium

207 1173 414 1212 bonorum
443 1178 564 1222 atque
595 1172 853 1211 eruditorum
880 1172 1024 1223 fuisse,
1065 1178 1106 1211 et
1137 1185 1267 1224 usque
1288 1172 1389 1212 adeo
1405 1173 1583 1214 invidiae
1603 1186 1751 1227 exper—

209 1238 316 1281 tem,
356 1237 425 1280 ut,
466 1230 497 1268 si
534 1231 633 1283 quid
662 1230 822 1270 erudite
851 1230 1008 1270 dictum
1035 1230 1254 1284 inspiceret
1285 1231 1474 1284 alterius,
1510 1246 1596 1271 non
1615 1233 1751 1271 minus

206 1290 423 1343 gauderet,
456 1302 503 1326 ae
530 1290 561 1328 si
594 1303 714 1328 suum
744 1289 908 1340 fuisset3
941 1289 1144 1328 neminem
1175 1290 1435 1343 vituperare,
1474 1291 1645 1330 laudare
1669 1291 1749 1330 bo-

207 1363 306 1399 nos,
336 1361 381 1385 ea
399 1346 653 1387 humanitate
674 1361 768 1398 esse,
799 1354 860 1398 ut,
891 1347 966 1386 nisi
987 1361 1204 1401 perversus
1223 1349 1416 1399 maxime,
1448 1350 1619 1402 quisque
1632 1350 1750 1389 illum

150 1414 196 1448 66
212 1421 295 1445 non
327 1405 510 1457 diligeret
537 1405 683 1456 modo,
715 1406 787 1444 sed
817 1413 984 1446 amaret.

1044 1407 1154 1446 Nihil
1168 1407 1327 1460 proprii
1346 1406 1498 1454 habere
1517 1408 1749 1448 videbatur.

208 1465 304 1504 Eius
329 1463 575 1503 bibliotheca
604 1479 687 1504 non
718 1465 852 1504 minus
881 1465 968 1503 aliis
994 1465 1125 1505 doctis
1143 1466 1334 1518 patebat,
1367 1481 1415 1506 ac
1432 1466 1508 1506 sibi
1524 1482 1535 1518 3
1564 1467 1748 1519 illudque

209 1522 415 1575 Euripidis
443 1522 655 1575 antiquum
694 1537 813 1576 saepe
840 1524 1091 1577 usurpabat,
1131 1522 1181 1565 τά
1207 1528 1292 1566 τῶν
1320 1525 1456 1577 φίλων
1487 1523 1631 1577 κοινοὶ,
1669 1525 1750 1565 hoc

147 1586 193 1620 67
207 1587 287 1631 est,
319 1583 551 1619 eommunia
571 1583 796 1620 amicornm
822 1596 904 1620 esse
931 1586 1085 1622 omnia.
1139 1583 1278 1632 Quare
1297 1597 1467 1639 coaevos
1489 1598 1628 1624 omnes
1648 1598 1748 1638 poe-

205 1646 267 1678 tas
286 1640 344 1677 ita
365 1639 577 1678 adiunctos
603 1639 748 1680 habuit
758 1671 770 1691 ,
801 1646 850 1679 ut
866 1672 877 1692 ,
909 1655 1002 1680 cum
1022 1642 1131 1681 inter
1150 1656 1191 1681 se
1211 1643 1437 1695 plurimum
1450 1643 1607 1684 invidia
1624 1644 1746 1683 arde-

205 1742 350 1790 giliano
370 1753 406 1786 p.
426 1741 460 1777 7.
480 1742 801 1788 interpungendum
820 1744 946 1778 existi-

206 1795 297 1823 mat:
331 1788 439 1829 N0n3
465 1803 594 1824 verum
620 1793 787 1838 Aegonis
812 1794 944 1826 nostri.

207 1838 261 1871 sic
281 1848 370 1869 rure
390 1836 460 1881 loq.
509 1837 579 1871 Sed
606 1851 731 1883 parum
759 1840 943 1873 commode

202 1895 321 1931 pecus
346 1883 580 1918 Latinum
605 1892 641 1918 et
658 1890 944 1933 pecasAego-

206 1932 254 1966 ni
263 1942 281 1964 s
305 1929 399 1963 inter
418 1941 457 1962 se
476 1939 713 1978 opponuntur.
745 1936 797 1968 W
796 1934 839 1979 r.)

252 1978 284 2023 ς.
312 1979 369 2014 62.
393 1978 447 2010 De
476 1979 635 2014 Carvilio
671 1982 821 2015 Pictore
853 1982 943 2015 nihil

204 2024 302 2058 aliud
330 2024 481 2069 reperiri
507 2026 660 2060 memini.
707 2030 761 2061 An
786 2029 881 2062 forte
909 2030 943 2063 ei

204 2071 379 2105 debeatur
397 2071 535 2117 pictura
564 2075 718 2108 scurrilis
737 2076 843 2110 modo
863 2090 943 2110 me-

202 2125 363 2161 morata,
412 2121 549 2164 quaerit
584 2124 771 2167 Pasqaale
807 2127 945 2158 Carca-

202 2167 244 2199 ni
284 2167 424 2200 Pictur.
459 2169 611 2202 Hercul.
652 2171 754 2204 Tom.
790 2173 861 2211 IV,
908 2186 943 2218 p.

205 2213 275 2249 166
294 2221 330 2246 et
347 2214 477 2249 368.—
496 2217 548 2250 M.
564 2218 769 2264 Vipsanius
784 2219 943 2264 Agrippa

203 2272 307 2299 eum,
340 2260 549 2305 Virgilium,
581 2263 794 2310 appellabat
821 2279 943 2301 novae

203 2307 429 2352 κακοζηλίας
450 2318 693 2357 repertorem,
720 2313 819 2357 quasi
842 2315 942 2348 Mae-

204 2354 321 2388 cenati
352 2367 391 2387 ea
419 2355 456 2388 in
485 2370 525 2390 re
547 2357 802 2401 gratificaretur
822 2369 941 2406 pocta,

204 2400 301 2434 cuius
329 2401 437 2435 molle
468 2411 504 2436 et
527 2404 733 2439 discinctum
761 2409 940 2442 scribendi

203 2460 313 2492 genus
332 2450 464 2493 passim
481 2452 734 2497 perstringitur
760 2467 779 2487 a
802 2457 939 2489 veteri—

203 2495 280 2528 bus.
315 2497 414 2537 Quae
436 2497 483 2530 sit
500 2498 628 2532 labens
647 2501 820 2535 cacozelia
833 2529 841 2544 ,
869 2504 940 2537 ob—

203 2554 342 2576 scurum
370 2551 440 2585 est3
478 2557 521 2578 an
555 2545 760 2590 labantem,
793 2549 862 2583 hoc
885 2558 939 2584 est

201 2588 391 2632 incertam,
427 2592 577 2625 mediam
599 2593 692 2627 inter
712 2596 880 2630 tumidam
902 2605 938 2631 et

203 2635 330 2670 exilem
357 2637 640 2678 dicei-evoluit'?
688 2642 802 2676 Multo
826 2645 937 2689 magis

201 2689 304 2729 putes
328 2685 510 2719 Maronem
536 2687 673 2721 obviam
699 2688 804 2723 ivisse
834 2692 937 2725 Mae-

202 2730 334 2764 cenatis
366 2744 496 2776 pravae
518 2740 554 2766 et
572 2735 758 2769 affectatae
778 2737 935 2773 dictioni.

199 2778 305 2822 Apud
325 2781 423 2812 Serv.
443 2780 490 2813 ad
507 2783 593 2814 Aen.
613 2783 715 2824 VIII,
739 2785 810 2819 310
834 2787 936 2828 „Hoc

198 2823 330 2868 „etiam
361 2827 543 2860 Maecenas
569 2828 605 2860 in
635 2831 844 2875 Symposio,
880 2834 936 2867 cui

200 2871 394 2917 „Virgilius
431 2881 465 2907 et
498 2876 666 2909 Horatius
693 2877 934 2923 interfuerant,

198 2931 301 2962 „cum
330 2931 373 2953 ex
399 2932 553 2965 persona
582 2924 757 2957 Messalae
786 2926 830 2959 de
851 2927 932 2961 vino

199 2992 223 3010 „
233 2966 461 3013 loqueretur,
485 2969 551 3004 ait:
574 2971 696 3014 „Idem
717 2972 844 3007 humor
862 2975 932 3008 mi—

1004 1745 1158 1789 ‚,nistrat
1173 1746 1297 1780 faciles
1312 1746 1447 1791 oculos,
1461 1747 1642 1794 pulcriora
1657 1748 1747 1782 red-

1003 1794 1082 1838 „dit
1100 1794 1235 1836 omnia,
1262 1801 1297 1828 et
1319 1794 1432 1829 dulcis
1450 1795 1616 1830 iuventae
1634 1797 1746 1830 redu-

1003 1842 1079 1886 „cit
1107 1842 1238 1875 bona.“
1291 1843 1508 1877 Herennius
1534 1842 1595 1889 qui
1622 1844 1745 1887 fuerit,

1001 1901 1073 1923 non
1091 1889 1217 1935 liquet.
1259 1891 1478 1924 Herennius
1501 1893 1655 1926 Senecio
1674 1892 1745 1926 ali—

1003 1937 1143 1982 quoties
1162 1937 1199 1970 in
1218 1939 1310 1982 Epp.
1325 1937 1431 1971 Plinii
1452 1939 1617 1974 occurrit.
1666 1938 1745 1974 Nec

1002 1985 1187 2031 quicquam
1220 1991 1360 2018 constat
1396 1985 1442 2019 de
1469 1987 1610 2021 Petilio
1638 1989 1744 2022 Fau-

1001 2034 1121 2076 stino,
1145 2038 1211 2066 aut
1233 2033 1277 2066 de
1298 2036 1338 2077 Q.
1358 2035 1512 2068 Octavio
1529 2036 1655 2069 Avito.

1051 2104 1081 2149 ᾗ.
1101 2102 1159 2139 64.
1187 2106 1260 2137 Cur
1287 2116 1364 2137 non
1391 2104 1460 2138 illi.
1509 2104 1650 2139 Dictum
1673 2106 1744 2140 hoc

1001 2150 1167 2185 Vincent.
1189 2151 1366 2185 Bellovac.
1397 2152 1540 2198 Specul.
1559 2152 1644 2187 hist.
1664 2155 1742 2195 VII,

1002 2199 1048 2234 62
1076 2199 1231 2244 repetit,
1264 2211 1332 2232 una
1352 2210 1430 2232 cum
1449 2199 1514 2234 illo
1547 2213 1624 2246 sup.
1643 2202 1673 2246 ᾗ.
1694 2200 1743 2237 34

1002 2246 1047 2279 de
1068 2258 1159 2281 ursa.
1185 2246 1276 2287 Alia,
1291 2258 1383 2292 quae
1398 2249 1581 2283 Asconius
1597 2249 1642 2282 de
1652 2248 1742 2283 Vir-

1000 2294 1086 2336 gilio
1114 2293 1306 2327 tradidisse
1338 2301 1574 2338 memoratur,
1598 2308 1632 2330 v.
1662 2307 1740 2341 sup.

999 2342 1100 2386 5521.
1117 2345 1214 2376 Serv.
1234 2341 1280 2375 ad
1298 2340 1371 2375 Ecl.
1391 2343 1452 2384 111,
1471 2342 1551 2378 105.
1576 2344 1638 2387 IV,
1659 2346 1739 2382 110.

1046 2409 1237 2434 assuetum
1263 2412 1298 2434 n.
1319 2400 1522 2446 Virgilium.
1570 2402 1657 2437 Meu
1682 2397 1741 2436 vi-

998 2448 1099 2481 detur
1118 2448 1324 2493 legendum:
1361 2449 1574 2485 destinasse
1592 2462 1651 2493 se,
1675 2462 1740 2484 ce-

997 2495 1104 2538 dere,
1132 2504 1230 2529 ut—
1244 2496 1437 2530 recideret.

1044 2553 1074 2598 ᾗ.
1102 2554 1159 2589 65.
1192 2554 1338 2599 Egregii
1367 2566 1485 2589 mores
1514 2561 1666 2602 poetae,
1702 2563 1739 2590 et

997 2599 1117 2644 quales
1150 2601 1187 2634 in
1213 2602 1278 2635 tali
1301 2601 1446 2647 ingenio
1474 2615 1551 2637 esse
1570 2603 1738 2638 debuisse

996 2647 1150 2681 divines!
1186 2649 1376 2683 Confirmat
1393 2651 1519 2684 Horat.
1549 2653 1623 2685 Sat.
1649 2651 1677 2693 Ι,
1702 2650 1736 2694 5,

994 2695 1041 2728 40
1063 2696 1210 2729 Plotius
1231 2705 1269 2730 et
1298 2698 1438 2732 Varius
1457 2717 1503 2723 —
1527 2699 1737 2745 Virgilius—-

994 2746 1296 2786 que—animae,
1338 2743 1469 2790 quales
1494 2757 1614 2792 neque
1642 2757 1737 2780 ean-

994 2789 1157 2823 didiores
1175 2793 1293 2825 Terra
1305 2792 1403 2834 tulit,
1422 2804 1542 2838 neque
1561 2795 1665 2839 queis
1680 2806 1737 2827 me

992 2836 1042 2868 sit
1070 2837 1277 2872 devinctior
1303 2839 1413 2872 alter.
1468 2840 1520 2872 Ex
1544 2846 1623 2874 tota
1650 2840 1736 2884 vita,

993 2881 1022 2914 si
1044 2882 1133 2916 nihil
1155 2884 1250 2918 aliud
1274 2886 1318 2919 de
1348 2892 1459 2931 poeta
1476 2887 1647 2921 traditum
1674 2900 1736 2922 es·-

992 2936 1065 2971 set,
1090 2930 1178 2965 haec
1197 2932 1321 2966 saltem
1342 2945 1491 2968 censura
1514 2947 1592 2969 eum
1614 2935 1733 2969 omni-

991 2976 1055 3010 bus
1074 2977 1176 3012 bonis
1195 2980 1469 3015 commendaret.
