1768 3320
199 220 267 269 42
445 214 782 263 SPOHNII
830 208 1454 262 PROLEGOMENA

198 351 259 392 ut
294 349 563 407 poetam
601 357 671 391 vs,
711 345 786 391 18.
818 338 1062 391 21-25,
1097 334 1337 386 38-45,
1374 333 1456 384 55.
1495 340 1548 382 et
1580 334 1713 383 Cae-

199 411 324 462 saris
354 409 538 460 laudes
569 408 766 459 efferre
794 407 1083 466 solentem,
1137 420 1207 454 VS.
1247 408 1324 455 19.
1352 409 1434 456 20.
1468 405 1713 455 46—50.

202 491 256 532 et
290 497 454 531 novas
485 483 626 532 Varo
671 486 969 545 parantem,
1030 472 1332 524 dummodo
1366 473 1410 523 is
1439 475 1714 527 Mantuam

201 560 398 613 servet,
436 566 509 599 vs.
538 555 605 603 27
637 566 750 616 sqq.

799 661 957 728 (Ecl
1002 663 1112 726 lv.)

338 759 535 820 Pollio,
582 757 726 806 victis
756 754 1089 817 AntonianiS,
1138 769 1196 803 se
1230 760 1527 820 receperat
1535 752 1591 802 in
1627 767 1713 801 re-

199 831 419 911 gionem
457 832 741 889 Venetam,
798 842 960 893 quam
996 841 1119 873 cum
1149 825 1261 876 Vll.
1295 821 1596 889 legionibus
1621 821 1714 871 diu

199 900 416 949 retinuit
454 899 507 947 in
535 904 795 964 potestate
827 894 1068 956 Antonii,
1123 908 1341 959 magnas
1369 908 1463 945 res
1505 900 1559 942 et
1591 907 1713 958 spe-

201 971 364 1019 ciosas
397 969 529 1017 circa
559 966 798 1016 Altinum
832 964 1063 1032 aliasque
1093 964 1257 1014 urbes
1285 963 1444 1015 huius
1480 962 1713 1028 regionis

202 1039 392 1103 edidit,
448 1037 716 1088 Patavium
748 1052 966 1103 quoque
998 1034 1189 1084 acelbe
1223 1043 1276 1084 et
1301 1034 1531 1100 gravite1
1559 1049 1713 1082 vexa-

199 1110 297 1173 vit,
349 1123 542 1173 cogens
568 1107 870 1168 PatavinoS,
913 1114 974 1154 ut
1002 1105 1288 1172 pecuniam
1317 1113 1371 1154 et
1400 1120 1545 1157 arma
1583 1117 1713 1153 con-

198 1178 416 1230 ferrent.
485 1176 657 1228 Alieni
688 1177 831 1226 enim
867 1184 1016 1225 erant
1050 1175 1209 1225 huius
1243 1175 1476 1240 regionis
1504 1172 1713 1227 incolae

199 1265 388 1298 omnes
417 1247 480 1297 ab
509 1247 725 1297 Antonii
755 1246 1006 1312 partibUS,
1045 1246 1246 1313 quippe
1279 1261 1449 1314 quum
1473 1241 1622 1293 favel
1625 1252 1715 1293 ant

199 1319 501 1379 Octaviano,
539 1317 629 1384 qui
658 1316 961 1366 libertatem
994 1315 1218 1365 dederat
1247 1325 1300 1365 et
1330 1315 1411 1366 sui
1439 1314 1566 1366 iuris
1598 1329 1713 1364 esse

197 1389 413 1438 iusseiat
446 1386 669 1438 Galliam
703 1386 1038 1467 Cisalpinam.
1109 1387 1228 1451 Egit
1262 1387 1359 1436 ista
1391 1383 1568 1437 Pollio
1613 1400 1715 1450 per

196 1467 448 1507 aestatem
480 1456 636 1506 huius
685 1457 831 1520 anni,
888 1457 943 1506 in
974 1473 1139 1524 quem
1181 1473 1305 1506 cum
1336 1458 1431 1508 Cn.
1468 1454 1711 1507 Domitio

197 1527 415 1579 Calvino
449 1527 650 1578 Consul
678 1536 788 1576 erat
821 1536 973 1576 antea
995 1528 1101 1576 iam
1134 1526 1464 1592 designatus,
1503 1526 1713 1576 Consu-

196 1597 360 1647 latum
383 1606 561 1647 autem
593 1596 738 1646 adire
762 1596 1011 1646 nondum
1029 1597 1219 1664 potuit.
1274 1599 1419 1660 Dum
1443 1595 1577 1645 haec
1598 1594 1713 1645 edi-

198 1667 454 1716 ditPollio
479 1667 533 1716 in
554 1668 790 1730 Venetia,
809 1685 908 1734 per
928 1667 1177 1734 epistolas
1198 1667 1401 1717 studuit
1411 1666 1713 1718 Domitium

196 1737 618 1786 Ahenobarbum
670 1754 791 1787 cum
831 1737 1035 1788 duabus
1075 1738 1377 1803 legionibus
1415 1746 1469 1786 et
1498 1744 1714 1803 septua-

196 1808 337 1872 ginta
383 1807 602 1856 navibus
639 1808 693 1856 in
726 1809 860 1857 mari
896 1810 1052 1858 Ionio
1094 1826 1123 1858 e
1159 1823 1337 1875 pugna
1379 1806 1712 1873 Philippensi

199 1876 371 1926 adhuc
415 1892 604 1957 vagum
655 1877 721 1926 ad
759 1880 976 1928 Antonii
1015 1888 1193 1946 partes
1233 1877 1460 1929 allicere.
1550 1874 1712 1939 Quod

199 1946 420 2014 quidem
461 1947 508 1995 ei
548 1947 617 1996 ita
659 1950 932 2014 successit,
982 1958 1043 1999 ut
1080 1948 1474 1999 Ahenobarbus
1510 1944 1712 1997 deinde

199 2033 255 2066 se
291 2016 613 2081 adiungemet

334 2086 512 2143 Fulvia
544 2096 744 2150 autem,
803 2089 1021 2139 Antonii
1062 2088 1349 2138 Triumviri
1382 2104 1540 2152 uxor,
1589 2102 1708 2136 cum

199 2156 376 2205 liberis
403 2165 524 2222 post
555 2167 754 2224 captam
775 2160 1049 2209 Perusiam
1077 2175 1134 2209 se
1169 2157 1560 2221 Brundusium,
1587 2155 1711 2209 hinc

197 2225 428 2275 Athenas
471 2228 777 2280 contulerat.
847 2230 928 2279 Ibi
976 2246 1094 2278 eam
1139 2227 1501 2296 deprehendit
1542 2229 1714 2280 Anto-

197 2297 338 2355 niUS,
399 2297 489 2362 qui
532 2314 657 2347 vere
689 2298 845 2348 huius
878 2300 1002 2348 anni
1032 2304 1180 2364 (714)
1223 2297 1563 2359 Alexandria,
1616 2296 1712 2346 ubi

197 2382 295 2432 per
321 2364 559 2416 hiemem
594 2368 903 2435 Cleopatrae
937 2371 1105 2419 amori
1139 2369 1456 2430 indulserat,
1493 2371 1712 2431 Tyrum,

197 2435 325 2484 inde
358 2452 455 2501 per
483 2438 715 2502 Cyprum
757 2448 809 2488 et
840 2439 1099 2490 Rhodum
1131 2441 1186 2489 in
1211 2440 1407 2490 'Asiam
1438 2437 1712 2487 minorem

199 2505 344 2555 ab1e1
347 2514 408 2556 at
480 2508 709 2573 Accepto
745 2518 922 2558 autem
954 2510 1026 2559 ibi
1062 2510 1130 2559 de
1158 2510 1320 2560 iebus
1350 2508 1418 2558 ad
1438 2507 1712 2558 Perusiam

198 2575 386 2624 nuntio
418 2575 648 2625 Athenas
675 2595 938 2658 pervener
941 2589 1003 2631 at.
1051 2581 1186 2630 Hinc
1215 2589 1276 2630 ut
1312 2580 1426 2646 ipse
1459 2592 1712 2644 praesens

199 2645 547 2695 Octavianum
577 2664 838 2712 iepiimel
843 2658 894 2697 et
926 2659 1013 2699 aut
1045 2651 1375 2711 auctoritate,
1431 2666 1535 2716 qua
1569 2646 1712 2714 apud

195 2714 392 2764 milites
428 2714 668 2780 pollebat
702 2719 952 2782 maxima,
998 2730 1109 2782 aut,
1155 2722 1198 2770 si
1239 2728 1376 2769 esset
1414 2735 1575 2785 011115,
1630 2734 1711 2766 ar-

102 2792 108 2803 ‘
195 2785 297 2834 mis
334 2785 524 2846 etiam,
580 2787 731 2852 petiit
774 2788 975 2837 111111111
1019 2807 1207 2840 mense
1257 2789 1472 2849 Sextili,
1527 2787 1711 2837 relicta

195 2853 378 2904 Fulvia
407 2871 572 2904 uxole
615 2866 849 2921 aegrotzu
898 2859 1122 2939 Sicyone
1168 2861 1416 2926 navigans
1457 2875 1580 2909 cum
1613 2856 1713 2906 du-

199 2925 363 2975 centis
399 2925 619 2975 navibus
658 2940 719 2976 ex
755 2927 871 2976 Asia
910 2929 1097 2993 petitis,
