1768 3320
0 0 71 88 psi!-

0 89 7 99 ι

102 102 105 113 v

0 122 3 132 r

298 221 706 299 BUGOLJCA
735 221 893 272 ECL.
930 221 971 283 Ι,
1005 225 1228 273 26-30
1451 229 1513 275 61

7 349 301 417 Candidior
315 357 603 416 postquam
618 344 867 396 tondenti
890 343 1054 398 barba
1076 343 1298 395 cadebat
1311 370 1325 406 ;

5 419 256 489 Respexit
274 427 456 470 tamen
468 458 482 483 ‚
520 425 575 467 et
597 415 762 481 lengo
781 423 907 483 post
925 423 1177 482 tempore
1200 416 1361 480 venit,
1451 423 1519 468 30

52 539 102 575 ω
134 539 185 571 R.
208 536 360 585 tandem
386 535 473 570 eod.
495 533 619 569 Ko‘ler.
632 558 643 575 ,
671 544 745 567 non
772 531 876 567 male.
922 531 994 567 Sed
1023 538 1122 566 totus
1150 543 1273 566 versus
1296 537 1372 567 tam
1396 532 1522 567 scaber

8 590 84 628 est,
115 589 159 617 ut
182 583 242 617 vix
264 594 343 617 eum
372 595 395 618 a
418 589 527 628 poeta
550 580 773 626 profectum,
796 579 860 614 sed
892 591 912 613 e
939 578 1097 624 margine
1122 578 1261 614 illatum
1282 591 1361 614 esse
1386 586 1520 625 putem.

5 629 167 677 Respicit
185 629 303 665 losum
321 631 486 675 Propert.
502 630 548 671 11,
563 634 653 661 exn.
669 628 727 663 71.
748 626 807 663 72.
822 639 855 662 v.
881 627 928 660 ad
943 626 1064 661 Vitam
1093 625 1238 672 Virgilii
1260 638 1293 660 a.
1310 627 1393 664 717.
1438 627 1521 672 (Sa-

5 677 55 712 tis
77 678 246 723 frequens
270 682 326 711 est
346 676 418 711 hoc
445 688 554 722 genus
579 672 825 720 ἐπαναφορᾶς
853 673 949 719 apud
974 680 1101 718 poetas
1126 672 1293 715 Latinos5
1327 679 1366 707 et
1394 672 1520 718 Virgi-

7 724 59 759 lio
73 735 227 770 *quoque
258 723 433 757 familiare
459 734 561 765 esse,
607 721 696 755 disci
725 727 848 766 potest
874 732 917 754 ex
940 720 1140 755 Weichert.
1196 719 1347 754 Dissert.
1373 720 1419 754 de
1434 723 1521 754 v‘er-

7 771 105 806 sibus
123 770 254 805 iniuria
270 776 424 815 suspect.
442 781 479 815 p.
499 767 557 806 94.
581 768 688 802 etiam
709 780 752 801 ex
771 768 828 810 iis,
849 779 938 813 quae
954 767 1123 801 adnotavi
1139 767 1186 801 ad
1202 767 1301 812 Eleg-
1319 767 1365 801 ad
1376 766 1518 800 Messal.

6 830 45 865 p.
64 819 120 857 13.
166 819 214 853 Bt
230 817 263 851 si
280 818 442 852 scabrum
460 817 552 850 hunc
566 827 705 849 versum
727 814 1001 859 eiiciendumque
1013 814 1170 860 Heyuius
1190 821 1323 856 censet,
1347 814 1521 860 quidma-

7 864 63 912 gis
82 864 243 899 scabrum
263 870 301 898 et
313 863 484 898 insulsum
500 864 568 898 hac
589 862 770 896 oratione:
795 861 1019 904 „candidior
1035 867 1224 907 postqum
1251 861 1418 895 tondenti
1433 861 1522 894 bar-

6 913 55 947 ba
67 911 236 953 eedebat3
260 911 356 946 ‘Post
380 923 460 944 uam
484 922 550 944 nos
567 908 755 955 Amaryllis
782 908 904 952 habet,
929 908 1078 943 Galatea
1103 907 1258 954 reliquit.
1266 910 1290 928 “
1336 908 1407 942 Sed
1425 907 1523 942 alind

8 958 95 1006 quid
111 954 208 993 haud
222 957 329 992 dubie
345 969 367 991 o
395 964 569 991 versatum
590 956 705 990 animo
727 954 878 1002 Heynii;
903 955 967 989 sed
985 955 1088 1001 quale
1107 955 1178 989 hoc
1205 961 1317 997 esset,
1339 967 1411 989 uon
1433 966 1523 1001 per-

7 1005 138 1061 spexit.
161 1004 314 1086 ‘attigit
328 1017 405 1039 re·
420 1004 597 1050 Spohnius
608 1029 618 1046 ,
640 1003 846 1048 vituperans
867 1014 949 1045 eos,
967 1001 1032 1082 :Jui
1049 1002 1141 1058 lianc
1156 1003 1345 1056 verborum
1364 1002 1520 1082 colllpca-

6 1059 317 1145 ῗῖἒῗᾱὲἶῆἵιέ
320 1057 918 1142 zissgfflsss‘sssfflffiffls.
923 1061 967 1139 ‘1¹¹
972 1061 1179 1130 ..3¹33
1181 1055 1522 1130 ssffiffier‘iffifoffi}

7 1146 202 1192 scriptores
218 1145 428 1180 italocutos
446 1157 536 1179 esse.
583 1145 690 1178 Immo
706 1143 766 1177 hic
784 1143 971 1177 verborum
986 1143 1126 1188 positus
1146 1143 1326 1177 sollemnis
1348 1143 1386 1176 in
1402 1154 1522 1188 prosa,

8 1193 100 1228 adeo
125 1199 167 1227 ut
190 1193 236 1227 ab
261 1192 391 1227 usitata
415 1191 587 1238 loquendi
614 1190 754 1225 ratione
780 1190 945 1233 recedat,
969 1190 1000 1223 si
1025 1190 1195 1236 scriptum
1213 1190 1266 1225 ita
1282 1191 1390 1224 fuerit
1406 1191 1519 1237 longo

9 1249 170 1288 tempore
182 1248 282 1287 post,
302 1239 372 1274 nisi
389 1239 452 1272 ubi
466 1247 556 1286 post
575 1250 652 1272 cum
671 1237 868 1272 accusativo
888 1237 1054 1279 iunctum,
1072 1244 1133 1272 aut
1150 1236 1212 1271 ubi
1227 1250 1337 1284 quam
1353 1237 1522 1283 sequitur.

7 1287 105 1321 Idem
121 1286 219 1321 valet
237 1286 283 1321 de
299 1292 394 1332 part.
412 1295 510 1320 ante.
534 1285 605 1319 Sed
623 1284 711 1318 illud
728 1284 909 1318 insolitum
927 1284 1057 1318 dixeris
1075 1291 1113 1318 et
1127 1296 1267 1327 nortun,
1285 1285 1391 1330 quod,
1415 1295 1521 1330 quum

9 1334 97 1368 alias
122 1333 295 1368 eiusmodi
307 1333 479 1366 formulae
500 1339 638 1377 tempus
659 1332 704 1364 ad
722 1332 874 1378 aliquam
904 1343 979 1364 rem
1008 1338 1107 1365 certo
1135 1331 1254 1377 aliquo
1275 1338 1439 1375 tempore
1464 1330 1522 1364 vel

8 1381 139 1415 factam
168 1380 228 1414 vel
263 1380 461 1414 faciendam
489 1379 641 1423 exigant,
671 1378 839 1412 hocloco
854 1378 950 1412 nulla
973 1378 1135 1412 videatur
1149 1377 1288 1412 institui
1304 1378 1522 1411 diversorum

8 1434 207 1473 temporum
225 1426 455 1472 comparatio.
504 1425 746 1459 Tribuendum
765 1425 835 1458 hoe
853 1425 989 1458 scilicet
1006 1425 1179 1459 communi
1196 1425 1376 1459 hominum
1394 1425 1521 1458 viliore

9 1481 108 1509 sorte
134 1474 328 1516 utentium,
368 1473 480 1519 qualis
509 1472 668 1518 Tityrus,
690 1471 946 1517 negligentiae,
977 1484 1082 1517 quam
1106 1471 1228 1517 pulcre
1252 1471 1410 1506 imitatur
1434 1472 1470 1505 h.
1495 1470 1521 1504 l.

8 1521 196 1567 Virgilius5
222 1527 260 1555 et
275 1532 482 1566 comparare
500 1519 677 1565 putandus
699 1526 754 1552 est
771 1519 917 1564 Tityrus
935 1531 1018 1552 suae
1049 1519 1228 1552 servitutis
1254 1518 1520 1553 diuturnitatem

10 1581 88 1603 cum
106 1568 236 1602 usitato
255 1567 504 1613 adipiscendae
522 1565 698 1600 libertatis
714 1572 897 1610 tempore5
932 1578 1035 1611 quam
1055 1565 1197 1612 quidem
1221 1565 1387 1599 industrii
1405 1578 1446 1599 ac
1462 1565 1523 1598 di-

8 1613 162 1661 ligentes
186 1613 246 1661 qui
260 1614 412 1656 fuerint,
436 1619 521 1659 post
542 1612 698 1659 quintum
715 1613 894 1646 servitutis
922 1624 1061 1654 aunum,
1089 1619 1150 1646 aut
1164 1612 1345 1653 maturius,
1369 1612 1521 1657 adeptos

10 1663 123 1696 refert
141 1661 304 1703 Vossius,
330 1667 458 1696 vocato
476 1660 514 1693 in
531 1659 770 1693 testimonium
788 1660 956 1694 Cicerone
981 1662 1078 1693 Orat.
1104 1659 1261 1705 Philipp.
1280 1661 1373 1700 vm,
1394 1671 1424 1692 e.
1443 1660 1521 1695 11.:

10 1708 193 1753 „Etenim,
213 1709 254 1743 P.
270 1708 320 1751 C.‚
342 1720 447 1754 quum
474 1707 513 1740 in
532 1719 632 1752 spem
652 1706 829 1740 libertatis
858 1719 875 1740 s
888 1718 938 1740 ex
949 1706 1090 1740 ennio
1121 1713 1207 1751 post
1231 1718 1337 1740 simus
1361 1706 1524 1750 ingressi,

10 1757 55 1790 di
66 1755 260 1801 utiusque
282 1754 488 1789 servitutem
512 1754 694 1799 perpessi,
719 1766 822 1799 quam
836 1752 968 1799 captivi
983 1752 1077 1798 fingi
1097 1760 1134 1787 et
1149 1753 1338 1798 diligentes
1354 1753 1486 1786 solent:
1499 1755 1522 1772 “

11 1810 79 1838 etc.
104 1805 244 1846 Quanto
264 1808 350 1848 post
367 1801 477 1847 igitur
494 1801 651 1847 Tityrus,
675 1801 821 1835 senilem
836 1801 907 1835 iam
926 1806 1080 1835 aetatem
1095 1799 1294 1846 ingressus!
1333 1799 1430 1843 Wr.)

11 1897 76 1930 tos
94 1904 242 1941 annos,
273 1889 372 1929 dum
402 1887 590 1927 Galateae
611 1888 740 1927 amori

11 1948 256 1998 indulserat,
297 1947 444 2001 peculii
471 1961 618 1999 parum
644 1946 740 1986 dili-

11 2013 171 2059 gentem
183 2007 384 2045 rationem
402 2004 621 2054 habuerat,
659 2005 741 2044 iam

13 2078 136 2104 senex
149 2065 279 2114 sactus
287 2094 299 2114 ,
330 2077 422 2102 cum
437 2061 738 2116 Amaryllidem‚

13 2136 115 2175 quae
142 2122 336 2174 frugalior
370 2127 412 2160 et
437 2121 599 2174 parcior
638 2126 740 2170 erat,

14 2181 183 2219 amicam
207 2179 398 2229 haberet,
441 2185 491 2218 ut
512 2179 741 2217 libertatem

13 2238 88 2277 sibi
109 2243 378 2291 compararet,
407 2237 579 2275 Romam
597 2236 650 2275 ad
663 2235 742 2274 he—

12 2309 107 2336 rum
136 2309 254 2335 suum
285 2295 490 2348 profectus
527 2301 600 2333 est.
656 2294 742 2333 Iam

16 2354 67 2393 de
88 2354 275 2392 libertate
298 2352 479 2405 quidem,
518 2366 639 2404 quam
666 2352 742 2391 ob-

13 2412 205 2461 tinuerat,
233 2412 314 2451 iam
329 2425 371 2451 v.
388 2413 456 2453 28.
476 2413 544 2452 29.
569 2413 625 2452 30
654 2423 742 2448 me-

14 2476 274 2520 moraverat5
329 2468 561 2508 facilitatem
604 2474 742 2506 tamen

14 2526 106 2567 heri
136 2534 179 2566 et
204 2527 500 2566 humanitatem
525 2526 743 2564 maximam

17 2591 232 2637 expertum
257 2598 339 2623 esse
367 2597 409 2622 se
439 2583 651 2636 signifieat,
697 2584 740 2622 in

17 2642 233 2696 primisque
249 2642 353 2681 illud
370 2642 587 2681 obtinuisse
608 2641 676 2691 ait,
700 2655 741 2680 v.

17 2699 88 2749 46,
116 2705 167 2738 ut
184 2706 278 2739 tuto
299 2714 346 2739 ac
363 2699 487 2739 libere
500 2713 633 2752 greges
649 2713 743 2739 suos

17 2769 180 2810 pascere
195 2764 342 2810 posset.
366 2772 481 2810 quae,
499 2772 598 2807 sera,
609 2765 745 2795 tamen

19 2830 50 2854 r.
76 2827 200 2866 quae,
247 2815 322 2854 etsi
346 2828 455 2865 sero,
502 2821 639 2853 tamen
668 2815 744 2854 ali-

20 2872 184 2924 quando
205 2871 306 2910 mihi
330 2873 515 2925 contigit,
555 2879 605 2911 ut
628 2887 668 2912 v.
687 2875 744 2914 30

18 2930 230 2982 repetitur.
294 2930 504 2980 Respicere
530 2930 580 2968 de
603 2930 746 2968 Liber-

20 2993 106 3026 tate
116 3018 127 3038 ,
175 2993 226 3027 ut
243 2986 406 3039 proprie
425 2988 603 3026 Fortuna
617 2989 746 3039 respi-

795 1890 916 1927 ciens.
985 1887 1023 1927 A
1056 1888 1227 1928 deorum
1262 1888 1381 1942 signis
1417 1886 1525 1928 hanc

796 1946 1110 1998 designationem
1127 1947 1292 1986 ductam
1310 1959 1405 1996 esse,
1435 1946 1525 1986 exi-

795 2005 934 2043 stimat
950 2005 1142 2058 Spencius
1154 2004 1349 2058 Polymet.
1372 2019 1413 2058 p.
1427 2005 1523 2054 155,

795 2062 913 2101 nimis
933 2069 1084 2116 argute.
1120 2064 1262 2101 Pietas
1275 2063 1428 2102 labores
1443 2062 1525 2101 Ιιιι-

796 2134 939 2158 manos
948 2123 1110 2172 respicit
1121 2120 1219 2159 Aen.
1229 2120 1278 2170 V,
1292 2122 1390 2163 688-
1421 2118 1523 2174 (vid.

797 2177 948 2231 Spohn.
970 2178 1015 2218 in
1039 2179 1086 2218 V.
1109 2179 1152 2218 L.
1180 2176 1293 2232 Wr.)
1320 2200 1379 2208 —
1438 2175 1524 2232 (29.

800 2236 1038 2286 Candidior,
1078 2236 1191 2288 quod
1220 2235 1287 2275 alii
1311 2236 1429 2275 aliter
1449 2249 1525 2274 ex-

796 2294 970 2346 plicant,
998 2294 1256 2334 referendum
1279 2294 1333 2332 ad
1354 2300 1526 2333 aetatem

798 2352 941 2405 Tityri,
971 2352 1042 2404 qui
1061 2366 1120 2391 vs.
1138 2351 1207 2394 47.
1222 2365 1346 2390 senex
1364 2352 1524 2391 dicitur.

798 2410 870 2462 Sp.
891 2432 951 2440 —
1007 2410 1198 2449 Similiter
1216 2409 1416 2450 Iuvenalis
1431 2423 1525 2448 sen-

796 2481 906 2506 sum:
936 2468 1034 2506 olim
1047 2476 1181 2506 tonsor
1196 2482 1309 2506 meus
1329 2467 1526 2521 expressit

796 2526 827 2575 I,
857 2525 944 2568 25.:
973 2540 1083 2579 „quo
1102 2525 1282 2564 tondente
1298 2527 1440 2577 gyavis
1457 2527 1526 2563 ia-

798 2585 891 2623 veni
899 2583 1003 2621 mila·
1009 2583 1133 2622 barba
1152 2583 1359 2622 sonabat.“
1377 2583 1449 2623 W
1442 2581 1523 2637 elz.)

799 2644 866 2683 30.
875 2642 1069 2693 Respexit
1086 2649 1232 2690 lamen,
1252 2649 1289 2679 et
1304 2641 1426 2692 longo
1431 2647 1527 2692 post

798 2707 972 2750 tempore
997 2700 1118 2738 venit.
1179 2699 1342 2751 Singula
1368 2698 1421 2736 ad
1452 2697 1526 2736 de—

798 2756 1036 2795 clarandum
1056 2763 1227 2809 tempus,
1257 2770 1338 2808 quo
1359 2756 1526 2794 liberta-

798 2821 883 2853 tem
903 2815 1098 2864 obtinuit,
1129 2814 1264 2854 valere
1283 2814 1442 2852 debent.
1480 2812 1527 2850 In

799 2869 1005 2911 senectute
1022 2872 1189 2910 barbam
1205 2877 1414 2919 memorat,
1434 2869 1527 2920 quia

799 2930 1028 2968 libertatem
1057 2935 1327 2981 consequutus
1349 2941 1435 2965 eam
1453 2926 1526 2963 de-

800 2987 928 3040 ponit.
977 2988 1155 3040 Contigit
1171 2993 1321 3034 tamen,
1349 2986 1524 3036 inquam,
