1734 3320
249 218 737 278 GEORGIC'ON
772 222 914 273 LIB.
949 221 1022 285 Π,
1055 223 1351 273 496—500

1459 225 1561 274 489

36 355 145 405 Aut
166 352 342 403 doluit
363 349 624 401 miserans
642 348 892 415 inopem,
930 355 1020 396 aut
1035 346 1226 397 invidit
1242 346 1495 400 habenti.—

39 425 190 487 Quos
208 421 345 473 rami
362 418 596 485 fructuS,
634 435 772 487 quos
792 418 905 485 ipsa
925 416 1162 467 volentia
1183 433 1307 466 11113

84 540 157 577 499
179 525 364 575 misimus
379 546 447 572 aut
464 550 541 573 non
567 537 705 572 invidit
719 535 855 571 anich.
884 547 927 570 ex
951 529 1240 580 interpolatione.

38 588 96 622 tia
115 588 207 623 ven.

41 685 120 726 gna
142 685 230 713 non
256 671 371 710 fuere
399 670 559 710 sublata
583 684 604 708 3
621 671 773 709 Roma-

37 730 121 770 nis!
160 743 224 768 res
251 730 468 768 Romame
490 728 774 781 intelligendae

5 815 11 820 -
37 778 335 828 vicissitudines
375 793 417 826 et
448 787 616 826 fortuna
643 787 775 839 impe-

37 846 90 886 rii
116 845 304 885 Romani.
363 846 470 884 Sunt
502 850 638 884 autem
676 843 777 883 11300

40 903 344 943 accommodate
357 903 409 941 ad
423 901 668 956 hypothesin
679 902 776 955 Epi-

39 953 155 1012 miri,
180 968 222 1000 et
243 961 355 1000 intra
381 962 465 1000 eius
491 962 639 1026 placita
670 961 777 999 acci-

37 1019 199 1074 pienda.
257 1018 421 1071 Alioqui
449 1020 580 1068 enim,
615 1019 660 1058 in
691 1019 778 1057 cive

39 1075 251 1128 Romano,
287 1078 456 1130 impium
482 1076 563 1116 1100
586 1083 628 1116 01
652 1076 779 1115 scele-

38 1141 178 1176 ratum
201 1135 330 1186 soret,
359 1135 604 1188 reipublicae
627 1141 780 1174 sortem

39 1194 102 1234 nil
126 1206 282 1236 curare.
322 1191 401 1247 (res
426 1194 643 1232 Romanae
660 1194 778 1245 perl-

41 1260 212 1306 ita-aque
241 1265 373 1304 regna
403 1251 447 1290 in
482 1265 606 1290 unam
641 1251 779 1290 notio-

40 1323 137 1351 nem
166 1308 468 1362 coniungenda:
499 1310 606 1349 bella
624 1310 780 1348 Roma-

41 1381 191 1408 norum
227 1381 322 1407 cum
349 1367 499 1407 exteris
537 1373 670 1421 gesta,
714 1366 780 1406 his

41 1423 223 1468 exitiosa.
283 1425 423 1474 Quare
464 1439 620 1465 comma
640 1456 652 1476 ,
695 1439 777 1478 quo

40 1483 143 1524 haec
177 1484 532 1538 distinguebantur
551 1514 564 1535 ,
609 1484 754 1523 sustuli
766 1498 779 1534 5

40 1543 126 1583 vid.
159 1542 211 1592 Q.
236 1541 285 1582 V.
308 1543 500 1592 XXXIII,
526 1542 566 1584 4.
614 1542 778 1581 Vossius

41 1601 158 1640 Sexti
166 1601 359 1654 Pompeii,
374 1600 527 1653 Lepidi,
543 1600 656 1639 Lucii
665 1600 780 1639 Mar-

43 1660 160 1712 cique
184 1658 354 1699 Antonii
383 1658 701 1698 dominationem
723 1658 780 1696 si-

42 1717 243 1770 gnificari,
280 1715 437 1768 hosque
466 1717 576 1770 ipsos
601 1731 661 1756 vs.
681 1715 779 1760 504.

41 1790 66 1816 r
77 1789 98 1814 e
105 1785 196 1829 gos
211 1775 405 1828 appellari
423 1775 639 1814 existimat.
662 1772 776 1827 Wr.)

101 1833 202 1878 499
245 1847 373 1887 neque
413 1834 483 1872 ille
524 1835 613 1872 Aut
648 1833 778 1871 doluit

44 1890 208 1947 (dolet)
239 1895 435 1930 miserans
466 1893 655 1944 inopem,
705 1896 779 1930 aaut

43 1951 191 1990 invidie
211 1949 400 1999 habenti,
444 1963 529 1988 11011
557 1948 705 1988 duritie
736 1954 778 1987 et

42 2009 195 2048 ferocia
215 2007 358 2057 animi,
388 2013 462 2047 aut
487 2008 624 2046 Stoica
645 2007 779 2059 aliqua

44 2066 235 2120 apathia,
274 2078 380 2118 quae
407 2065 534 2115 male,
578 2079 600 2103 a
637 2065 780 2104 Servio

43 2125 164 2175 inde,
199 2124 285 2164 11110
315 2123 581 2173 advocatur,
605 2123 677 2162 sed
705 2136 780 2161 1100

46 2183 160 2223 dolet
180 2195 256 2222 nec
274 2181 449 2231 invidet,
480 2181 593 2233 quod
613 2181 657 2220 in
684 2195 779 2233 agro

44 2247 228 2282 remotus
257 2237 307 2277 ab
330 2240 441 2278 0111111
460 2252 685 2292 pauperum
702 2239 781 2278 mi-

45 2300 150 2339 seria
174 2306 216 2338 et
247 2297 423 2337 divitum
453 2298 558 2336 luxu
588 2311 636 2336 ac
670 2298 782 2336 fastu

46 2358 227 2397 animum
240 2356 306 2394 *ab
335 2356 445 2394 omni
471 2355 781 2408 perturbatione

44 2430 223 2456 vacuum
247 2413 398 2453 habere
424 2420 572 2468 potest.
614 2414 781 2466 Copiose

45 2475 226 2514 illustrat
259 2473 395 2511 locum
427 2473 566 2511 Burm.
625 2472 782 2510 Docent

45 2526 127 2572 1100
169 2530 475 2574 antecedentia:
519 2545 601 2568 non
629 2531 782 2582 populi

34 2591 182 2643 fasces
202 2596 302 2639 etc.‚
341 2603 467 2641 quos,
504 2589 551 2627 in
587 2602 683 2640 agro
711 2588 781 2640 qui

49 2649 181 2701 degit,
217 2661 301 2687 non
326 2647 463 2696 videt,
502 2647 675 2698 ideoque
706 2659 782 2685 nec

50 2712 190 2757 curat,
230 2705 319 2758 quis
351 2705 421 2743 illa
453 2704 597 2757 opibus
631 2704 713 2743 suis
740 2710 782 2742 et

50 2764 209 2804 artibus
237 2769 521 2814 consequatur.
573 2761 778 2816 (habenti,

51 2822 191 2872 diviti,
229 2827 279 2860 ut
303 2820 453 2860 11311010
479 2821 590 2873 apud
612 2821 690 2859 Cic.
709 2821 781 2873 Ep.

49 2880 147 2930 VII,
180 2882 249 2922 29.
289 2878 470 2929 ‹h‘citur3
520 2878 613 2917 add.
643 2879 781 2931 Eurip.

51 2939 173 2978 Herc.
193 2937 291 2975 Fur.
314 2939 431 2978 636.:
461 2936 642 2988 ἔχουσιν,
675 2937 718 2977 οἱ
739 2932 779 2976 δ’

53 2994 115 3038 οὔ.
151 2995 281 3036 Wclz.
334 2993 521 3032 Ceterum
543 2995 613 3032 csr.
637 2994 782 3033 Tibujl.

1459 420 1562 470 500

1336 534 1408 570 500
1430 535 1564 569 valen-

831 670 861 720 Ι,
883 673 920 720 1,
941 672 969 712 7
972 673 1010 712 7.
1021 683 1099 722 sq.:
1129 668 1238 721 „Ego
1259 668 1483 722 composito
1501 682 1566 708 se-

833 741 955 768 curus
974 737 1120 766 acervo
1131 725 1352 779 Despiciam
1370 726 1473 766 dites
1492 727 1565 766 de-

831 786 1077 839 spiciamque
1095 786 1280 824 famem.“
1315 786 1387 826 W
1379 783 1436 839 r.)

892 846 977 888 500
994 866 1054 874 -
1070 844 1168 886 503.
1213 843 1449 882 Praeiverat
1479 843 1565 883 Lu-

835 909 930 943 cret.
952 902 1012 952 V,
1044 902 1128 944 935
1172 898 1358 955 (notante
1386 901 1564 941 macrob.

833 962 903 1011 VI,
926 965 944 1002 1
969 958 1093 1014 extr.)
1130 959 1251 1011 Quod
1266 961 1328 998 sol
1343 968 1465 1014 atque
1483 962 1565 998 im-

835 1020 920 1058 bres
946 1017 1161 1067 dederant,
1193 1018 1304 1070 quod
1325 1025 1430 1057 terra
1449 1032 1565 1056 crea-

834 1086 900 1116 rat
924 1077 1072 1128 Sponte
1099 1089 1176 1113 sua
1189 1105 1201 1125 ‚
1234 1077 1334 1115 salis
1353 1076 1400 1114 id
1412 1077 1566 1128 placa-

836 1136 906 1174 bat
917 1143 1084 1186 pectora
1103 1133 1268 1172 donum.
1317 1134 1353 1172 N
1356 1149 1408 1173 on
1429 1141 1566 1174 autem

836 1199 934 1233 sunt
970 1206 1047 1246 pro
1099 1191 1316 1244 tautologis
1352 1191 1565 1243 habenda,

837 1254 942 1304 ipsa,
973 1251 1173 1300 volentia,
1205 1258 1344 1302 sponte
1360 1266 1438 1289 sua
1449 1267 1465 1300 ;
1495 1251 1567 1290 sed

836 1311 967 1350 facere
982 1308 1165 1362 putanda
1184 1309 1239 1347 ad
1253 1310 1460 1348 notionem
1477 1310 1567 1362 pri-

835 1367 1004 1407 mariam
1024 1366 1162 1406 vivide
1184 1372 1225 1405 et
1242 1367 1406 1406 fortiter
1431 1367 1568 1407 decla·

835 1426 1019 1466 randam.
1049 1425 1258 1477 Expressit
1273 1428 1482 1478 sequentia
1493 1427 1565 1465 Se-

834 1499 935 1525 neca
954 1484 1074 1523 Herc.
1097 1484 1179 1522 Fur.
1201 1485 1284 1527 159
1304 1497 1362 1536 sq.
1390 1485 1568 1524 volentia

834 1558 931 1583 rura
953 1556 1005 1581 ex
1025 1542 1243 1594 graecismo
1265 1543 1435 1595 exponit
1454 1543 1568 1582 Tou-

834 1602 926 1656 pius
942 1601 987 1639 in
1004 1599 1117 1639 Suid.
1135 1601 1180 1639 T.
1198 1600 1248 1650 11,
1266 1614 1306 1653 p.
1327 1600 1398 1651 49,
1425 1601 1499 1640 ubi
1516 1614 1568 1640 ex

835 1658 1024 1712 Xenoph.
1046 1657 1208 1698 laudat:
1248 1657 1279 1712 ἦ
1304 1662 1359 1712 γῆ
1386 1658 1568 1701 θέλουσα

835 1741 895 1749 —
915 1713 1102 1759 διδάσκει
1123 1722 1166 1756 01
1194 1715 1292 1755 111110
1315 1716 1489 1771 θέλεμος
1514 1719 1570 1772 γῆ

837 1777 882 1816 Τ.
904 1775 934 1826 Ι,
965 1789 1005 1828 p.
1024 1775 1125 1823 285.
1181 1774 1405 1814 Praebebat
1430 1781 1569 1814 tamen

834 1835 922 1888 ipsa
951 1847 1017 1873 res
1050 1839 1194 1886 poetae
1226 1832 1307 1872 hoc
1322 1863 1334 1884 ,
1386 1834 1453 1873 vel
1484 1834 1569 1872 sine

835 1891 1121 1945 Xenophonte,
1142 1891 1176 1930 si
1196 1893 1301 1943 zio-ea,
1322 1901 1463 1943 sponte
1478 1907 1568 1943 sua,

835 1963 932 1990 sane
952 1951 1074 1989 etiam
1092 1950 1278 1989 lubentia
1300 1963 1348 1988 ac
1372 1951 1565 2000 volentia,

834 2008 878 2048 11.
908 2022 941 2047 0.
976 2008 1164 2047 lubenter
1180 2038 1191 2058 ‚
1236 2008 1379 2047 ferunt
1411 2009 1569 2049 fructus

835 2080 947 2106 rura.
1007 2066 1084 2105 Inf.
1119 2066 1196 2115 IV,
1238 2065 1320 2109 551
1368 2069 1570 2120 viclorque

837 2125 1011 2165 volentes
1044 2126 1126 2162 Per
1154 2124 1333 2176 populos
1358 2124 1432 2163 dat
1458 2126 1565 2163 iura.

838 2183 993 2221 Graeca
1028 2182 1188 2221 ratione
1222 2188 1343 2235 poeta
1385 2181 1446 2221 uti
1478 2188 1571 2221 tum

839 2240 1034 2279 dicendus
1052 2246 1133 2290 est,
1152 2254 1255 2290 non,
1279 2240 1437 2292 quoties
1453 2246 1571 2280 mer-

838 2312 916 2351 que
951 2311 1081 2337 sermo
1110 2298 1152 2336 in
1190 2298 1367 2349 aliquam
1399 2299 1572 2337 sormam

838 2356 1015 2396 naturali
1054 2357 1344 2396 sententiarum
1376 2356 1499 2395 modo
1531 2362 1572 2397 et

832 2415 983 2456 ordine
1015 2415 1216 2454 consentit
1232 2445 1244 2464 ,
1290 2429 1435 2456 verum
1465 2429 1572 2466 quo-

838 2473 915 2512 ties
946 2478 1018 2511 aut
1045 2486 1068 2510 a
1094 2473 1288 2512 sermonis
1311 2474 1434 2527 patrii
1454 2473 1571 2525 genio

839 2538 880 2570 et
895 2545 974 2569 usu
993 2530 1162 2570 sollenni
1179 2531 1355 2582 recedit,
1378 2531 1571 2584 adoptat-

839 2603 917 2641 que
938 2589 1090 2627 formas
1111 2590 1306 2640 Graecas,
1337 2603 1408 2628 seu
1427 2590 1573 2642 vulga-

836 2661 903 2687 res
923 2660 994 2685 seu
1016 2648 1194 2700 poeticas
1207 2678 1217 2698 ,
1247 2648 1303 2686 ita
1323 2654 1393 2697 ut,
1423 2648 1500 2686 nisi
1521 2661 1572 2685 ex

838 2706 1009 2744 lectione
1039 2706 1289 2745 Graecorum
1326 2705 1572 2758 scriptorum

840 2777 905 2802 eas
941 2764 1170 2802 memineris
1187 2794 1198 2813 ‚
1243 2763 1425 2816 expediri
1458 2764 1572 2801 locus

839 2828 1034 2874 nequeat3
1064 2828 1137 2860 aut
1155 2822 1226 2860 ubi
1248 2822 1460 2860 manifesta
1482 2826 1572 2858 stu-

841 2879 897 2918 dii
913 2885 956 2918 et
976 2880 1253 2919 aemulationis
1273 2880 1383 2930 signa
1402 2884 1443 2916 et
1462 2878 1573 2916 indi-

841 2938 902 2976 eia
930 2937 1072 2990 prodit
1095 2938 1279 2989 scriptor.
1320 2935 1450 2974 Semel
1470 2935 1573 2974 haec
1602 2955 1609 2963 ¹

842 2995 950 3034 dieta
967 2995 1061 3045 sint,
1085 3009 1179 3034 cum
1194 2994 1314 3033 toties
1332 2993 1572 3046 graecismos
