1768 3320
1258 32 1269 41 θ
1295 30 1298 32 ’
1338 22 1354 48 Ἶ-

220 180 316 232 158
559 181 614 231 P.
651 177 1010 230 VIRGILII
1054 173 1428 245 MARO'NIS

216 305 457 358 Carduus
480 314 534 354 et
552 305 716 372 spinis
737 304 900 368 surgit
920 301 1153 369 paliurus
1175 301 1353 354 acutis,

216 376 457 444 Spargite
473 374 705 425 humum
723 373 878 436 foliis,
900 371 1136 421 inducite
1156 369 1399 422 fontibus
1417 371 1652 441 umbrae,
1667 376 1734 426 40

213 450 479 498 pastores-2
515 445 734 495 mandat
758 444 876 494 fieri
897 442 994 491 sibi
1016 441 1135 491 tali-a
1155 441 1409 510 Daphnis

213 519 281 570 Et
298 515 572 572 tumulum
593 514 773 579 facite,
813 522 866 564 et
888 511 1099 562 tumulo
1119 511 1467 579 superaddite
1492 528 1734 564 carmen:

261 658 308 694 39
334 665 401 690 aut
424 655 541 702 spinis
560 654 692 689 Zulich.
718 653 850 686 crescit
873 651 1049 698 paliurus
1065 652 1204 696 Menag.
1222 663 1277 696 pr.
1298 664 1318 686 e
1335 651 1468 697 glossa.>
1559 651 1607 690 40
1631 667 1737 690 mon-

216 703 318 738 tibus
347 703 454 737 Goth.
487 714 539 746 pr.
563 699 767 755 frondibus
793 701 898 734 Voss.
931 705 968 731 et
994 699 1120 743 fragm.
1147 700 1277 733 Moret.
1302 711 1380 741 cum
1410 699 1519 737 Goth.
1552 713 1622 735 sec.
1666 702 1738 748 (Sic

218 751 322 785 etiam
343 752 377 786 2.
396 751 429 785 3.
447 748 481 784 4.
525 748 607 781 Vid.
636 759 723 792 quae
740 746 778 779 in
801 747 886 780 Not.
914 745 1052 790 scripsi.
1092 745 1187 790 Wr.)
1227 744 1426 793 frontibus
1446 760 1535 782 unus
1553 749 1654 784 Leid.
1667 776 1676 792 ,
1701 756 1739 784 ut

217 798 319 832 sertis
338 804 500 840 tempora
519 795 674 839 cingant3
700 794 886 838 probatum
904 792 1051 826 Klotzio
1071 795 1198 837 Opusc.
1219 804 1256 838 p.
1275 794 1357 830 300.
1393 806 1484 830 aras
1498 795 1607 830 Pierii
1624 798 1738 839 Rom„

216 845 310 880 unde
333 844 395 878 ille
414 842 518 887 legit:
544 842 707 876 inducite
716 838 920 887 frondibus
940 852 1037 882 ara-9,
1055 847 1093 873 ut
1108 840 1269 874 Manibus
1289 853 1369 875 arae
1387 841 1493 876 sertis
1513 842 1649 878 cinctae
1666 855 1739 890 po-

216 898 355 926 uantur.
405 890 568 934 Sequitur
595 888 872 921 hoccatroeus.
919 887 996 921 Nec
1017 899 1082 932 per
1106 900 1144 921 se
1167 887 1379 933 improbum.
1426 888 1497 924 Sed
1517 897 1638 926 tuetur
1656 891 1739 926 vul-

218 946 332 985 gatam
353 938 451 971 locus
468 936 540 970 Ecl.
558 936 623 977 IX,
643 936 686 971 19
711 936 793 981 quis
814 935 963 968 humum
981 933 1211 981 florentibus
1230 934 1357 970 herbis
1372 938 1578 984 Spargeret
1594 947 1662 973 aut
1679 940 1739 973 vi-

219 986 294 1020 ridi
313 984 444 1032 sontes
470 984 661 1017 induceret
688 980 833 1022 umbra;
868 993 1075 1027 quamquam
1098 982 1143 1016 ad
1169 982 1366 1017 sententiae
1389 983 1563 1030 rationum
1580 986 1740 1020 redden-

219 1032 299 1066 dam
325 1030 414 1065 nihil
434 1030 517 1063 inde
538 1028 658 1063 auxilii
679 1028 832 1071 accedit,
845 1028 903 1061 vde
923 1040 991 1074 qua
1012 1028 1083 1062 vid.
1099 1030 1187 1063 Not.
1234 1030 1314 1064 Alio
1334 1031 1442 1065 modo
1461 1030 1589 1067 dieitur
1606 1032 1741 1080 sontes

218 1079 412 1119 inducere,
437 1076 497 1110 ubi
517 1077 561 1110 de
581 1075 664 1109 satis
684 1076 819 1120 agitur3
843 1081 883 1108 ut
903 1075 1098 1109 Columella
1115 1077 1166 1119 X,
1192 1074 1260 1113 143
1280 1085 1317 1111 et
1331 1079 1491 1125 primum
1511 1092 1640 1115 moneo
1658 1080 1740 1115 lar«-

218 1138 287 1173 gos
310 1126 484 1159 inducere
506 1122 647 1170 sontes.
683 1123 746 1156 inf.
771 1124 834 1156 Ge.
854 1124 882 1164 I,
905 1124 973 1159 106
997 1124 1140 1157 Deinde
1158 1125 1252 1157 satis
1271 1126 1436 1171 fluvium
1451 1127 1598 1166 inducit
1617 1129 1739 1162 rivos-

220 1185 290 1219 que
315 1179 518 1218 sequentes.
565 1173 612 1204 At
633 1170 668 1203 in
694 1176 817 1203 nostro
840 1176 896 1203 est
912 1170 1089 1204 inducere
1110 1169 1257 1205 umbras
1276 1170 1472 1219 sontibus,
1503 1173 1543 1210 h.
1562 1174 1740 1211 obducere

219 1219 341 1253 umbra
356 1220 484 1252 fontes.

219 1336 260 1375 h.
288 1336 316 1374 1.
358 1341 399 1374 et
434 1333 643 1374 Solu-eben
689 1333 743 1372 ad
780 1332 951 1374 Theocr.

219 1393 368 1444 XXIV,
387 1395 454 1435 87.

277 1450 346 1493 40.
399 1451 588 1501 Spargite
621 1449 791 1488 humum
809 1450 948 1503 filiis,

220 1508 253 1548 si
272 1508 435 1562 proprie
456 1507 644 1560 accipias,
671 1507 751 1547 hoc
770 1523 855 1552 non
876 1508 954 1547 nisi

222 1567 271 1606 de
287 1567 438 1606 florum
457 1580 504 1604 ac
521 1565 730 1605 frondium
749 1567 953 1620 sparsione

219 1638 293 1678 per
313 1624 483 1664 humum
508 1624 655 1676 exponi
680 1631 826 1677 potest.
864 1625 955 1664 Ho-

221 1689 301 1722 rat.
342 1682 419 1721 od.
444 1683 515 1731 HI,
552 1684 626 1731 18,
664 1682 735 1724 14:
786 1683 955 1735 Spargit

222 1749 399 1792 agrestes
419 1739 491 1777 tibi
510 1738 680 1794 (Faune)
708 1742 814 1780 silva
826 1741 954 1793 fron—

223 1799 303 1837 des,
356 1798 461 1836 Fieri
481 1797 560 1836 hoc
583 1799 812 1850 putandum
831 1805 892 1838 est
910 1799 954 1837 in

223 1855 420 1895 honorem
432 1855 664 1908 Daphnidis.
674 1857 847 1895 inducite
844 1857 953 1909 son-

225 1913 328 1952 tibus
354 1913 536 1963 umbram,
567 1915 696 1953 multo
724 1915 847 1967 magis
876 1929 954 1955 va-

224 1984 319 2024 gum
343 1978 383 2010 et
402 1971 659 2011 indefinitum
685 1979 763 2013 est:
793 1974 876 2013 sive
898 1974 955 2012 sic

226 2029 416 2081 accipiaS,
458 2036 507 2068 ut
546 2031 708 2070 arbores
746 2038 954 2084 ponantur

226 2087 334 2126 circa
358 2088 508 2137 sontes,
539 2089 621 2128 sive
644 2096 693 2128 ut
715 2090 817 2129 rami
838 2091 955 2129 fron-

227 2145 382 2184 dentes:
405 2146 515 2197 quod
535 2153 575 2185 et
595 2147 727 2200 ipsum
751 2148 803 2186 ad
820 2148 956 2187 hono—

225 2217 314 2242 rem
344 2204 640 2255 quodammodo
672 2207 824 2245 sactum
863 2219 955 2259 spe-

227 2267 338 2300 ctare
367 2261 494 2312 dicas,
525 2263 736 2303 frondibus
757 2271 797 2303 et
820 2265 955 2304 corol-

226 2319 274 2358 lis
302 2319 408 2357 circa
437 2320 590 2359 fontem
622 2323 832 2374 suspensis.
891 2321 957 2361 An

226 2390 323 2416 vero
342 2376 422 2416 hoe
441 2378 545 2416 circa
565 2393 702 2418 omnes
722 2381 852 2419 sontes
868 2381 959 2420 fieri

228 2435 359 2484 debet,
383 2442 423 2474 et
439 2439 659 2487 quorsum?
690 2437 816 2478 Aiunt
830 2439 958 2479 ritum

227 2493 438 2532 funebrem
454 2507 556 2545 esse;
580 2496 649 2533 sed
666 2497 755 2547 quis
776 2511 868 2536 eum
885 2512 958 2536 us-

229 2564 350 2602 quam
371 2553 639 2592 memoravit?
681 2555 794 2593 Circa
814 2563 958 2595 tumu-

227 2608 311 2647 lum
337 2610 499 2648 arbores
529 2611 606 2649 seri
630 2626 714 2650 mos
736 2614 814 2652 fuit
844 2612 899 2667 (v.
924 2627 956 2653 e.

228 2666 340 2705 Iliad.
368 2669 406 2717 ζ,
433 2666 558 2722 419),
609 2683 691 2708 non
718 2685 816 2710 vero
853 2673 959 2711 circa

229 2725 373 2763 fontes.
434 2725 475 2763 Si
512 2740 635 2778 porro
669 2728 719 2765 de
747 2730 958 2768 arboribus

228 2782 427 2836 ponendis
471 2797 518 2821 ac
557 2786 733 2824 serendis
778 2789 958 2840 accipias,

172 2866 179 2874 .
230 2841 580 2880 accommodatum
612 2843 710 2892 erit,
749 2852 798 2884 ut
826 2847 960 2898 priore

230 2912 389 2952 quoque
401 2899 490 2938 loco
507 2914 695 2952 spargere
710 2902 960 2956 lmmumso-

230 2959 297 2996 liis
315 2957 366 2996 de
381 2957 536 2996 satione
545 2957 694 2997 florum
712 2961 961 3014 accipiamus.

578 1216 627 1253 42
651 1227 690 1251 ec
707 1223 789 1251 ante
806 1216 950 1251 cumulo
972 1217 1075 1251 deest
1092 1217 1130 1251 in
1149 1219 1277 1253 Moret.
1299 1225 1438 1265 quarto.

1010 1334 1166 1373 Firmat
1212 1331 1324 1377 hane
1368 1330 1599 1388 rationem*
1621 1338 1741 1381 *locus

1012 1392 1180 1444 Eclogae
1198 1394 1270 1445 IX,
1285 1398 1339 1438 19
1368 1398 1458 1449 qais
1469 1396 1640 1439 humum
1649 1399 1741 1451 flo-

1010 1450 1185 1490 rentibus
1224 1453 1355 1491 herbis
1392 1463 1599 1508 spargeret
1613 1485 1625 1505 ,
1669 1465 1742 1495 aut

1011 1508 1135 1548 viridi
1154 1510 1296 1563 fontes
1325 1512 1526 1552 induceret
1562 1513 1705 1553 umbra
1720 1514 1743 1554 ?

1010 1567 1210 1607 Neutrum
1247 1575 1383 1609 tamen
1422 1570 1533 1610 inter
1566 1570 1743 1612 honores

1011 1626 1185 1671 mortuis
1221 1626 1381 1668 habitos
1411 1630 1629 1669 memorari
1670 1645 1743 1671 us-

1012 1697 1135 1735 quam
1152 1685 1262 1737 vidi5
1297 1700 1542 1739 quamquam
1576 1688 1630 1727 ad
1647 1689 1743 1728 fon-

1010 1748 1071 1780 tes
1103 1748 1146 1780 et
1171 1743 1215 1783 in
1252 1744 1394 1784 viretis
1429 1746 1524 1785 olim
1560 1747 1744 1800 sepulcra

1009 1799 1117 1839 sacta
1133 1813 1235 1853 esse,
1267 1809 1330 1854 et,
1346 1803 1655 1857 ffimesfine‚
1675 1806 1744 1845 in-

1009 1865 1075 1897 ter
1099 1857 1276 1900 honores
1304 1867 1345 1900 et
1366 1875 1538 1902 munera
1557 1869 1744 1904 mortuo-

1009 1929 1104 1956 rum
1125 1918 1314 1959 habitum
1340 1933 1422 1959 esse
1435 1951 1447 1971 ,
1488 1934 1573 1960 non
1590 1922 1742 1975 ignoro.

1012 1976 1116 2014 conf.
1135 1977 1289 2028 locum,
1320 1979 1363 2018 in
1381 1993 1462 2031 quo
1490 1985 1585 2020 cum
1602 1986 1744 2020 nostro

1013 2039 1160 2086 certat,
1191 2037 1419 2076 Nemesiani
1437 2038 1518 2077 Eel.
1540 2038 1571 2089 I,
1593 2036 1649 2080 6¹4
1658 2052 1743 2091 sqq.

1011 2091 1144 2143 Nihil,
1176 2095 1288 2146 quod
1316 2095 1369 2134 ad
1391 2109 1479 2136 rem
1507 2096 1650 2146 faciat,
1681 2097 1744 2136 af-

1012 2151 1152 2190 serunt
1175 2153 1438 2205 interpretes,
1475 2167 1607 2206 neque
1632 2154 1746 2210 loeus

1013 2209 1175 2248 Horatii
1200 2211 1332 2250 Carm.
1349 2212 1417 2262 m,
1444 2214 1510 2263 13,
1532 2215 1560 2255 2
1590 2211 1626 2252 Ο
1653 2213 1745 2252 fons

1013 2267 1241 2307 Bandusiae
1259 2290 1318 2298 -—
1336 2271 1468 2309 Dulci
1493 2270 1616 2323 dig-ne
1638 2285 1757 2310 mero

1014 2340 1086 2364 nec
1102 2328 1185 2365 sine
1203 2326 1400 2380 floribus,
1443 2334 1553 2367 recte
1572 2327 1656 2368 huc
1675 2342 1746 2368 re·-

1014 2385 1159 2424 fertur.
1207 2385 1379 2425 Videtur
1397 2386 1498 2426 mihi
1514 2401 1578 2427 res
1595 2386 1654 2426 sic
1671 2400 1746 2426 ex-

1015 2442 1226 2495 pedienda,
1246 2450 1295 2482 ut
1309 2445 1514 2484 tumulum
1526 2445 1643 2485 iuxta
1650 2445 1747 2485 fon-

1015 2507 1101 2540 tem
1147 2502 1302 2540 sactum
1334 2502 1615 2555 intelligamus.
1680 2503 1747 2542 Sic

1014 2558 1058 2597 in
1095 2557 1293 2599 honorem
1337 2560 1520 2600 defuncti
1560 2561 1746 2614 pastoris,

1016 2622 1114 2655 noto
1149 2631 1281 2668 more,
1329 2617 1480 2658 humus
1506 2619 1676 2659 floribus
1707 2623 1749 2657 et

1015 2675 1229 2715 frondibus
1258 2677 1461 2729 spargitur
1481 2690 1528 2716 ac
1548 2677 1657 2717 circa
1674 2683 1748 2716 tu-

1015 2734 1172 2773 mulum
1213 2734 1377 2774 arbores
1405 2741 1610 2775 seruntur.
1675 2734 1748 2774 In·-

1018 2792 1221 2831 cusandus
1258 2799 1394 2832 tamen
1418 2793 1485 2833 vel
1517 2793 1574 2832 sic
1614 2799 1748 2847 poeta,

1019 2850 1131 2901 quod
1157 2851 1210 2889 ad
1236 2865 1397 2890 sensum
1429 2851 1554 2890 animi
1580 2857 1624 2890 et
1641 2849 1748 2891 oculi

1018 2921 1103 2947 non
1125 2909 1221 2948 satis
1254 2909 1403 2948 diserte
1431 2922 1519 2948 rem
1548 2908 1747 2963 exposuit.

1019 2966 1184 3019 Popius,
1234 2980 1498 3021 expressurus
1530 2966 1654 3018 haec,
1695 2965 1749 3006 ad
