1734 3320
8 257 11 262 .
242 216 342 266 GE
354 211 731 266 ORG'ICON
766 213 908 263 LIB.
943 213 1009 276 ΙΙ,
1046 213 1146 264 501
1161 217 1342 267 -508
1451 222 1549 270 491

6 287 15 312 2
1403 286 1408 293 ,

28 343 92 394 In
111 340 344 404 ferrum,
380 347 667 407 penetrant
691 337 832 389 aulas
851 346 904 388 et
925 337 1109 388 limina
1130 355 1348 404 regum3

27 413 128 463 Hic
146 411 283 479 petit
303 409 517 460 excidiis
538 409 734 460 urbem
754 408 1090 475 miserosque
1110 409 1344 474 PenatiS,

31 485 102 535 Ut
119 497 334 548 gemma
353 479 527 544 bibat,
566 489 620 530 et
639 481 869 529 Sarrano
891 477 1124 529 dormiat
1146 488 1317 541 ostr03

0 583 3 588 ·
31 551 233 604 Condit
254 567 386 618 opes
408 549 560 613 aliuS‚
600 547 930 616 defossoque
953 549 1170 599 incubat
1190 565 1347 610 aur03

16 622 128 692 ¹Hic
151 629 331 689 stupet
354 619 625 670 adtonitus
641 619 873 681 Rostris;
910 617 1056 670 hunc
1075 619 1290 687 plausus
1313 618 1556 671 hiantem

39 713 66 732 ·’
99 706 218 757 504.
252 718 498 764 FERRUM3
571 705 686 755 507.
722 716 884 753 AURO.

1451 415 1554 464 505

77 819 150 857 504
168 828 442 868 penetrantque
456 820 597 865 Menag.
615 832 636 853 a
652 832 699 854 m.
717 832 787 854 sec.

30 868 209 914 (Penates
228 868 360 902 Medic.
394 868 503 910 „Post
522 875 601 901 octo
620 866 825 902 interiectos
845 879 965 901 versus
983 866 1137 900 accurrit
1152 878 1272 899 rursus
1292 865 1446 900 clausula
1459 879 1556 912 par—

29 927 100 950 vos
125 928 171 949 ue
188 917 345 950 Penatis
360 915 398 948 in
417 927 537 957 versu,
573 914 669 948 cuius
698 914 822 960 procul
848 914 956 948 dubio
975 913 1146 948 sinceram
1173 912 1363 947 lectionem
1384 913 1556 948 dedimus.

29 963 72 998 In
94 962 103 970 '
122 963 157 996 lo
176 964 356 1005 Penatis,
381 961 518 996 etiamsi
533 961 692 1006 impense
713 962 890 1007 placeret,
915 974 934 995 e
955 960 1120 995 Mediceo
1150 961 1333 994 adsumere
1355 971 1427 994 non
1445 961 1556 994 susti—

29 1009 106 1044 nuit
122 1009 309 1052 Heinsius,
334 1008 417 1055 quia
434 1021 503 1043 vox
525 1009 650 1043 eadem
670 1009 777 1054 paulo
803 1016 886 1043 ante
902 1014 1155 1055 praecesserat.
1204 1009 1302 1050 Quae
1330 1007 1422 1041 ratio
1442 1008 1556 1042 futilis

30 1063 96 1092 est.
143 1059 236 1091 Nam
249 1057 287 1090 in
304 1056 456 1102 Virgilio
476 1056 585 1090 multa
601 1056 812 1101 corrigenda
835 1063 974 1097 essent,
998 1055 1029 1088 si
1049 1067 1234 1100 numquam
1255 1054 1288 1088 ei
1314 1054 1471 1090 licuisset
1490 1055 1556 1089 tali

28 1103 217 1138 intervallo
235 1104 291 1138 bis
315 1104 471 1138 eamdem
492 1103 662 1137 adhibere
684 1115 817 1138 vocem.
853 1106 901 1137 At
916 1102 1005 1136 mihi
1023 1102 1198 1136 diversam
1218 1103 1263 1136 ob
1284 1114 1423 1135 causam
1440 1102 1554 1136 minus

28 1151 90 1186 hic
106 1151 250 1197 placent
272 1151 353 1185 mis
367 1151 435 1184 eri
458 1151 677 1191 Penates5
711 1151 907 1196 vellemque
932 1150 1047 1184 codex
1074 1149 1259 1183 obtulisset
1284 1149 1414 1195 aliquis
1443 1151 1556 1184 mise—

31 1211 167 1244 rosque
178 1199 386 1245 parentis.“
432 1198 530 1231 Haec
545 1197 750 1232 Brunckius.
798 1198 869 1232 Sed
887 1210 918 1231 v.
939 1198 984 1231 V.
1002 1198 1043 1231 L.
1063 1197 1109 1230 ad
1126 1209 1176 1230 vs,
1204 1196 1284 1232 514.
1316 1198 1412 1242 Wr.)
1484 1198 1556 1233 506

29 1246 233 1280 indormiat
253 1245 391 1288 Heius„
416 1257 459 1278 ex
474 1256 543 1278 uuo
564 1245 748 1287 Mediceo,
781 1245 818 1278 in
840 1256 909 1291 quo
930 1251 1047 1278 tamen
1068 1251 1104 1278 et
1123 1243 1202 1289 ipso
1234 1256 1254 1277 a
1274 1256 1344 1277 sec.
1363 1256 1409 1278 m.
1427 1245 1466 1278 in
1485 1256 1556 1278 uo-

29 1299 140 1326 tatum
169 1292 320 1339 punctis.
369 1293 529 1326 dormiat
557 1291 662 1336 vulgo
695 1303 833 1326 omnes:
868 1299 905 1325 et
933 1304 1025 1325 nunc
1041 1291 1215 1325 revocavi.
1263 1292 1376 1324 Porro
1395 1293 1551 1334 Serano,

881 819 952 855 505
969 819 1190 867 patriosque
1206 820 1374 852 'Penates
1392 818 1556 853 Parrhas.

30 1341 199 1383 Sorano,
223 1341 388 1374 Serrano
400 1366 409 1382 ,
441 1339 570 1373 vitiose
587 1339 765 1374 scribitur.

30 1423 105 1462 cile
134 1423 315 1464 invenias
341 1423 475 1462 ullum
499 1421 609 1475 apud
630 1421 765 1474 Virgi-

28 1482 128 1521 lium
158 1482 316 1531 locum,
357 1481 471 1520 cuius
493 1480 544 1520 de
565 1481 766 1519 sententia

29 1540 120 1579 iure
155 1540 301 1592 ambigi
338 1539 495 1592 possit,
542 1539 765 1590 multaque,

30 1611 134 1650 quae
161 1598 358 1637 videntur
388 1597 594 1650 ambigua,
635 1597 768 1636 facilia

30 1662 128 1696 sunt
154 1655 368 1709 expeditu,
399 1656 431 1694 si
453 1655 603 1706 ubique
622 1656 768 1694 memi-

30 1714 159 1765 neris,
191 1715 318 1753 solere
337 1714 395 1752 ita
413 1714 631 1766 Virgilium
657 1714 766 1766 cogi-

29 1778 117 1811 tata
134 1786 219 1812 non
236 1785 394 1824 semper
416 1786 500 1811 una
518 1772 767 1825 simplicique

31 1831 313 1870 enunciatione
344 1829 655 1883 comprehensa,
697 1830 769 1869 sed

29 1888 72 1927 in
105 1895 242 1942 partes
277 1902 367 1940 suas
406 1888 601 1940 quasdam
633 1889 767 1928 soluta

31 1947 177 1999 eloqui.
236 1948 378 1998 Itaque
406 1947 594 1986 semicola
611 1977 622 1997 ,
666 1960 767 1999 quae

32 2011 148 2044 erant
175 2012 271 2058 post
300 2019 424 2043 caeca
451 2012 491 2043 et
504 2005 690 2057 ferrum,
723 2007 767 2044 in

33 2069 231 2102 commata
251 2063 418 2101 mutavi.
455 2065 524 2103 W
519 2062 575 2117 r.)

90 2120 348 2164 505—507.
378 2120 476 2169 Hic,
502 2120 671 2159 militiae
692 2121 768 2159 ad-

32 2180 230 2232 scriptus,
273 2178 474 2217 exscindit
508 2177 768 2232 (exscindere

30 2235 166 2291 parat)
186 2236 322 2275 urbem
336 2267 347 2286 ,
374 2237 449 2275 int.
470 2237 660 2288 Romam,
682 2240 766 2276 Pe—

32 2304 147 2334 nates
164 2326 175 2344 ,
213 2294 255 2333 h.
291 2295 465 2347 patriam
497 2309 611 2334 suam
645 2294 766 2350 (bella

33 2360 170 2393 autem
192 2353 324 2392 civilia
349 2352 552 2407 respicit);
588 2359 636 2392 ut
662 2355 767 2393 luxu

34 2411 203 2450 diffluat.
233 2411 375 2450 Militia
391 2412 556 2451 omnino
572 2412 644 2450 illo
659 2419 767 2452 tem-

31 2483 131 2523 pore
154 2470 260 2508 inter
279 2470 422 2508 modos
443 2484 568 2522 opum
588 2485 634 2509 ac
657 2471 767 2510 divi-

31 2528 183 2566 tiarum
231 2528 556 2580 quaerendarum
596 2530 767 2583 expedi—

32 2585 178 2636 tiores,
209 2586 359 2625 scilieet
389 2600 409 2624 e
431 2587 583 2639 praeda
603 2593 644 2625 et
665 2588 767 2641 agris

34 2643 291 2696 assignandis,
330 2645 426 2683 vide
452 2659 493 2684 v.
522 2659 555 2684 c.
582 2646 766 2700 Propert.

34 2701 139 2753 Eleg.
161 2701 229 2752 ΙΙΙ,
251 2703 290 2744 5.
332 2703 477 2742 Tibull.
501 2704 532 2753 Ι,
561 2706 598 2753 1,
621 2708 641 2744 1
656 2703 766 2754 -4,

33 2759 105 2798 ubi
131 2759 217 2799 vid.
241 2757 396 2812 notata,
428 2762 558 2800 multo
580 2763 704 2815 magis
724 2763 768 2801 in

35 2817 220 2856 civilibus
236 2818 370 2868 bellis,
401 2832 474 2871 per
491 2822 670 2872 praemia
690 2821 768 2859 mi-

35 2875 157 2914 litiae.
206 2889 397 2927 gemma,
433 2879 628 2929 poculum
656 2893 767 2932 geni-

35 2946 191 2982 meum,
234 2947 286 2971 ex
324 2947 478 2985 gemma
502 2937 665 2976 factum.
717 2938 766 2976 cf.

35 2991 220 3044 Propert.
243 2991 310 3041 III,
337 2991 376 3042 5,
392 2991 442 3042 ,4.
483 2991 624 3046 (bibere
647 3009 766 3047 gem-

870 1340 940 1374 608
967 1339 1028 1372 hic
1048 1339 1213 1385 plausus
1230 1338 1360 1373 Medic.
1385 1351 1406 1373 a
1434 1351 1479 1372 m.
1498 1350 1555 1384 pr.

822 1437 919 1472 ma,
953 1427 1003 1461 ut
1030 1421 1142 1475 apud
1166 1421 1343 1461 Iuvenal.
1370 1421 1460 1472 XII,
1485 1419 1554 1463 47.

823 1480 950 1519 hibere
970 1482 1142 1519 caelato.
1182 1482 1253 1520 W
1247 1479 1334 1535 ch.)
1392 1479 1557 1518 Ostrum

826 1540 1049 1578 Sar-mnam
1062 1569 1073 1589 ,
1102 1538 1290 1591 Tyrium,
1321 1538 1370 1577 ab
1390 1538 1555 1590 antiquo

823 1597 936 1637 urbis
962 1597 1144 1647 nomine,
1185 1598 1305 1635 Sarra
1331 1610 1404 1636 seu
1430 1598 1553 1646 Tsor;

827 1655 877 1694 de
911 1669 992 1707 quo
1032 1655 1127 1694 satis
1166 1655 1296 1694 multa
1330 1654 1558 1708 disputavit

822 1713 1058 1753 Bochartus.
1099 1714 1197 1756 507.
1228 1713 1293 1752 Sic
1309 1719 1350 1751 et
1367 1713 1467 1752 Aen.
1488 1713 1556 1764 VI,

826 1775 910 1814 610
939 1773 1027 1811 Aut
1055 1774 1128 1825 qui
1152 1771 1306 1810 divitiis
1330 1773 1408 1810 soli
1437 1774 1557 1810 inclo-

825 1829 939 1868 haere
957 1832 1131 1882 repertis.
1172 1830 1236 1868 Ex
1251 1829 1396 1869 Vario:
1426 1832 1556 1869 Inca-

825 1887 887 1927 bet
903 1896 947 1926 et
968 1890 1114 1940 ijrit's,
1136 1897 1257 1941 atque
1276 1903 1326 1927 ex
1343 1889 1471 1927 solido
1493 1888 1556 1927 bt-

825 1946 893 1985 bat
909 1961 1008 1986 auro
1021 1963 1033 1985 .-
1056 1946 1345 1986 adumbratum
1359 1961 1441 1986 esse
1458 1961 1557 1987 ver-

825 2019 936 2055 sum,
974 2011 1135 2044 notarat
1163 2005 1341 2045 Macrob.
1371 2009 1452 2045 Sat.
1472 2006 1555 2056 VH,

828 2065 866 2112 1,
899 2077 938 2115 p.
967 2063 1051 2105 374
1080 2062 1213 2117 (576).
1265 2064 1371 2103 conf.
1407 2065 1554 2104 Tibull.

825 2121 890 2170 111,
912 2123 951 2170 3,
975 2123 1000 2162 3
1019 2135 1104 2173 sqq.

884 2179 1140 2222 508—510.
1170 2177 1284 2217 Alius
1306 2179 1556 2232 eloquentiae

823 2236 994 2275 forensis
1009 2237 1184 2288 laudem,
1205 2237 1304 2276 dum
1319 2252 1396 2291 pro
1413 2239 1556 2278 rostris

825 2294 1023 2334 dicentem
1037 2296 1152 2335 audit
1160 2311 1172 2346 3
1197 2296 1297 2334 alius
1310 2297 1452 2350 populi
1465 2304 1556 2336 stu-

825 2353 894 2391 dia*
927 2355 1101 2394 miratus
1138 2360 1180 2393 et
1219 2355 1333 2408 cupit
1360 2355 1555 2409 gratiosus

825 2412 935 2463 apud
961 2414 1159 2466 populum
1184 2412 1326 2452 haberi
1334 2428 1346 2464 3
1383 2416 1556 2454 nimium

822 2471 1010 2522 gaudens
1026 2471 1295 2524 popularibus·
1316 2476 1428 2511 auris
1450 2473 1556 2513 dixit

824 2528 924 2567 Aen.
946 2530 1011 2580 VI,
1031 2533 1128 2572 817.
1166 2530 1347 2568 hiantem
1362 2545 1460 2584 prae
1479 2532 1555 2571 ad-

824 2587 1036 2627 miratione
1056 2603 1102 2627 ac
1123 2595 1308 2641 stupore,
1336 2592 1551 2642 conripuit,

824 2648 1047 2698 percussit,
1097 2647 1277 2685 animum
1311 2649 1554 2699 commovit,

817 2706 996 2755 plausus
1007 2720 1087 2757 per
1102 2720 1246 2744 cuneos
1260 2736 1271 2754 ,
1304 2704 1346 2744 h.
1369 2706 1555 2745 theatro-

824 2775 920 2801 rum
943 2764 1105 2803 ordines
1125 2778 1172 2802 ac
1193 2764 1350 2814 sedilia,
1382 2778 1463 2816 quo
1481 2778 1555 2804 ex-

826 2821 1102 2874 cipiebantur,
1134 2822 1202 2874 qui
1232 2823 1393 2874 gratiosi
1424 2829 1556 2862 essent

826 2880 938 2932 apud
962 2881 1182 2933 populum,
1218 2887 1266 2918 ut
1284 2880 1333 2918 de
1349 2881 1554 2933 Pompeio,

826 2938 1036 2989 Cicerone,
1086 2939 1315 2977 Maecenate
1353 2937 1461 2992 (vid.
1488 2939 1555 2979 vel

823 2996 1003 3036 Horat]
1033 2997 1161 3036 carm.
1181 2999 1251 3040 20.
1290 2996 1344 3047 II,
1376 3000 1450 3048 17,
1477 2997 1552 3053 25)
