1734 3320
123 203 226 271 500
464 218 520 267 P.
564 186 910 267 vmfflm
954 214 1320 266 MARole

126 379 235 465 Te
272 429 519 482 quoque,
555 427 750 478 magna
781 411 960 476 PaleS,
1008 421 1060 462 et
1094 420 1148 461 te
1182 408 1543 460 memorande
1574 425 1658 458 ca—

917 499 1112 532 nemus
1591 498 1603 510 “

122 558 311 606 Pastor
332 552 396 603 ab
424 551 757 625 Amphryso,
793 568 917 616 VOS,
953 552 1110 602 silvae
1137 566 1434 617 amnesque
1453 549 1656 614 Lycaei.

125 627 338 688 Cetera,
379 639 516 690 quae
540 639 728 672 vacuas
753 623 1054 673 tenuissent
1079 622 1313 671 carmine
1337 621 1561 684 mentis,

94 694 97 695 ⁷
125 695 324 747 Omnia
347 694 455 744 iam
477 692 709 758 volgata:
747 693 865 759 quis
892 702 981 742 aut
1004 691 1301 757 Eurysthea
1325 690 1538 755 durum,

193 797 240 844 2.
277 791 608 849 AMPHRY803
680 790 726 839 4.
764 799 1043 848 voLGATA3

173 935 198 970 2
221 933 427 981 Amphreso
456 930 589 964 Medic.
619 929 749 976 (potius
771 928 956 976 Amfreso.
986 929 1082 974 Wr.)
1132 929 1362 977 Amphrysso
1390 929 1589 969 Romanus3
1621 933 1659 961 at

123 982 333 1028 Amphryso
352 980 477 1024 fragm.
500 977 616 1011 Vatic.
666 977 815 1011 Variant
843 978 969 1011 eodem
993 977 1100 1011 modo
1119 977 1223 1011 codd.
1251 977 1290 1010 in
1309 976 1523 1010 Callimacho
1554 982 1592 1009 et
1611 974 1656 1009 al.

124 1031 258 1063 Tuetur
281 1026 474 1072 simplicem
497 1025 655 1058 litteram
675 1025 826 1058 Brunck.
846 1025 891 1058 ad
921 1024 1088 1070 Apollon.
1121 1031 1157 1058 et
1177 1029 1293 1057 recte:
1328 1024 1409 1057 add.
1429 1023 1554 1068 steph.
1573 1024 1656 1068 Byz.

123 1073 389 1120 ἰῃ”Αμφρυσος.
438 1072 508 1107 Alii
531 1073 750 1118 Amphriso,
784 1073 1016 1118 Amphrisio,
1052 1079 1090 1105 ut
1125 1071 1236 1105 Goth.
1284 1072 1371 1104 Mox
1402 1071 1542 1116 Lycaei
1559 1076 1657 1103 reete

124 1135 244 1157 omnes
263 1121 440 1155 scribunt:
475 1126 513 1152 ut
534 1132 591 1166 ap.
610 1119 817 1153 Pausaniam
835 1119 996 1164 aliosque
1016 1120 1171 1153 Graecos
1191 1119 1403 1162 scriptores3
1441 1118 1569 1163 ubique
1592 1129 1656 1151 oc-

124 1170 249 1204 currit:
281 1165 325 1203 τὸ
357 1164 540 1202 Λύκαιον.
587 1166 682 1200 Male
711 1166 940 1200 confunditur
967 1166 1053 1200 alibi
1083 1163 1129 1201 τὸ
1157 1163 1321 1200 Λύκειον
1350 1165 1585 1199 Athenarum:
1618 1171 1657 1198 ut

125 1230 202 1263 sup.
221 1219 246 1259 Ι,
273 1216 329 1251 16.
425 1215 448 1250 3
471 1215 634 1247 carmine
654 1215 868 1247 Burmannus
896 1214 1078 1258 reposuit,
1113 1219 1152 1246 ut
1175 1220 1251 1246 erat
1275 1213 1311 1245 in
1331 1212 1509 1246 nonnullis
1529 1210 1655 1253 Pierii3

123 1265 160 1298 in
184 1265 307 1308 fragm.
333 1262 451 1296 Vatic.
480 1261 607 1294 Medic.
632 1269 668 1294 et
691 1260 771 1294 aliis
798 1262 988 1303 carmina,
1017 1260 1121 1306 quod
1148 1261 1254 1305 vulgo
1287 1260 1413 1294 editur.
1460 1259 1658 1293 Proclivior

122 1313 242 1357 lapsus
263 1310 301 1343 in
319 1310 390 1343 hoc
410 1321 453 1342 ex
472 1308 536 1342 illo
549 1334 557 1350 ,
586 1319 688 1353 quam
706 1308 783 1341 vice
803 1321 923 1348 versa3
957 1309 1222 1353 (commemorat
1242 1308 1331 1341 hanc
1348 1306 1514 1341 lectionis
1534 1306 1657 1340 diver-

124 1359 262 1393 sitatem
279 1357 349 1390 iam
367 1355 630 1401 Philargyriu83
654 1357 821 1389 earmina
838 1362 955 1389 tamen
975 1355 1080 1390 codd.
1098 1355 1248 1388 Potterii
1267 1366 1388 1388 omnes
1407 1366 1483 1388 cum
1501 1359 1653 1399 utroque

122 1407 222 1452 Lips.
271 1404 343 1438 Sed
361 1405 523 1437 carmine
550 1403 643 1436 bene
665 1403 849 1436 defensum
868 1403 911 1436 ab
930 1403 1082 1448 Heynio.
1114 1403 1210 1446 Wr.)
1287 1429 1299 1435 ,
1332 1403 1381 1435 tis
1400 1401 1494 1435 idem
1513 1400 1656 1445 scripsit

127 1466 168 1488 ex
195 1451 363 1487 Rottend.
388 1457 471 1484 tert.
495 1462 562 1495 pro
588 1458 740 1483 mentes.
791 1450 946 1495 (mentes
977 1449 1083 1483 etiam
1103 1415 1420 1491 Medicqlffiznencls
1449 1448 1539 1482 alter
1557 1448 1657 1494 Lips.

126 1504 274 1542 Cetera,
313 1510 387 1531 non
411 1506 577 1539 caetera,
611 1497 795 1531 veterrimi
825 1497 931 1538 libri,
971 1497 1102 1530 Medic.
1130 1498 1232 1530 Rom.
1267 1497 1405 1540 Fragm.
1436 1497 1518 1531 Vat.
1560 1495 1655 1540 Wr.)

122 1548 147 1584 4
172 1548 329 1595 volgata
350 1545 446 1579 idem
471 1557 515 1579 ex
540 1544 634 1579 Gud.
661 1551 699 1578 et
724 1544 869 1579 Mentel.
898 1550 982 1578 tert.
1030 1552 1120 1578 eunt
1146 1544 1305 1591 vulgata
1329 1542 1491 1578 Parrhas.
1518 1543 1656 1578 Bodlei.

126 1602 163 1629 et
182 1607 269 1629 unus
287 1593 403 1628 Mead.

186 1728 223 1767 1.
246 1728 286 1768 2.
306 1724 425 1764 Nunc
442 1736 529 1763 rem
541 1723 773 1776 pecuariam
790 1737 862 1776 ag-

124 1783 296 1837 grediar.
354 1783 433 1823 Pro
464 1795 510 1821 ea
544 1783 702 1832 Palem,
744 1782 861 1820 deam

125 1841 401 1895 pastoritiam,
441 1846 482 1879 et
513 1839 743 1893 Apollinem
775 1841 861 1879 No-

123 1900 274 1949 mium,
315 1905 357 1938 et
391 1899 613 1952 Lycaeum,
662 1897 861 1936 Arcadiae

124 1964 307 1997 montem
321 1958 420 1996 Pani
438 1971 596 1995 sacrum
609 1987 619 2006 ,
648 1962 860 1995 memorat.

125 2015 384 2068 Amphrysus
411 2015 659 2065 Thessaliae,
700 2020 741 2053 et
769 2015 864 2066 qui-

128 2075 220 2113 dem
237 2073 495 2124 Phthiotidis,
523 2079 670 2112 notum
688 2072 864 2123 flumen3

126 2133 180 2171 ad
221 2132 333 2184 quod
360 2131 505 2185 Apollo
543 2132 669 2171 boves
706 2130 864 2183 pavisse

128 2191 289 2242 dicitur,
321 2205 415 2230 cum
434 2189 628 2240 Admeto,
660 2188 865 2228 Pheraeo-

126 2264 220 2288 rum
251 2250 354 2302 regi,
397 2249 594 2298 serviret,
649 2244 888 2301 ἒθήτευσε.’

127 2307 212 2347 vid.
245 2307 382 2360 Eurip.
411 2306 558 2345 Alcest.
587 2320 649 2359 pr.
680 2312 721 2344 et
737 2305 863 2344 Calli-

127 2364 259 2404 mach.
286 2366 330 2404 in
353 2364 485 2418 Apoll.
512 2364 568 2406 47
588 2378 673 2416 sqq.
715 2364 862 2403 Tibull.

127 2424 176 2473 Π,
208 2426 247 2474 3,
281 2425 347 2465 11.
379 2424 454 2473 Ill,
477 2421 526 2473 4,
547 2425 614 2465 67.
674 2422 780 2461 Nota
797 2422 863 2460 fa-

126 2481 235 2520 bula.
307 2481 513 2534 Expressit
544 2481 680 2518 locum
711 2481 862 2519 Lucan.

127 2539 205 2589 VI,
235 2541 333 2581 368.
384 2542 533 2578 Pastor
558 2538 610 2576 ab
631 2538 863 2590 Amphryso

126 2611 203 2650 pro
221 2596 489 2650 Amphrysius
500 2627 511 2647 ,
541 2609 654 2635 more
671 2595 864 2648 loquendi

127 2655 265 2708 paullo
306 2654 501 2693 doctiore.
568 2655 720 2692 Graece
752 2653 866 2692 dice-

128 2726 220 2752 res:
259 2710 427 2767 Νομεῦς
462 2707 774 2766 Ἀμφρύσηθεν.
817 2711 865 2749 cs·

130 2772 258 2824 Toup.
280 2771 351 2824 Ep.
374 2771 463 2810 crit.
475 2784 563 2823 pag.
584 2770 678 2811 165.
701 2767 774 2823 (sic
797 2783 866 2807 so-

126 2829 186 2868 let
202 2829 443 2882 praepositio
469 2843 497 2867 a
525 2823 862 2866 circumsbriben-

129 2887 182 2926 do
210 2886 410 2927 adiectivo
435 2885 650 2935 inservire3
680 2884 764 2923 vid.
782 2885 862 2922 Be-

130 2945 242 2984 ckeri
267 2946 442 2997 Elegeia
473 2946 596 2982 Rom.
632 2956 720 2995 pag.
745 2942 861 2992 1523

131 3003 235 3042 adde
255 3009 395 3043 notata
414 3002 466 3042 ad
484 3002 565 3041 Ecl.
589 3001 619 3051 Ι,
645 2999 713 3044 54.
748 2998 858 3053 W.)

918 1722 1018 1762 Mox
1062 1723 1190 1761 silvas
1241 1735 1459 1774 amnesque
1501 1722 1660 1774 Lycaei

918 1786 1118 1820 memorat
1144 1794 1219 1834 pro
1249 1780 1324 1819 deo
1364 1780 1564 1832 Lycaeum
1594 1785 1658 1817 te-

919 1844 1052 1888 nente,
1073 1840 1200 1889 Pane,
1232 1844 1273 1877 et
1293 1837 1407 1876 hunc
1422 1851 1498 1890 pro
1518 1851 1563 1876 re
1581 1851 1657 1891 pa-

920 1897 1088 1936 storitia.
1161 1900 1199 1939 3.
1241 1895 1464 1935 Pindarum
1496 1896 1656 1949 Olymp.

921 1956 1009 1994 Ode
1031 1956 1068 1994 ΙΙ
1089 1969 1151 2008 pr.
1183 1961 1275 1995 ante
1294 1954 1432 1993 oculos
1457 1953 1657 2005 habuisse,

924 2013 1054 2052 Cerda
1082 2014 1277 2067 putabat,
1315 2012 1488 2051 debebat
1515 2013 1658 2052 saltem

922 2071 1061 2111 Isthm.
1086 2072 1159 2111 VH
1186 2086 1248 2125 pr.
1281 2085 1536 2124 comparare3
1585 2071 1659 2110 etsi

924 2137 964 2170 et
984 2130 1065 2169 hoc
1079 2130 1196 2169 nimis
1217 2130 1358 2168 sedulo
1376 2129 1505 2168 fieret.
1535 2130 1658 2169 Com-

921 2189 1055 2228 munis
1079 2189 1185 2228 enim
1208 2189 1277 2228 illa
1298 2193 1357 2226 est
1375 2188 1480 2227 ratio
1500 2188 1657 2227 multo-

921 2261 1016 2287 rum
1036 2254 1263 2300 poetarum,
1284 2252 1333 2285 ut
1350 2246 1427 2285 alia
1446 2246 1520 2284 sibi
1536 2260 1658 2300 prae-

920 2312 1038 2358 repta
1075 2319 1185 2356 esse,
1226 2305 1301 2343 alia
1333 2305 1516 2356 vulgaria
1562 2318 1586 2343 a
1615 2317 1658 2344 se

922 2363 1057 2402 omitti
1079 2364 1226 2404 dicant.
1265 2362 1389 2415 Magis
1407 2368 1563 2402 certum
1584 2369 1656 2413 est,

920 2427 1105 2461 nostrum
1123 2422 1272 2461 multos
1289 2421 1464 2460 imitatos
1481 2434 1577 2471 esse,
1589 2421 1658 2460 in-

920 2480 1062 2533 primis
1090 2480 1303 2519 Manilium
1330 2479 1398 2518 lib.
1429 2479 1485 2517 111
1512 2493 1574 2531 pr.
1607 2479 1655 2518 cf.

921 2537 1053 2576 Aetna
1090 2553 1173 2591 pr.‚
1195 2538 1268 2577 ubi
1295 2537 1379 2577 vid.
1399 2536 1655 2578 Wernsdorf.

924 2596 1097 2648 Oppian.
1121 2597 1309 2649 Cyneget.
1336 2609 1399 2647 pr.
1432 2595 1654 2635 Nemesian.

924 2655 1069 2706 Cyneg.
1097 2657 1148 2698 15
1166 2668 1235 2706 sq„
1270 2653 1342 2692 ubi
1362 2654 1468 2692 conf.
1491 2654 1654 2693 Titium.

930 2714 1079 2750 Tenent
1112 2720 1261 2750 mentes
1294 2724 1360 2760 ea,
1409 2725 1512 2764 quae
1544 2711 1656 2750 dele-

925 2775 1060 2818 etant,
1111 2776 1151 2808 et
1182 2769 1375 2822 exprimit
1410 2769 1492 2809 hoc
1523 2770 1656 2823 ipsum

921 2827 1195 2866 delectationis
1235 2834 1439 2867 naturam.
1497 2842 1656 2867 vacuae

920 2891 1054 2924 autem
1073 2894 1221 2924 mentes
1233 2915 1243 2935 ,
1278 2900 1301 2923 a
1320 2887 1438 2935 curis,
1468 2886 1590 2925 rebus
1609 2899 1657 2924 ae

920 2943 1062 2981 studiis
1097 2944 1268 2994 severis,
1311 2950 1529 2994 vacantes,
1572 2944 1656 2983 sol-

919 3001 1037 3040 lenne
1059 3002 1109 3041 de
1137 3002 1205 3052 iis,
1237 3002 1307 3054 qui
1330 3008 1543 3055 poetarum
1564 3015 1655 3041 car-
