1734 3320
0 0 208 157 f

0 160 15 215 Ξ

0 267 19 293 'x'

0 283 354 421 {Praeterea'
339 349 446 382 iam
470 349 574 382 nec
595 332 791 382 mutari
810 331 1007 399 pabula
1027 332 1218 396 refert,

0 402 427 470 Quaesitaeque
452 411 655 452 nocent
682 411 846 464 artes3
886 419 1094 454 cessere
1116 404 1367 469 magistri,

0 468 365 542 {Phillyrides
372 472 579 524 Chiron
600 473 1100 542 Amythaoniusque
1119 474 1432 542 Melampus
1456 480 1559 530 550

0 525 232 607 Ξδλθνὶι,
271 551 352 606 et,
389 543 445 592 in
471 542 652 593 lucem
679 544 868 608 Stygiis
893 545 1082 594 emissa
1106 545 1370 608 tenebriS‚

0 610 230 667 ³÷Pall1da
254 612 554 680 Tisiphone
574 613 801 664 Morbos
826 615 930 680 agit
955 623 1077 665 ante
1100 619 1438 682 Metumque,

0 688 17 747 ξ’
27 684 202 751 Inque
225 682 341 733 dies
364 683 581 734 avidum
599 700 823 749 surgens
846 694 1004 752 caput
1029 684 1180 735 altius
1208 683 1382 738 effert.

0 752 499 820 {Balatu-pecorum
531 763 584 804 et
609 755 808 804 crebris
833 755 1124 821 mugitibus
1147 772 1333 805 amnes

2 823 366 891 {Arentesque
389 834 583 874 sonant
605 826 753 892 ripae
778 824 1052 893 collesque
1077 826 1268 893 supini.

242 192 734 257 elzesteicoN
755 174 1350 269 LIB.111,535—556
1458 215 1560 266 589
1593 215 1603 224 ·

1456 828 1559 878 555

0 895 252 965 ji-Iamque
275 895 584 945 catervatim
608 895 698 945 dat
724 904 981 962 stragem,
1020 905 1180 964 atque
1202 904 1413 961 aggerat
1432 896 1558 963 ipsis
1630 962 1634 965 -

4 996 15 1030 ξ,

0 1031 27 1089 it·
73 1047 146 1084 548
167 1048 242 1081 iam
272 1059 342 1081 nec
357 1059 378 1081 e
395 1046 498 1082 libris
526 1047 687 1092 reposuit
712 1048 836 1082 Heius.
884 1051 938 1083 Ita
954 1056 1073 1083 tamen
1094 1050 1161 1084 iam
1180 1049 1367 1095 legebatur
1393 1048 1429 1082 in
1449 1048 1558 1082 Com-

0 1090 148 1128 ?melin.
178 1094 527 1136 Pulmann.1·:lzev.;
558 1095 663 1140 vulgo
693 1095 774 1137 alii,
806 1099 985 1138 neci,am
1019 1110 1096 1131 cum
1124 1099 1306 1138 Romano,
1341 1102 1381 1129 ut
1410 1102 1447 1130 et
1462 1097 1557 1130 Beda
1608 1131 1617 1145 ,

0 1162 6 1189 {⁷
26 1141 73 1176 de-
102 1141 238 1176 metris.
292 1143 341 1175 At
367 1142 527 1177 Macrob.
553 1145 626 1176 Sat.
653 1143 721 1185 vl,
755 1145 779 1178 2
810 1145 1015 1178 Praeterea
1041 1157 1109 1178 nec
1141 1153 1278 1177 mutarn
1305 1144 1378 1176 iam
1402 1142 1556 1190 pabula.

0 1186 98 1226 ²549
121 1200 268 1223 cessare
295 1188 425 1223 Medic.
455 1202 476 1223 a
504 1202 550 1223 ιιι.
575 1201 630 1234 pr.
678 1190 976 1235 Amychaontus,
1008 1192 1315 1236 Amitaoniusque
1344 1190 1556 1235 Menalpus,

27 1235 292 1282 Haloampus,
316 1236 573 1283 Melamphus,
597 1236 852 1271 aberrationes.
891 1238 961 1271 vid.
981 1241 1035 1283 Ap
1040 1238 1152 1272 ollod.
1176 1239 1201 1279 l,
1226 1239 1259 1279 9,
1287 1239 1342 1272 11.
1438 1238 1507 1274 551
1532 1251 1556 1272 a

26 1284 174 1337 Stygiis
187 1288 271 1317 tert.
290 1283 461 1317 Rottend.
510 1285 662 1317 ,semisse
693 1285 803 1325 Gud„
839 1285 1058 1319 adhaerente
1078 1299 1097 1320 s
1113 1297 1155 1319 ex
1173 1292 1287 1318 antec.
1313 1296 1414 1366 wgo-53
1438 1285 1556 1386 1ηὲῖὲ

79 1331 178 1364 itare
207 1330 424 1377 Metumque
459 1331 516 1365 ed.
547 1332 638 1364 Ven.
686 1341 910 1379 agnon-sque
934 1334 1148 1379 Metumque
1176 1332 1248 1365 Erf.

26 1342 124 1412 zena
140 1377 231 1411 Ven.
281 1377 393 1423 aff'ert
421 1378 592 1412 Rottend.
623 1377 683 1412 alt.
777 1379 847 1414 554
871 1379 1073 1426 mugitibus
1097 1392 1163 1413 aer
1191 1379 1355 1412 Chronic.
1373 1378 1554 1412 Menconis

25 1424 120 1470 apud
152 1424 341 1459 Burman.
389 1437 507 1458 auras
536 1425 683 1459 vratisl.
778 1427 848 1461 555
874 1428 1153 1473 Horrentesque
1173 1428 1371 1468 Romanus,
1402 1438 1468 1459 nec
1483 1426 1554 1459 mi-

24 1482 92 1506 mus
115 1471 220 1506 bene.
276 1473 369 1505 Nam
394 1472 577 1517 pestilenti
614 1482 707 1506 anno
738 1474 855 1510 omnia
883 1474 977 1518 apud
1004 1482 1127 1519 poetas
1159 1474 1333 1515 horrent,
1368 1473 1555 1519 squalent,

25 1517 103 1553 scil.
120 1519 226 1560 tabe,
250 1518 384 1553 illuvie.
421 1520 472 1564 (et
488 1520 647 1564 praefert
666 1520 866 1555 horrentes
881 1520 1045 1555 Nobbius
1061 1524 1241 1566 Syntagm.
1260 1520 1373 1554 locor.
1394 1520 1554 1564 parallel.

0 1596 3 1600 ,
23 1567 162 1613 p-105.
187 1567 247 1602 W
241 1565 287 1610 r)
335 1566 407 1600 Sed
428 1573 483 1600 est
505 1579 545 1600 ea
563 1567 735 1601 sollennis
756 1568 930 1608 varietas,
964 1575 1000 1601 et
1024 1581 1131 1602 arere
1149 1579 1221 1601 non
1242 1567 1357 1601 minus
1376 1567 1555 1610 idoneum,

0 1625 103 1651 neum
120 1621 237 1648 aestus
252 1613 370 1650 morbi
390 1626 511 1648 caussa
533 1615 600 1648 sit:
635 1627 713 1659 sup.
731 1614 813 1651 478.
850 1609 943 1649 eous.
958 1618 1045 1649 Aen.
1065 1617 1125 1658 111,
1151 1616 1231 1651 142.
1279 1615 1464 1660 collesque
1486 1627 1554 1648 su-

0 1671 134 1743 arg
157 1672 219 1763 ἐξ.
246 1661 379 1695 Moret.
426 1661 557 1695 Eadem
583 1661 734 1696 varietas
767 1661 900 1707 Georg.
930 1664 981 1705 11,
1014 1663 1096 1699 276.

261 1717 447 1756 aggregat
467 1709 556 1754 Reg.
573 1709 730 1743 Martini.

39 1824 195 1870 ’5.49
218 1825 516 1880 Quae-citaeque
533 1836 674 1866 nocent
690 1843 760 1866 ar·-

6 1838 112 1937 ἔξω,
120 1889 263 1937 parata
285 1885 478 1925 remedia.
501 1900 647 1925 cessere
666 1901 761 1925 ma-

2 1942 143 1997 ‚giem
154 1973 167 1993 ‚
201 1942 354 1983 cedunt
370 1944 515 1983 morbo
535 1942 763 1999 (mussabat

0 2002 148 2042 tacito
183 2002 387 2041 medicina
423 2004 563 2040 timore
602 2003 760 2042 Lucret.

2 2051 93 2114 Ἦ,
121 2055 267 2114 1177),
297 2059 544 2110 vincuntur,
577 2067 706 2099 artem
726 2061 761 2099 ei

0 2122 139 2158 mam
163 2117 362 2170 imparem
399 2131 482 2156 esse
509 2117 652 2157 vident
678 2132 766 2157 me-

1 2163 132 2226 ildini,
163 2181 205 2214 et
226 2176 392 2227 quidem
406 2179 763 2227 praestantissimi,

17 2245 127 2287 'quos
146 2234 379 2274 nominibus
396 2234 624 2273 clarissimis
639 2248 764 2273 exor-

22 2297 100 2332 mt
121 2291 321 2343 Che-oncle,
352 2305 374 2331 e
392 2291 557 2345 Philyra
574 2292 763 2346 Nympha

25 2354 67 2389 ot
91 2351 293 2401 saturno,
326 2357 368 2390 et
386 2352 683 2403 Melampodis,
711 2365 762 2390 ex

24 2406 293 2462 Amythaone,
312 2408 480 2448 Aesonis
499 2409 640 2460 fratre,
662 2410 760 2459 nati,

24 2479 201 2519 quorum
229 2467 298 2507 lu'c
327 2467 491 2520 quidem
518 2467 697 2520 auguriis
723 2473 763 2506 et

23 2529 260 2580 καθαρμοῖς
275 2526 451 2565 maxime
465 2525 636 2564 illustris
652 2526 763 2578 apud

24 2588 186 2636 poetas,
216 2585 320 2624 alter
338 2597 438 2623 vero
464 2583 611 2623 herbis.
659 2584 763 2623 Nam

25 2638 108 2681 hoc
140 2641 320 2682 Mal-tino
345 2643 388 2682 in
417 2648 596 2681 mentem
622 2642 763 2681 venire

4 2751 9 2752 ⁷
25 2712 111 2739 non
126 2699 323 2751 debebat,
362 2707 412 2740 ut
430 2699 539 2740 hanc
556 2700 763 2740 narratio-

25 2769 122 2796 nem
147 2758 202 2797 ad
227 2757 555 2812 Argonautarum
579 2766 762 2812 tempora

25 2815 210 2855 referret.

87 2873 169 2916 551
195 2895 255 2904 -
279 2873 379 2916 553.
442 2873 593 2913 Versus
644 2873 762 2927 longe

27 2930 362 2984 praestantissimi
391 2937 434 2969 et
459 2932 621 2983 pictura
651 2932 762 2971 omni

27 2988 285 3039 vividiores,
320 2988 489 3041 neglecti
532 2995 670 3029 tamen
709 2990 759 3029 ab

1201 1661 1271 1698 556
1297 1670 1460 1708 stragem
1488 1661 1556 1695 dot

909 1798 933 1819 le

819 1827 955 1882 Intpp.
1016 1829 1071 1867 Ει
1098 1828 1266 1881 pallida
1292 1825 1510 1878 Tiszplzone
1532 1838 1554 1864 e

821 1887 975 1939 Stygiis,-
993 1886 1160 1926 tenebris
1189 1890 1233 1925 in
1249 1887 1382 1924 lucem
1401 1883 1554 1923 emitti-

818 1951 888 1983 tur
906 1975 917 1995 ,
967 1951 1039 1983 aut
1060 1975 1071 1995 ‚
1120 1944 1232 1997 quod
1267 1942 1430 1996 gravius
1469 1948 1553 1992 est,

819 2005 968 2041 emissa
1002 2006 1155 2052 saevit,
1208 2009 1250 2041 et
1277 2011 1371 2040 ante
1394 2015 1437 2038 se
1463 2003 1555 2052 agit

824 2060 988 2099 Morbos
1007 2075 1058 2099 ac
1078 2063 1219 2099 Metus
1232 2091 1243 2110 ‚
1288 2065 1327 2097 et
1349 2071 1463 2096 more
1481 2071 1553 2096 eo·—

821 2132 916 2159 rum
938 2118 1108 2158 deorum
1121 2149 1133 2169 ‚
1164 2119 1235 2170 qui
1247 2116 1478 2156 hominibus
1497 2116 1554 2154 si-

821 2189 873 2215 ve
898 2182 1067 2228 augusta
1099 2177 1183 2216 sive
1224 2174 1394 2215 terribili
1424 2175 1554 2212 forma

822 2235 1095 2287 apparebant,
1124 2234 1174 2273 fit
1194 2234 1324 2272 maior
1342 2232 1553 2283 maiorque

821 2290 932 2347 (vid.
964 2293 1009 2331 in
1037 2293 1133 2332 Exc.
1162 2291 1336 2331 XIII‘ad
1365 2291 1463 2329 Aen.
1486 2288 1551 2344 1),

819 2353 1029 2403 surgitque
1066 2351 1167 2390 adeo
1204 2356 1245 2388 et
1273 2349 1387 2404 effert
1429 2356 1552 2399 caput
1584 2377 1595 2383 .«

820 2409 989 2447 avidum
1003 2439 1015 2458 ,
1064 2409 1159 2461 quia
1191 2408 1279 2461 ipsa
1315 2413 1376 2446 est
1410 2405 1552 2445 mortis

822 2467 959 2517 avida,
990 2467 1119 2505 imlies
1143 2467 1282 2505 altius.
1300 2487 1359 2495 —-
1395 2465 1553 2503 Interea

820 2525 1002 2577 undique
1028 2525 1135 2564 circa
1158 2525 1287 2577 ipsam
1310 2529 1494 2562 armenta
1514 2528 1554 2560 et

819 2596 955 2636 greges
976 2589 1202 2636 aegrotant,
1233 2596 1332 2621 mox
1355 2581 1435 2620 toti
1458 2593 1552 2633 gre-

819 2655 885 2694 ges
928 2647 1103 2694 peieunt
1146 2639 1231 2684 554
1255 2662 1314 2670 —
1344 2640 1459 2683 557·
1449 2669 1461 2690 ,
1509 2644 1552 2676 at

820 2705 976 2751 quanto
1014 2699 1177 2739 feralius
1219 2699 1306 2751 ipsa
1346 2697 1420 2736 dea
1459 2696 1547 2745 dat,

820 2757 928 2815 edit,
956 2766 1137 2810 strageS,
1171 2762 1267 2796 etc..
1258 2757 1267 2783 ⁸
1296 2755 1469 2795 Priora
1457 2754 1550 2793 imi-

818 2822 931 2855 tatus
977 2822 1039 2855 est
1077 2815 1239 2854 Gratius
1286 2814 1432 2865 Cyneg.
1465 2813 1549 2854 373

825 2874 948 2925 Quod
964 2876 1048 2913 sive
1063 2888 1093 2912 α
1114 2874 1259 2925 Stygia
1276 2873 1424 2909 Letum
1443 2871 1549 2907 Pm-

819 2934 983 2984 serpina
1002 2940 1114 2970 nocte
1138 2930 1296 2969 Extulit
1312 2958 1323 2977 ,
1356 2928 1550 2973 etssfihn'is

803 2990 1077 3029 'commissam
1109 2988 1315 3027 ulciscitur
1340 2987 1445 3024 iram
1460 3015 1472 3034 ‚
1504 2983 1547 3023 h.
