1734 3320
179 245 281 294 448

515 243 570 292 Ρ.
606 242 963 294 VIRGILII
1009 240 1386 292 MARONIS

181 368 420 426 Semina;
456 384 594 418 neve
617 367 735 418 olea
761 367 1011 418 silvestris
1030 369 1206 418 insere
1224 378 1468 420 truncos:
1500 360 1504 366 ’

177 442 315 489 Nam
340 454 499 505 saepe
519 438 741 488 incautis
763 438 1066 505 pastoribus
1088 438 1279 505 excidit
1298 440 1431 505 ignis
1447 480 1460 503 ‚

180 509 305 572 Qui,
347 506 536 558 furtim
556 509 740 575 pingui
760 509 1000 576 primum
1021 509 1118 558 sub
1144 510 1341 560 cortice
1365 517 1562 572 tectus,

177 579 399 631 Robora
423 578 763 645 conprendit,
789 577 1125 646 frondesque
1148 579 1354 647 elapsus
1378 581 1434 630 in
1455 578 1579 630 altas
1600 579 1702 630 305

250 678 366 725 302.
402 674 554 722 NEVE
576 685 743 721 oLEAE

225 814 296 849 302
322 813 404 847 olea
429 811 569 853 Medic.,
594 811 690 857 quod
714 812 975 846 incommodum
1002 820 1115 855 esset3
1151 825 1224 847 nou
1255 814 1347 848 enim
1371 814 1431 848 hic
1458 814 1504 848 de
1533 812 1702 847 insitione

180 861 308 906 agitur.
344 862 508 894 inserere
525 858 584 892 hic
602 865 656 891 est
674 857 899 893 interserere.
928 860 1054 905 (Oleas
1072 861 1166 907 apud
1185 863 1212 894 F
1215 861 1333 906 oggin.
1352 868 1388 895 et
1405 861 1488 896 hinc
1507 867 1591 895 nata
1608 859 1704 893 haud

180 908 286 942 dubie
306 907 523 952 reliquorum
544 905 647 939 codd.
665 905 773 941 lectio
796 906 909 941 oleae.
959 907 1077 952 Sigma
1102 920 1121 941 e
1137 908 1299 954 proximo
1327 920 1405 943 voc.
1428 909 1618 943 silvestres
1635 907 1703 941 ad-

178 955 305 989 haesit.
338 956 470 988 Veram
485 952 676 986 lectionem
699 954 799 994 olea,
826 966 928 999 quam
945 954 1097 996 restitui,
1122 967 1228 1001 quum
1248 956 1424 990 sententia
1436 962 1568 997 tuetur,
1601 967 1703 1001 quam

181 1001 352 1048 explicavi
370 1000 407 1034 in
421 1000 548 1041 Notis,
572 1006 647 1032 tum
659 1026 668 1041 ,
692 1007 837 1046 praeter
857 1001 1007 1035 Plinium
1027 1002 1064 1035 in
1081 1003 1167 1036 Not.
1187 1002 1386 1047 laudatum,
1410 1002 1601 1045 Palladius,
1624 1015 1704 1036 ma—

179 1050 310 1083 nifesto
330 1049 418 1082 haec
437 1047 515 1093 ipsa
532 1046 676 1092 Virgilii
696 1048 805 1081 verba
822 1049 1034 1094 respicienS‚
1066 1051 1112 1092 V,
1136 1051 1191 1085 2:
1217 1052 1344 1093 „Nunc
1365 1050 1456 1085 locis
1482 1049 1703 1096 temperatis,

180 1097 273 1131 oliva
292 1096 479 1129 inseratur.
506 1115 550 1119 —
572 1115 615 1119 —
653 1095 724 1129 Sed
739 1102 779 1128 ut
796 1095 952 1130 oleastro
974 1096 1131 1139 inseras,
1157 1104 1282 1131 contra
1308 1097 1417 1141 illud,
1443 1098 1539 1144 quod
1571 1110 1613 1130 ex
1632 1097 1704 1130 oli-

179 1151 262 1178 veto
290 1143 397 1176 insito
435 1148 471 1175 et
502 1154 583 1176 casu
609 1140 754 1176 incenso
779 1143 977 1178 renascitur
1006 1143 1160 1178 oleaster
1185 1144 1329 1187 infelix,
1373 1144 1423 1179 sic
1447 1144 1704 1191 providendum

181 1194 271 1225 est.“
297 1197 363 1224 etc.
398 1189 493 1234 Wr.)

589 1190 660 1225 303
684 1191 765 1223 Iam
791 1202 901 1237 saepe
932 1191 1023 1225 coni.
1052 1191 1173 1226 Heius.
1223 1192 1354 1226 incidit:
1381 1193 1481 1240 ignis
1499 1194 1589 1226 Ven.

180 1235 320 1284 ἐμπέσῃ
337 1232 410 1283 ὕλῃ
427 1238 572 1270 Homer.
591 1236 690 1270 Iliad.
708 1238 739 1280 λ,
766 1237 845 1279 155,
870 1238 935 1272 sed
953 1245 1050 1273 recte
1069 1246 1173 1283 urget
1191 1240 1307 1272 Burm.
1325 1236 1371 1275 τὸ
1391 1241 1562 1274 incautis.

172 1285 314 1333 fortem
331 1283 459 1318 Medic.
479 1296 500 1317 a
515 1296 561 1317 m.
584 1296 637 1330 pr.
673 1293 793 1318 tectas
810 1284 876 1318 sab
892 1286 1028 1320 cortice
1040 1287 1199 1332 primum
1219 1286 1354 1320 Zulich.

1624 1191 1705 1276 a

1449 1286 1519 1323 305
1543 1286 1704 1334 illapsus

181 1333 236 1367 ed.
255 1334 364 1375 Ven.,
389 1331 492 1375 male,
515 1332 629 1365 Burm.
654 1333 784 1377 Georg.
803 1333 831 1375 I,
854 1331 926 1369 244
941 1334 1050 1379 flexu
1074 1334 1226 1369 sinuoso
1246 1332 1406 1368 elabitur
1421 1335 1568 1380 anguis.

181 1453 263 1505 agit
295 1458 437 1506 poeta,
479 1465 564 1490 non
604 1451 654 1490 de
690 1451 913 1491 arboribus,

180 1512 216 1550 Is
250 1511 334 1563 ipse
377 1516 438 1549 est
472 1509 748 1563 Interpretum
786 1523 912 1549 error.

180 1569 362 1609 Primum
379 1568 506 1608 verba
517 1583 576 1608 vs.
590 1571 686 1610 301.
716 1583 795 1607 neu
796 1569 912 1621 ferro

181 1628 296 1667 laede
316 1635 444 1666 retuso
464 1629 619 1665 semina
632 1657 642 1676 ,
674 1626 775 1678 quid
798 1626 914 1666 iubet

183 1686 232 1725 de
257 1685 350 1725 solis
390 1685 544 1725 vitibus
580 1685 774 1737 intelligi?
823 1692 914 1725 tum

181 1758 266 1784 non
295 1749 406 1783 recte
449 1758 510 1783 VS.
543 1745 640 1785 302.
683 1746 808 1781 insere
836 1757 912 1796 pro

181 1805 363 1841 intersere
384 1801 540 1840 dictum
558 1801 716 1840 volunt.
747 1801 804 1839 De
816 1815 914 1840 vera

180 1860 372 1899 insitione
392 1860 505 1911 loqui
520 1865 701 1912 poetam,
739 1859 915 1898 clamant

181 1933 261 1959 VSS.
280 1920 376 1960 313.
398 1916 494 1959 314.
525 1917 646 1956 Vetat
667 1923 788 1970 poeta
807 1918 917 1956 oleae

182 1976 365 2016 surculos
385 1975 566 2015 oleastris
593 1975 737 2025 inseri;
774 1976 916 2014 incen—

184 2034 250 2074 dio
272 2034 378 2073 enim
396 2033 510 2072 facile
530 2034 685 2072 absumi
695 2034 776 2072 tale
794 2034 917 2073 arbo-

182 2099 317 2132 retum
328 2107 339 2143 3
367 2092 479 2143 quod.
495 2092 529 2131 si
545 2092 640 2142 fiat,
671 2106 755 2130 non
775 2093 839 2131 sui
857 2092 917 2131 si-

182 2152 294 2191 miles
332 2151 495 2189 arbores
533 2150 796 2201 revirescere,
846 2150 918 2190 sed

185 2210 424 2262 degenerare
461 2223 603 2248 rursus
637 2208 681 2247 in
710 2208 915 2248 oleastros.

182 2269 240 2306 De
267 2267 418 2307 vitibus
450 2267 519 2319 qui
556 2266 658 2306 haec
699 2267 916 2320 accipiunt,

183 2326 353 2366 videant
371 2325 563 2378 primum,
594 2339 717 2377 quam
736 2325 820 2365 vim
836 2324 916 2364 ha-

183 2385 279 2423 beat
304 2383 408 2423 illud
437 2385 586 2435 similes
617 2398 675 2423 VS.
692 2386 811 2435 313.;
840 2397 916 2423 ne-

185 2448 333 2495 gantur
372 2442 581 2481 reverti
619 2454 793 2494 posse3
824 2448 867 2481 at
884 2442 917 2480 si

184 2515 270 2539 non
295 2505 464 2552 possunt
505 2500 681 2549 reverti,
731 2500 916 2552 ineptum

186 2564 274 2598 erat
290 2557 370 2596 hoc
398 2557 586 2596 adiicere:
617 2570 715 2596 nec
744 2558 822 2597 sui
851 2558 916 2596 si-

185 2617 333 2657 miles
362 2616 567 2655 reverti
596 2628 757 2668 posse.
787 2617 915 2654 Porro

185 2674 282 2715 vide
316 2674 477 2712 inanem
509 2680 701 2713 ornatum
728 2687 787 2713 vs.
819 2672 915 2715 314.

173 2733 297 2787 foliis
319 2734 487 2770 amaris.
550 2732 631 2771 Sed
650 2738 758 2770 tersa
783 2731 916 2770 omnia

187 2798 230 2830 et
266 2803 466 2842 congrua,
505 2789 539 2828 si
577 2804 707 2828 meam
738 2788 915 2840 sequeris

187 2847 583 2902 interpretationem:
642 2861 726 2886 non
774 2859 916 2886 rever-

187 2914 336 2947 tuntur
364 2906 543 2955 arbores,
588 2905 614 2944 i.
647 2918 679 2944 e.
707 2918 792 2943 non
824 2917 915 2954 eae,

191 2979 293 3018 quae
313 2964 435 3004 modo
465 2964 653 3012 fuerant,
691 2962 762 3000 sed
797 2962 917 3001 dissi-

189 3024 320 3075 miles3
358 3022 524 3073 infelix,
562 3020 781 3062 infecunda
811 3019 917 3059 redit

973 1453 1114 1503 arbor,
1148 1467 1230 1492 non
1259 1452 1420 1504 sertilis3
1457 1451 1555 1491 hinc
1584 1452 1705 1491 etiam

973 1511 1123 1564 optime
1156 1511 1231 1550 sibi
1270 1511 1522 1564 respondent
1551 1511 1704 1549 similes

972 1575 1013 1608 et
1022 1569 1148 1622 foliis
1179 1571 1349 1608 amaris.
1410 1569 1592 1621 Denique
1618 1567 1703 1607 vid.

970 1628 1017 1668 V.
1036 1628 1079 1666 L.
1098 1641 1156 1667 vs.
1175 1630 1271 1670 302.
1299 1627 1419 1683 Wr.)

1030 1688 1126 1728 301.
1159 1689 1255 1728 302.
1301 1686 1356 1724 De
1385 1685 1466 1725 hoc
1487 1691 1704 1739 praecepto

971 1743 1054 1784 vid.
1096 1744 1251 1783 Colum.
1288 1744 1365 1795 IV,
1403 1743 1481 1794 24,
1525 1746 1594 1786 21.
1635 1746 1704 1785 22.

972 1805 1068 1844 302.
1100 1802 1288 1852 Semina,
1322 1803 1487 1853 surculi,
1523 1815 1707 1841 sarmen-

973 1866 1037 1910 ta,
1069 1873 1171 1912 quae
1189 1860 1311 1899 modo
1323 1861 1510 1912 plantae.
1554 1863 1702 1902 302—

975 1917 1072 1960 314.
1112 1918 1195 1957 Nec
1236 1921 1387 1967 insere,
1437 1933 1468 1958 s.
1510 1918 1705 1957 intersere

975 1976 1168 2015 oleastros
1189 1976 1296 2016 inter
1326 1977 1451 2027 vites3
1481 1976 1576 2028 quia
1595 1982 1706 2015 tam-

975 2048 1097 2086 quam
1130 2034 1255 2088 spissa
1300 2041 1341 2073 et
1385 2035 1543 2088 pinguis
1583 2034 1706 2073 arbor

977 2091 1076 2146 (vid.
1097 2092 1363 2146 Theophrast.
1384 2093 1490 2133 Hist.
1508 2093 1639 2150 Effingit.
1657 2092 1704 2142 V,

979 2153 1032 2193 10
1056 2149 1216 2193 πυκνόν
1238 2150 1308 2192 καὶ
1332 2148 1554 2204 λιπαρόν),
1589 2151 1705 2190 facile

973 2209 1105 2261 ignem
1125 2209 1322 2262 concipit,
1354 2216 1396 2248 et
1418 2209 1605 2249 incendio
1623 2209 1705 2247 late

974 2281 1114 2319 sparso
1159 2274 1292 2307 totam
1340 2268 1502 2308 vineam
1554 2273 1704 2307 vastat.

972 2325 1077 2365 Male
1090 2323 1228 2379 (immo
1244 2327 1374 2366 recte!
1392 2326 1476 2367 vid.
1497 2339 1600 2378 quae
1620 2325 1704 2364 dis-

972 2384 1206 2437 putavimus
1220 2385 1263 2423 in
1277 2384 1367 2424 Not.
1380 2384 1432 2423 ad
1447 2397 1525 2424 vss.
1538 2386 1634 2426 299.
1646 2396 1703 2435 sq.

974 2442 1084 2480 unde
1115 2443 1237 2483 etiam
1266 2443 1423 2494 reliqua
1464 2442 1514 2481 ab
1545 2441 1703 2494 Heynio

973 2514 1058 2538 non
1090 2501 1185 2539 satis
1209 2506 1316 2539 recte
1345 2500 1529 2554 exposita
1566 2512 1704 2538 emen-

975 2557 1072 2596 dare
1091 2559 1204 2597 facile
1224 2558 1388 2611 poteris.
1413 2555 1531 2610 Wr.)
1562 2556 1632 2596 hic
1653 2556 1704 2595 de

973 2615 1160 2655 insitione
1194 2616 1373 2655 olearum
1405 2615 1606 2667 cogitabat
1629 2614 1705 2654 Vi-

975 2679 1076 2713 ctor.
1107 2673 1160 2712 ad
1186 2674 1358 2714 Varron.
1386 2673 1423 2722 I,
1448 2673 1518 2723 40,
1547 2673 1586 2715 4.
1647 2673 1703 2711 De

975 2731 1147 2770 oleastro
1185 2731 1281 2770 oleis
1307 2731 1546 2784 interposito
1586 2730 1705 2769 Sabi-

972 2803 1068 2837 nuS‚
1099 2802 1323 2841 perperam.
1381 2789 1531 2828 Mirum
1551 2788 1604 2827 ad
1622 2802 1703 2827 no-

973 2852 1150 2886 strarum
1178 2847 1389 2886 vinearum
1411 2847 1612 2886 rationem
1635 2846 1706 2886 vi-

974 2904 1061 2943 deri
1090 2904 1229 2956 debet,
1273 2906 1316 2944 in
1343 2905 1461 2945 vinea
1485 2905 1608 2944 talem
1627 2917 1705 2956 pa·-

973 2968 1130 3001 storum
1159 2963 1358 3002 incuriam
1388 2963 1525 3002 locum
1553 2961 1705 3001 habere

972 3021 1170 3073 potuisse3
1201 3027 1242 3060 at
1264 3022 1307 3061 in
1329 3021 1467 3061 Italiae
1484 3020 1612 3061 vineis
1632 3031 1706 3058 seu
