1768 3320
605 174 1122 259 ARGUMENTA

1453 196 1625 241 cmm

98 310 284 356 Iunonis
309 298 490 353 monitu
512 307 702 351 Turnus
725 305 907 350 festinat
933 306 979 349 in
1009 303 1198 349 hostem.

13 382 20 387 ’
97 369 388 421 Teucrorum
410 381 571 420 naves,
599 363 782 415 Rutulis
801 362 1101 415 iaculantibus
1118 364 1286 421 ignem,

97 425 426 486 Nympharum
447 424 493 467 in
515 423 710 482 speciem
733 421 886 474 divino
909 421 1100 469 numine
1122 426 1284 465 versae.

102 483 286 543 Euryali
307 490 351 526 et
369 482 465 525 Nisi
485 481 656 540 coeptis
675 479 767 523 fuit
786 479 936 524 exitus
957 479 1121 537 impar.
1195 513 1197 516 .

1574 480 1630 524 95

98 542 344 599 Pugnatur.
403 539 558 583 Castra
581 537 811 590 Aeneadae
830 536 1095 640 vallumtllue
1118 544 1320 581 tuentur.

98 599 323 642 Audacem
346 596 596 640 Remulum
617 595 693 638 dat
716 595 807 639 leto

97 655 170 708 Fit
188 656 256 701 via
276 656 334 700 vi.
392 655 581 698 Turnus
603 653 748 706 Bitian
774 661 821 696 et
832 594 991 696 Placet

1033 594 1150 639 ulus.

2 705 5 710 r
871 652 1075 701 andarou
1099 652 1247 698 altum

27 715 30 717 ’
96 714 274 771 Deiicit,
306 720 351 757 et
370 713 478 756 totis
501 713 644 755 victor
660 710 736 754 dat
758 709 917 754 funera
942 711 1108 754 castris.

96 771 286 830 lamque
304 770 516 830 fatigatus
535 769 690 828 recipit
711 784 759 812 se
779 769 825 811 in
849 775 991 812 castra
1013 783 1220 812 suorum.

1551 770 1632 810 100

727 869 1006 908 DECI'MI

102 943 356 990 Consilium
378 944 499 990 Divis
523 943 768 987 hominum
794 942 850 985 de
866 941 1005 985 rebus
1027 941 1231 986 habetur.

99 1003 274 1048 Interea
295 1003 454 1046 Rutuli
475 1002 620 1062 portis
640 1002 809 1044 circum
831 999 1045 1043 omuibus
1065 1000 1243 1044 instant.

102 1061 291 1105 Advenit
312 1063 480 1104 Aeneas
502 1059 659 1103 multis
681 1074 786 1102 cum
806 1056 1007 1101 millibus
1032 1056 1179 1101 heros.

99 1119 223 1163 Mars
241 1125 394 1170 vocat,
426 1126 469 1161 et
487 1117 595 1161 totis
615 1117 660 1160 in
679 1130 883 1182 pugnam
904 1115 1072 1167 viribus
1096 1116 1205 1164 itur.

102 1177 327 1220 Interimit
344 1175 543 1220 Pallanta
564 1182 726 1234 potens
749 1189 795 1217 1n
820 1173 986 1238 praelia
1003 1173 1206 1217 Turnus,

1553 1176 1635 1219 105

101 1235 454 1292 Caedunturque
474 1233 629 1277 duces:
658 1231 772 1275 cadit
793 1239 838 1275 et
855 1246 951 1274 sine
971 1232 1159 1275 nomine
1176 1231 1347 1290 vulgus.

101 1292 397 1336 Subtrahitur
417 1306 598 1351 pugnae
619 1289 806 1333 Iunonis
826 1289 1015 1332 numine
1032 1289 1233 1333 Turnus.

101 1351 269 1394 Aeneas
299 1356 471 1409 perstat
496 1348 690 1392 Mezenti
716 1347 848 1391 caede
873 1346 1005 1405 piata,

102 1408 162 1451 Et
178 1409 378 1452 Lausum
398 1407 558 1451 invicta
580 1405 764 1464 perimit
786 1419 870 1463 per
896 1403 1083 1448 vulnera
1108 1403 1284 1447 dextra.

102 1465 218 1510 Mox
239 1465 363 1510 ultor
383 1465 478 1509 uati
494 1462 745 1508 Mezentius
765 1461 928 1505 occidit
946 1462 1054 1521 ipse.

1553 1467 1636 1508 110

670 1566 1065 1602 UNDECIMI

0 1628 9 1689 ⁸,
43 1638 46 1644 ¹
104 1640 351 1684 Constituit
368 1638 505 1682 Marti
524 1638 782 1696 spoliorum
804 1651 862 1679 ex
881 1635 1013 1682 hoste
1029 1642 1289 1693 tropaeum.

106 1698 474 1755 Exanimumque
492 1697 610 1755 patri
625 1702 784 1738 natum
811 1693 1007 1736 Pallanta
1029 1693 1233 1736 remittit.

104 1755 209 1800 Iura
230 1754 491 1813 sepulturae
508 1752 667 1796 tribuit
685 1759 776 1795 tem
783 1766 960 1818 pusque
982 1751 1161 1794 Latini&

103 1812 310 1857 Evander
329 1812 502 1871 patrios
521 1809 710 1854 affectus
727 1809 817 1852 edit
841 1824 883 1852 in
905 1808 1028 1852 urbe.

104 1871 312 1930 Corpora
336 1885 459 1915 caesa
481 1869 630 1913 virum
653 1868 818 1927 passim
843 1867 1008 1926 digesta
1025 1873 1297 1910 cremantur.

1556 1868 1636 1911 115

103 1929 255 1987 Legati
276 1926 482 1972 referunt
498 1926 746 1970 Diomeden
769 1940 894 1968 arma
914 1939 1109 1983 negasse.

103 1988 300 2030 Drances
321 1994 365 2029 et
383 1985 572 2028 Turnus
585 2016 597 2038 ,
626 1983 744 2042 leges
764 1990 980 2040 aequante
1001 1982 1176 2034 Latino,

105 2044 398 2088 Concurrunt
413 2043 552 2086 dictis.
613 2043 780 2085 Aeneas
799 2041 1008 2084 imminet
1030 2039 1146 2083 urbi.

105 2103 350 2160 Pugnatur.
408 2101 606 2143 Vincunt
628 2100 789 2144 Troes.
849 2098 978 2141 Cadit
1002 2098 1090 2141 icta
1109 2095 1310 2140 Camilla.

104 2159 275 2204 Deinde
293 2159 426 2203 duces
442 2158 595 2202 castris
605 2189 618 2210 ,
649 2157 791 2201 donec
808 2171 994 2208 cessere,
1024 2155 1273 2199 minantur.

1555 2157 1636 2197 120

641 2259 1086 2296 DUODECIMI

105 2333 293 2377 Turnus
313 2334 405 2376 iam
424 2332 576 2376 fractis
592 2331 779 2375 adverso
800 2331 945 2374 Marte
962 2328 1129 2372 Latinis

105 2391 259 2434 Semet
280 2392 327 2434 in
347 2406 473 2434 arma
494 2398 647 2449 parat,
678 2404 835 2448 pacem
857 2388 1064 2446 cupiente
1081 2386 1255 2430 Latino.

106 2448 280 2493 Foedus
297 2449 551 2507 percutitur
570 2448 767 2507 passuris
788 2446 941 2490 omnia
962 2444 1097 2489 victis.

153 2601 203 2636 92
224 2599 276 2634 ad
292 2599 422 2634 hostes·
441 2601 487 2635 V.

157 2671 225 2705 101
249 2670 291 2703 In
306 2669 450 2704 Viecht.
467 2669 681 2716 praemissus
698 2668 758 2702 hic
770 2680 820 2702 vs.
834 2681 842 2701 :

111 2716 251 2750 Occidit
280 2720 432 2753 Aeneae
465 2717 604 2752 decimo
637 2717 845 2751 Mezentius

109 2774 183 2796 ινα.

129 2877 138 2885 -
157 2831 227 2868 108
250 2828 412 2868 Mezenti
439 2833 570 2875 caede,
602 2832 641 2867 h.
656 2845 680 2867 a
694 2831 845 2867 Mezen—

108 2884 163 2912 no
190 2878 307 2921 faeta5
343 2887 497 2926 stragem
525 2880 763 2915 Troianorum
800 2879 844 2913 ab

110 2937 155 2959 eo
197 2925 333 2959 editam
371 2926 563 2962 ulciscitur.
618 2928 730 2962 Forte
757 2926 844 2960 fuit:

103 2973 236 3020 piare,
268 2978 409 3018 perstat
435 2974 473 3008 in
501 2985 567 3016 eo,
599 2980 640 3008 ut
656 2974 753 3019 piet,
779 2985 846 3007 ex-

900 2595 975 2643 piet
986 2620 1010 2650 Ξ.
1020 2594 1229 2637 ulciscatur,
1251 2604 1396 2637 caesoS,
1419 2600 1535 2628 morte
1554 2594 1636 2628 Me-

900 2649 1024 2678 zentu.

949 2691 1016 2726 111
1050 2691 1091 2723 In
1124 2687 1269 2722 Vieeht.
1300 2686 1542 2734 praemittitur
1577 2687 1636 2721 hic

900 2749 973 2772 vs.:
1005 2736 1204 2771 Undecimo
1221 2736 1319 2770 victa
1346 2742 1404 2769 eat
1421 2746 1498 2769 non
1518 2746 1636 2781 aequo

901 2786 1029 2821 Mane
1050 2783 1215 2818 Consiua.

951 2832 1020 2867 119
1041 2831 1123 2865 alta
1141 2831 1187 2864 V.

950 2879 1018 2914 121
1040 2876 1230 2911 Praecedit
1254 2875 1292 2908 in
1316 2873 1460 2910 Viecht.
1487 2872 1548 2907 hic
1564 2884 1633 2905 vs.:

901 2925 1126 2959 Duodecimo
1162 2926 1315 2958 Turnus
1344 2921 1482 2956 divinis
1506 2918 1636 2954 occidit

902 2983 1028 3007 armac.

1263 3023 1300 3072 k
1327 3028 1356 3061 *
