1768 3320
174 210 283 258 282

519 206 587 257 Ρ.
625 205 991 257 VIRGILII
1036 209 1419 260 MARONIS

174 331 340 383 Liber
359 339 412 381 et
433 329 570 383 alma
589 332 784 400 Ceres,
818 343 998 386 vestro
1019 334 1063 386 si
1083 350 1315 385 munere
1335 333 1496 386 tellus

246 431 293 478 7.
330 440 487 475 LIBER
498 466 511 491 ,
551 441 739 489 CERE53

222 554 246 591 7
271 561 396 589 vestro
416 555 452 588 si
466 555 617 589 numine
636 553 767 589 Medic.
793 567 815 589 a
830 567 875 589 m.
895 567 964 590 sec.
993 562 1031 589 et
1051 556 1166 590 Colot.
1189 568 1266 591 cum
1283 556 1417 593 Arund.
1466 555 1632 602 (munere
1651 559 1707 586 est

174 600 276 647 prior
291 601 399 636 lectio
417 601 591 645 Medicei,
625 602 739 637 altera
765 603 926 637 numine.

973 605 1090 648 Atque
1110 603 1180 637 huc
1206 603 1303 637 haud
1330 602 1437 638 dubie
1458 601 1616 648 pertinet
1632 599 1706 643 illa,

174 648 293 683 alieno
314 648 397 683 loco
424 648 542 690 illata,
574 649 718 693 notula,
754 661 844 695 quae
866 648 960 683 inter
980 650 1148 684 Serviana
1175 650 1328 695 legitur,
1358 662 1411 685 vs.
1433 651 1468 686 6.
1499 649 1543 684 ab
1564 647 1704 693 Heynio

174 695 338 738 laudata3
372 696 450 742 quis
477 695 570 732 enim
595 702 722 741 putet,
751 696 803 730 ita
823 696 876 730 ibi
897 696 1083 741 scripsisse
1101 697 1310 742 Virgilium:
1344 697 1551 732 clarissima
1579 695 1707 729 mundi

174 743 352 779 numina?
391 743 491 789 quasi
510 755 583 777 non
606 742 723 788 ipsum
749 741 940 789 epitheton
974 744 1182 779 clarissima
1206 756 1283 778 eam
1308 743 1512 790 opinionem
1541 741 1704 777 refellat!

174 790 338 827 ceterum
354 792 405 827 sit
420 802 486 837 pro
505 792 540 825 si
554 791 683 825 Medic.
705 803 726 826 a
746 803 792 826 m.
808 803 862 838 pr.
894 790 992 836 Wr.)
1028 800 1160 827 nostro
1179 793 1271 829 Ven.

175 896 403 951 Argutatur
432 897 611 937 Macrob.
647 896 677 948 I,
709 899 762 941 16
791 902 912 948 extr„

176 956 246 1009 qui
272 962 453 996 veterem
480 956 666 996 lunarem
699 961 740 994 et
756 969 913 995 novum

176 1015 351 1054 solarem
382 1014 581 1054 declarari
618 1013 724 1054 vult.
761 1013 915 1054 ducunt

176 1079 314 1112 autem
331 1087 486 1111 annum
502 1073 616 1111 caelo
627 1103 638 1123 ,
668 1071 710 1111 h.
725 1072 770 1111 in
790 1072 914 1122 caelo,

175 1131 218 1170 in
236 1145 317 1184 quo
335 1131 423 1184 ipsa
438 1130 632 1171 oriuntur
650 1136 691 1170 et
709 1130 916 1181 occidunt,

176 1195 220 1229 et
247 1204 324 1243 pro
343 1203 466 1229 cursu
484 1190 579 1228 anni
589 1220 600 1240 ,
636 1189 742 1229 dixit
757 1203 914 1228 annum

175 1247 375 1287 labentem
392 1279 404 1299 ,
443 1247 761 1301 procedentem3
801 1246 914 1300 quod

174 1307 389 1360 proprium
415 1306 466 1345 de
498 1306 693 1359 temporis
714 1306 810 1358 fuga
840 1319 914 1345 seu

177 1365 354 1404 decursu
372 1370 444 1403 est.
490 1365 539 1404 In
556 1378 663 1417 seqq.
678 1364 837 1403 incerta
853 1370 914 1404 est

175 1422 486 1476 interpretatio:
521 1424 654 1462 sintne
679 1423 915 1462 lumina—.-

177 1481 303 1522 Liber
324 1490 361 1520 et
387 1481 503 1520 alma
533 1482 646 1521 Ceres
671 1494 746 1535 per
768 1493 918 1534 epexe-

176 1540 288 1593 gesin
313 1540 424 1579 dieta
445 1546 485 1579 et
502 1540 656 1590 iuncta,
688 1554 742 1579 an
759 1539 840 1578 sint
851 1538 917 1578 di-

175 1612 307 1639 versa.
366 1599 439 1637 Est
462 1599 506 1637 in
541 1605 718 1651 utraque
743 1598 915 1648 ratione,

177 1657 290 1710 quod
323 1656 438 1696 iuvet
456 1687 467 1707 ,
518 1664 560 1696 et
591 1657 703 1709 quod
741 1661 913 1710 premat.

177 1716 221 1755 Si
250 1715 409 1754 diversa
436 1722 555 1766 sunt,
585 1715 645 1754 ita
664 1721 714 1755 ut
735 1716 909 1764 lamma,

177 1773 376 1813 labentem
395 1774 508 1812 caelo
533 1788 639 1828 quae
669 1774 816 1812 ducitis
834 1787 915 1823 an·-

177 1846 296 1882 mam,
337 1832 419 1870 sint
448 1832 518 1870 Sol
543 1838 585 1871 et
612 1831 749 1881 Luna,
788 1836 915 1882 utque

178 1890 488 1942 subiungantur,
508 1895 718 1942 tamquam
739 1889 914 1938 diversa,

179 1948 304 1987 Liber
321 1955 362 1987 et
384 1948 496 1987 C'eres
507 1964 523 1997 ,·
557 1948 662 1988 dura
686 1954 745 1987 est
767 1947 914 1997 oratio,

179 2006 292 2059 quod
309 2006 422 2046 nulla
430 2007 665 2060 interposita
683 2013 742 2045 est
757 2006 914 2059 copula.

179 2065 264 2104 Nisi
295 2066 402 2104 forte
429 2065 487 2104 sic
517 2066 648 2105 oratio
677 2065 917 2104 continuata

180 2123 252 2162 sit:
289 2125 335 2164 V
330 2138 374 2162 os
385 2154 396 2174 ,
429 2138 451 2162 ο
469 2124 647 2175 lumina,
663 2146 723 2155 —-
742 2121 802 2179 (et
821 2120 913 2177 vos)

179 2181 305 2221 Liber
330 2190 368 2220 et
397 2182 512 2221 alma
547 2182 683 2232 Ceres,
702 2204 760 2213 --
787 2189 824 2220 et
845 2195 917 2220 vos

181 2242 321 2280 Fauni
336 2241 604 2294 Dryadesque
619 2241 730 2294 ferae
747 2239 912 2292 pedem,

181 2299 330 2338 adeste.
403 2299 465 2337 Ita
492 2299 716 2339 communis
745 2297 916 2351 mytho-

179 2371 274 2397 rum
301 2370 419 2407 USUS,
460 2370 580 2409 quem
606 2364 746 2397 tenere
776 2357 837 2396 sas
855 2361 917 2395 est

179 2422 362 2471 poetam,
393 2421 594 2455 servatur.
653 2416 786 2455 Etiam
806 2414 917 2468 apud

182 2475 406 2516 Varronem
423 2474 508 2512 RR.
528 2474 559 2524 I,
576 2474 650 2524 1,5
670 2474 714 2513 in
738 2474 819 2512 XII
841 2473 917 2512 diis

180 2533 344 2574 rusticis
370 2533 448 2571 ista
475 2532 645 2571 numina
664 2533 772 2572 inter
792 2545 832 2571 se
852 2531 917 2570 di-

181 2593 458 2645 stinguuntur.
528 2590 655 2640 Quod
693 2590 726 2629 si
753 2590 814 2629 ita
848 2589 918 2628 Sol

181 2658 223 2691 et
250 2653 377 2689 Luna
400 2649 514 2701 serre
536 2648 686 2700 pedem
727 2648 806 2687 dici
835 2662 916 2701 pu-

181 2715 326 2750 tantur
367 2721 513 2761 parum
551 2706 762 2745 commode
783 2737 796 2756 ‚
845 2711 917 2744 aut

181 2766 376 2822 generalis
395 2765 509 2804 notio
532 2764 728 2804 elicienda
750 2770 821 2813 est,
852 2764 918 2802 sa-

182 2833 275 2867 vete
291 2856 302 2876 ,
343 2823 429 2863 sitis
461 2822 654 2876 propitii,
705 2828 778 2860 aut
808 2821 916 2873 cogi«

183 2884 378 2932 tandum,
408 2881 578 2921 numina
595 2880 697 2919 haec
713 2879 799 2932 ipsa
822 2893 916 2919 esse.

184 2945 255 2984 Sin
285 2943 461 2982 alterum
489 2939 601 2992 sequi
618 2939 775 2991 placet,
807 2937 918 2990 quod

182 3003 268 3057 ipse
303 2999 433 3054 probo
454 3029 464 3049 ,
511 3003 559 3038 ut
595 2997 667 3036 Sol
700 3004 737 3034 et
773 2999 914 3046 Lana,

968 910 1068 936 mox
1081 910 1156 951 per
1172 897 1369 936 Liberum
1385 903 1423 936 et
1442 896 1620 935 Cererem
1631 893 1706 933 de-

970 955 1198 997 clarentur:
1226 961 1391 1010 poetam
1416 954 1459 995 11.
1476 954 1504 994 l.
1522 952 1706 1008 philoso-

967 1013 1130 1068 phicam
1163 1010 1396 1068 opinionem
1430 1026 1595 1063 eorum,
1634 1012 1707 1065 qui

971 1073 1102 1112 Solem
1130 1079 1172 1112 et
1208 1074 1366 1113 Lunam
1400 1072 1475 1112 sub
1502 1070 1637 1110 Liberi
1667 1076 1707 1108 et

969 1131 1138 1171 Liberae
1174 1131 1337 1171 nomine
1374 1129 1452 1169 coli
1483 1128 1705 1169 contende-

970 1195 1086 1240 rant,
1117 1203 1202 1243 non
1214 1190 1453 1246 popularem
1472 1187 1606 1240 sequi,
1637 1186 1706 1226 di-

972 1248 1148 1288 cendum
1165 1255 1246 1300 est3
1275 1248 1359 1288 vid.
1375 1246 1556 1288 Macrob.
1569 1247 1654 1285 Sat.
1674 1245 1705 1296 1,

975 1309 1042 1349 18.
1086 1307 1195 1346 Num
1221 1319 1320 1346 vero
1346 1305 1553 1345 doctrinae
1578 1303 1706 1357 copia,

972 1380 1024 1404 an
1039 1371 1183 1418 poetae
1200 1364 1332 1419 graeci
1348 1363 1586 1414 imitatione,
1605 1361 1708 1401 haec

971 1424 1154 1478 posuerit
1175 1453 1187 1474 ‚
1244 1437 1330 1462 non
1375 1419 1564 1461 definiam
1582 1439 1584 1441 >
1599 1434 1707 1464 >cum

972 1481 1175 1535 Euangelo
1212 1481 1324 1535 apud
1357 1480 1536 1520 Macrob.
1565 1477 1706 1530 1,*24.

972 1539 1258 1594 Interpretatio
1286 1539 1387 1579 haec
1423 1539 1638 1587 numinum
1662 1537 1707 1576 in

974 1599 1155 1639 diversos
1192 1611 1332 1638 sensus
1360 1603 1501 1651 poetae
1528 1597 1609 1636 iam
1637 1609 1706 1634 ae-

972 1664 1059 1698 tate
1101 1657 1323 1696 admodum
1356 1655 1706 1708 frequentabatur,

970 1716 1122 1770 partim
1150 1728 1171 1754 e
1203 1714 1540 1768 philosophorum
1565 1713 1707 1767 dispu-

970 1774 1194 1813 tationibus
1210 1803 1222 1824 ,
1263 1779 1314 1813 ut
1347 1773 1459 1826 vulgi
1495 1772 1708 1824 religiones

971 1831 1257 1882 emendarent,
1298 1831 1447 1884 partim
1479 1843 1531 1869 ex
1558 1830 1706 1869 teleta-

969 1905 1064 1931 rum
1084 1889 1272 1929 doctrina
1289 1903 1457 1940 arcana,
1486 1889 1637 1942 partim
1656 1902 1708 1928 ex

971 1948 1273 2003 comparatione
1298 1948 1539 2000 religionum
1574 1962 1597 1986 a
1630 1961 1707 2000 pa-

970 2008 1105 2047 tribus
1124 2012 1395 2059 acceptarum,
1423 2019 1527 2058 quae
1543 2006 1586 2046 in
1603 2019 1707 2057 qua—

973 2079 1051 2119 que
1068 2067 1153 2105 fere
1173 2065 1288 2115 urbe,
1318 2071 1459 2104 tractu
1479 2078 1526 2103 ac
1542 2065 1707 2118 popu10,

974 2125 1156 2164 diversos
1178 2123 1295 2174 ritus,
1327 2123 1536 2177 opiniones
1552 2129 1594 2163 et
1613 2136 1707 2176 my·-

972 2183 1068 2222 thos
1101 2188 1346 2221 sacraverat.
1413 2181 1461 2220 In
1487 2182 1602 2221 nulla
1632 2196 1706 2221 au-

973 2248 1057 2281 tem
1089 2240 1234 2292 magis,
1267 2253 1315 2279 ac
1335 2239 1555 2291 maturius,
1587 2253 1709 2292 quam

972 2300 1016 2340 in
1055 2298 1252 2339 Bacchica
1286 2298 1479 2351 religione
1525 2298 1708 2338 confusio

972 2359 1041 2398 illa
1085 2357 1300 2397 numinum
1340 2363 1382 2395 et
1415 2356 1709 2396 attributorum

973 2416 1177 2468 regnavit:
1209 2414 1322 2468 quod
1342 2415 1493 2453 doc-ent
1511 2415 1578 2455 vel
1596 2414 1710 2454 chori

974 2475 1018 2514 in
1036 2473 1204 2514 Bacchis
1231 2472 1434 2526 Euripidis
1465 2479 1538 2512 aut
1561 2473 1710 2512 chorus

975 2533 1019 2572 in
1037 2531 1246 2585 Sophoclis
1266 2530 1487 2582 Antigone,
1521 2533 1633 2573 1128
1651 2544 1709 2583 sq.

977 2586 1234 2642 Πολυώνυμε
1267 2588 1490 2640 Καδμείας.
1545 2586 1710 2642 (Seiun-

974 2649 1093 2701 gendi
1112 2648 1230 2687 Liber
1249 2654 1291 2686 et
1304 2647 1420 2701 Ceres
1439 2661 1459 2684 a
1483 2646 1710 2698 Sideribus,

974 2721 1070 2745 nam
1101 2712 1143 2744 et
1167 2705 1269 2744 haec
1301 2703 1537 2755 „labentem
1555 2727 1613 2735 -—
1631 2720 1710 2743 αη-

975 2766 1107 2803 num“
1139 2763 1317 2802 siderum
1333 2793 1344 2812 ‚
1378 2768 1417 2800 et
1443 2763 1512 2802 illa
1548 2771 1711 2813 „vestro

976 2824 1013 2861 si
1028 2845 1086 2851 —-
1105 2823 1234 2860 uvis“
1284 2820 1434 2859 Bacchi
1471 2827 1513 2861 et
1544 2820 1711 2871 Cereris,

977 2879 1201 2919 secundum
1230 2878 1469 2932 mythorum
1497 2879 1711 2928 rationem,

977 2937 1143 2992 propria
1169 2944 1277 2976 sunt.
1343 2937 1481 2989 Neque
1518 2937 1561 2976 in
1592 2949 1713 2989 opere

978 2997 1282 3036 rusticanorum
1319 2995 1534 3035 hominum
1573 2995 1711 3034 usibus
