1734 3320
158 239 262 288 676

491 235 546 284 P.
585 233 947 284 VIRGILII
985 233 1363 283 MARONIS

157 366 460 428 IngressuS‚
497 361 781 428 Manisque
807 359 959 425 adiit,
991 362 1316 430 Regemque
1335 360 1706 427 tremendum,

157 433 460 500 Nesciaque
478 431 729 482 humanis
744 431 997 498 precibus
1011 449 1392 483 mansuescere
1411 432 1589 485 corda.
1605 438 1707 487 470

160 507 229 556 At
251 512 412 554 cantu
434 513 724 553 conmotae
747 502 913 552 Erebi
940 501 1010 552 de
1031 502 1252 556 sedibus
1273 504 1395 554 imis

160 575 401 628 Umbrae
427 575 577 624 ibant
601 584 794 624 tenues
821 572 1214 641 simulacraque
1247 574 1368 625 luce
1401 583 1707 626 carentum:

162 649 340 711 Quam
360 645 530 707 multa
550 646 605 694 in
626 643 772 694 foliis
798 644 976 694 avium
998 660 1055 694 se
1072 644 1240 694 millia
1261 645 1530 708 condunt,

162 721 375 785 Vesper
392 716 488 767 ubi
508 724 597 766 aut
618 714 883 765 hibernus
902 715 1007 780 agit
1029 714 1098 765 de
1119 715 1401 766 montibus
1419 715 1620 768 imber:

158 792 384 853 MatreS‚
424 796 585 854 atque
604 786 728 850 viri,
768 784 1136 853 defunctaque
1160 802 1391 854 corpora
1407 787 1512 837 vita

1604 790 1708 839 475

159 859 569 925 Magnanimum
587 856 850 922 heroum,
874 857 1053 924 pueri,
1083 857 1457 926 innuptaeque
1476 857 1707 925 puellae,

159 930 500 998 Inpositique
520 928 664 994 rogis
690 928 913 978 iuvenes
931 937 1055 978 ante
1082 944 1177 978 ora
1201 938 1515 996 parentum3

162 1004 313 1065 Quos
336 1000 538 1050 circum
564 1000 725 1049 limus
742 999 904 1065 niger
930 1007 984 1049 et
1014 997 1280 1049 deformis
1303 999 1514 1051 arundo

156 1072 349 1138 Cocyti
366 1070 630 1139 tardaque
651 1069 803 1137 palus
827 1069 1129 1120 inamabilis
1156 1069 1305 1120 unda

160 1142 393 1209 Adligat,
433 1151 487 1192 et
506 1142 695 1192 novies
717 1143 842 1207 Styx
858 1139 1119 1192 interfusa
1141 1149 1372 1194 coercet.

1603 1142 1707 1192 480

208 1285 280 1321 469
305 1297 376 1332 que
389 1290 474 1331 post
498 1297 626 1319 manes
644 1284 748 1318 abest
768 1297 787 1318 a
805 1284 922 1318 tribus
944 1285 1061 1318 Burm.
1110 1296 1309 1332 manesque
1328 1282 1410 1317 adit
1431 1282 1537 1316 Rom.
1559 1282 1710 1328 (Manes

159 1333 290 1368 Medic.
319 1335 377 1368 W
373 1333 418 1378 r.)

159 1380 324 1423 Pierium,
348 1387 388 1414 ut
410 1380 630 1427 acciperetur
647 1380 709 1414 Ad
727 1387 889 1422 cantum,
914 1380 1012 1426 quod
1031 1379 1139 1414 etiam
1165 1380 1240 1414 Erf.
1261 1379 1433 1412 habebat.

605 1427 677 1463 473
702 1428 742 1462 in
752 1426 865 1475 foliis
882 1439 1003 1461 omnes
1024 1427 1179 1462 Pieriani
1199 1434 1236 1462 et
1253 1426 1368 1461 maior
1386 1437 1469 1471 pars
1486 1424 1626 1459 Heinsii
1638 1425 1707 1459 ha·-

764 1478 795 1510 A
820 1475 938 1509 noscit
964 1475 1051 1508 item
1069 1475 1260 1513 Arusianus
1279 1473 1451 1516 Messius,
1481 1485 1568 1507 unus
1591 1477 1708 1507 Arun-

161 1428 251 1464 brae
270 1437 374 1463 stan&
389 1429 533 1473 Regius.

160 1477 293 1518 bebat3
315 1475 436 1522 itaque
465 1476 524 1510 hic
554 1475 705 1520 recepit.

522 1332 591 1369 471
617 1335 667 1366 Ec
683 1332 814 1366 Medic.
841 1331 950 1366 Pierii
970 1345 990 1366 a
1010 1344 1056 1366 m.
1078 1344 1135 1377 pr.
1185 1339 1337 1367 cantum
1355 1332 1459 1365 Rom.
1487 1336 1525 1364 et
1547 1330 1592 1364 al.
1614 1329 1709 1376 apud

1515 1378 1587 1413 472
1618 1379 1708 1412 Um-

161 1524 232 1558 del.
254 1536 343 1558 unus
367 1524 482 1558 Mead.
502 1523 612 1558 Goth.
632 1535 708 1568 pn,
745 1523 789 1556 ed
818 1548 826 1557 .
855 1523 1068 1566 nonnullae,
1103 1530 1143 1556 ut
1167 1526 1314 1568 Argent.
1329 1547 1339 1564 ,
1383 1527 1420 1555 et
1439 1521 1602 1555 defendit
1623 1519 1708 1554 satis

160 1571 255 1606 ratio
281 1571 414 1606 critica.
447 1573 484 1606 in
512 1571 620 1605 silvis
638 1570 767 1604 Medic.
793 1570 938 1605 Mentel.
973 1583 1028 1617 pr.
1049 1572 1179 1606 Moret.
1198 1583 1252 1617 pr.
1270 1581 1349 1604 cum
1377 1568 1456 1604 aliis
1475 1569 1571 1615 vulg.
1599 1575 1708 1602 tuen-

160 1626 231 1654 tur.
258 1619 503 1665 (tractumhoc
526 1631 567 1653 ex
579 1621 666 1652 Aen.
676 1619 842 1661 VI,309.:
869 1620 1008 1661 „Quam
1025 1618 1138 1652 multa
1154 1619 1191 1652 in
1202 1618 1333 1653 silvis“
1359 1622 1427 1651 etc.
1449 1617 1510 1662 qui
1526 1616 1626 1651 locus
1637 1627 1708 1649 no-

162 1674 238 1701 stro
256 1667 474 1708 simillimus3
500 1666 593 1700 unde
610 1666 718 1700 etiam
737 1672 811 1700 tres
832 1678 956 1700 versus
977 1666 1014 1699 in
1026 1668 1188 1700 Romano
1210 1666 1278 1699 huc
1290 1663 1466 1699 translati.
1482 1666 1540 1700 W
1535 1664 1581 1709 r.)

1637 1661 1710 1700 474

163 1713 226 1749 ubi
241 1716 315 1749 iam
333 1713 406 1749 kib.
427 1721 543 1760 quart.
555 1715 685 1747 Moret.
705 1726 726 1747 a
743 1726 788 1748 m.
806 1726 861 1760 pr.
873 1714 1043 1748 Rottend.
1062 1727 1117 1760 pr.
1145 1713 1208 1748 ubi
1222 1711 1495 1747 iam—imbres
1505 1711 1614 1746 Goth.
1625 1723 1709 1754 sec„

162 1763 207 1796 ab
227 1761 485 1808 interpolatore
499 1773 573 1796 non
590 1761 751 1796 indocto.
813 1760 886 1798 476
905 1769 1119 1808 nuptaeque
1137 1760 1287 1795 Vratisl.

1349 1772 1353 1774 ’
1369 1760 1441 1796 478
1460 1760 1587 1794 limum
1605 1760 1708 1794 Rom.

161 1810 233 1846 479
248 1808 426 1844 innabilis
442 1810 546 1843 unda
567 1809 731 1843 nonnulli
749 1807 854 1843 codd.
874 1821 932 1854 ap.
950 1809 1118 1851 Pierium,
1143 1809 1230 1843 item
1240 1809 1331 1843 Ven.
1353 1814 1390 1841 et
1403 1807 1568 1842 Parrhas.
1589 1806 1708 1841 Mead.

164 1864 200 1891 et
219 1858 307 1902 Reg.
329 1863 366 1890 et
382 1863 470 1891 vett.
492 1857 589 1899 edd„
613 1856 735 1901 sicque
758 1857 915 1901 Nauger.
934 1855 971 1888 in
990 1856 1070 1890 ΑΜ.
1088 1863 1174 1891 tert.
1221 1858 1267 1890 At
1294 1855 1478 1901 vulgatum
1497 1861 1583 1902 post
1611 1853 1708 1889 anti-

163 1903 270 1950 quiss.
292 1904 427 1946 libros,
461 1911 496 1938 et
521 1903 616 1937 inter
643 1903 710 1937 hos
738 1903 865 1948 fragm.
896 1902 1014 1938 Vatic.
1043 1904 1155 1949 (quod
1176 1909 1212 1936 et
1236 1903 1360 1937 undae
1381 1901 1710 1948 habet)‚⁴defendit

163 1952 271 1986 etiam
299 1952 460 1986 Macrob.
485 1952 554 1994 VI,
583 1952 618 1987 7.
651 1950 745 1985 Gell.
776 1952 829 1994 11,
854 1952 901 1994 6,
925 1950 1080 1985 imitatio
1115 1950 1256 1994 Ovidii,
1281 1951 1481 1984 inamoena
1507 1963 1648 1997 regna,
1673 1955 1709 1983 et

162 2002 249 2035 Aen.
265 2001 327 2042 VI,
350 1998 434 2042 438,
458 1998 520 2033 ubi
537 2011 607 2033 vss.
629 1997 712 2034 479.
729 1997 801 2034 480
826 1998 957 2033 iterum
984 1998 1163 2045 leguntur.

163 2048 335 2094 (noviens
354 2047 463 2081 etiam
482 2046 601 2082 Vatic.
629 2048 687 2082 W
683 2046 729 2092 r.)

161 2180 286 2208 versu
316 2161 527 2221 ἀμείλιχον
565 2162 713 2220 Ἀΐδην
741 2166 855 2206 Iliad.
877 2183 904 2217 ι,

165 2226 262 2270 158.
295 2223 374 2279 (En
392 2225 462 2265 hio
483 2231 676 2268 ornatum
698 2239 750 2264 ex
774 2239 904 2279 copu-

161 2285 223 2336 la;
252 2284 336 2324 vid.
359 2285 410 2335 Q.
435 2285 483 2325 V.
517 2284 711 2336 XXXIII,
731 2287 771 2327 7.
795 2288 902 2324 extr.

168 2345 240 2384 W
232 2359 266 2382 r.

221 2341 376 2444 47)2—
395 2399 494 2444 480.
525 2400 817 2440 Ornatissimus
834 2401 902 2440 lo-

162 2474 234 2499 cus
251 2473 326 2513 per
345 2460 694 2499 enumerationem
720 2473 813 2499 cum
833 2459 902 2499 iu-

163 2518 268 2558 dicio
288 2519 450 2558 saetam.
488 2517 638 2572 Ψυχαὶ,
667 2518 815 2559 εἴδωλα
832 2535 904 2559 κα-

162 2573 328 2630 μόντων
353 2576 465 2616 Iliad.
498 2587 555 2629 ψ,
576 2580 632 2619 72
666 2574 803 2631 (unde
822 2577 906 2616 iam

160 2636 324 2674 Lucret.
338 2634 405 2686 IV,
426 2637 481 2677 39
513 2637 817 2688 simulacraque
835 2636 902 2674 lu-

162 2709 206 2732 ce
230 2691 456 2747 carentum)
489 2693 542 2732 ad
571 2699 784 2732 canentem
802 2708 904 2733 con-

161 2752 332 2792 fluxere.
380 2749 479 2794 474.
496 2751 566 2790 ubi
585 2767 726 2804 vesper
741 2761 814 2791 aut
833 2752 903 2790 ἠί-

161 2811 329 2861 bemus,
370 2810 619 2864 procellosus
654 2808 730 2864 (ut
749 2808 903 2864 χειμών

162 2876 204 2909 et
221 2867 385 2923 hiems),
410 2868 536 2908 imber
552 2881 618 2907 eas
635 2870 727 2920 agit
746 2883 767 2907 e
782 2883 903 2907 mon-

161 2927 268 2967 tibus
293 2925 407 2982 (vid.
433 2941 521 2981 sup.
553 2927 607 2967 ad
636 2927 707 2966 Ge.
739 2925 901 2977 1‚·374.

162 2984 265 3041 375)
294 2985 349 3025 ad
376 2985 496 3026 silvas
527 2992 569 3025 et
607 2985 804 3025 arborum
837 2990 902 3023 te·-

162 3051 238 3085 cta.
270 3045 374 3084 cons.
405 3043 505 3085 Aen.
530 3044 598 3096 VI,
628 3046 901 3088 309—312.

1259 1999 1332 2035 480
1355 1999 1394 2032 in
1416 1998 1576 2032 noviens
1603 1998 1706 2031 Rom.

963 2166 1110 2220 Odyss.
1136 2182 1181 2217 ω,
1214 2169 1240 2209 6
1259 2179 1345 2219 sqq.
1406 2163 1506 2210 475.
1536 2179 1708 2217 corpora

961 2225 1129 2264 heroam
1170 2225 1302 2279 simpl.
1337 2224 1495 2264 heroes.
1556 2224 1709 2264 Versus

960 2283 1006 2323 hi
1026 2283 1261 2323 adumbrati
1285 2297 1337 2323 ex
1356 2283 1502 2337 Odyss.
1522 2285 1559 2331 λ,
1583 2285 1708 2326 37-

960 2341 1030 2385 43.
1062 2340 1208 2397 (Iidem
1225 2356 1369 2383 versus
1387 2343 1584 2397 leguntur
1606 2340 1706 2380 Aen.

961 2401 1028 2452 VI,
1047 2404 1251 2444 306—8.
1288 2399 1409 2456 Wr.)

1020 2458 1287 2503 478—480.
1320 2460 1436 2510 Quos
1460 2459 1638 2512 Cocytus
1665 2463 1707 2497 et

963 2519 1068 2572 Styx
1091 2532 1120 2556 a.
1143 2519 1280 2558 reditu
1309 2518 1551 2572 prohibent5
1582 2531 1613 2556 s,
1628 2516 1707 2569 qui

962 2577 1007 2616 in
1024 2577 1163 2616 inferis
1185 2584 1419 2618 versantur.
1478 2577 1562 2616 Iam
1580 2588 1707 2615 orna-

961 2641 1054 2674 tum
1076 2635 1185 2675 vide.
1244 2636 1324 2675 Pro
1355 2637 1531 2688 Cocyto,
1561 2634 1705 2674 limoso

961 2700 1003 2733 et
1029 2694 1282 2734 arundinoso
1302 2694 1454 2745 fluvio,
1496 2694 1620 2732 limas
1635 2694 1706 2731 ni-
1732 2687 1734 2689 μ

957 2766 1035 2804 ger
1062 2760 1099 2791 et
1126 2752 1319 2805 dfformis
1351 2752 1511 2791 arundo
1523 2782 1534 2803 ,
1576 2751 1704 2802 cuius,

960 2811 992 2849 si
1020 2810 1101 2849 late
1133 2811 1268 2850 omnia
1299 2811 1482 2862 obsidet,
1510 2810 1706 2850 iniucun-

963 2868 1040 2907 dus
1089 2882 1135 2907 ac
1183 2868 1314 2909 tristis
1365 2870 1583 2923 adspectus
1623 2873 1684 2907 est
1692 2881 1705 2919 ς

962 2926 1145 2979 adeoque
1166 2930 1295 2980 palus
1314 2927 1574 2978 inamabilis,
1606 2922 1725 2969 ‹ivi-⁴

962 2998 1110 3040 ραστος
1129 3001 1206 3040 pro
1231 2984 1408 3041 μισητή,
1442 2986 1596 3038 invisa,
1629 2984 1734 3035 ‹le-..uf

960 3044 1160 3085 testabilis
1172 3076 1184 3098 ,
1216 3052 1258 3086 et
1276 3046 1398 3085 ta'rda
1417 3045 1545 3084 unda.
1597 3043 1734 3097 Por-s¹
