1734 3320
152 238 255 288 646

494 238 550 290 P.
587 234 725 289 VIR
739 234 940 288 GILII
974 236 1347 290 MARONIS

149 364 381 429 Exiguus
398 364 655 432 primum,
677 373 839 432 atque
861 365 1005 431 ipsos
1029 373 1333 415 contractus
1351 364 1419 416 ad
1433 368 1689 432 usuS‚295

149 434 375 501 Eligitur
390 434 565 488 locus:
602 434 750 485 hunc
771 436 1090 503 angustique
1111 435 1339 487 imbrice
1359 436 1488 487 tecti

199 566 269 603 295
294 568 453 622 Extguis
472 569 546 602 Erf.
564 570 603 603 in
624 580 715 603 usus
734 567 863 601 Medic.
885 579 906 601 a
922 579 967 601 m.
987 580 1042 614 pr.
1066 574 1103 602 et
1123 567 1196 611 alii,
1221 579 1321 603 more
1339 568 1459 604 solito.
1483 569 1555 604 vid.
1574 571 1690 604 Burm.

152 614 206 660 (in
226 614 381 649 Medicei
401 615 503 662 prior
518 616 647 658 lecti03
681 616 732 649 ad
750 627 858 662 supra
886 614 1055 660 scriptum
1077 628 1097 650 a
1115 627 1160 650 m.
1181 628 1251 650 rec.
1281 615 1380 663 Wr.)
1428 618 1530 664 ipsos
1546 618 1590 652 ab
1607 618 1692 651 Me-

155 661 259 696 diceo
281 675 301 696 a
320 674 375 707 pr.
396 675 442 697 m.
470 663 604 698 aberat.
652 662 783 696 Lenius
812 661 939 696 fuisset
955 670 1067 709 atque
1084 663 1164 698 hos.
1211 664 1264 710 (at
1282 663 1353 698 hoc
1373 675 1512 699 versum
1527 677 1693 712 pessum-

152 709 265 744 daret.
294 711 352 745 W
347 711 394 756 r.)

150 815 287 867 thico,
341 822 387 856 ut
424 816 505 856 iam
541 817 680 856 Burm.
720 815 895 869 accepit,

150 889 266 915 more
284 875 455 914 sollenni
482 876 761 915 Romanorum
795 888 897 928 poe-

151 940 289 973 tarum
310 948 321 984 3
367 933 424 972 sic
473 934 627 972 Medus
673 934 899 987 Hydaspes

153 1006 193 1032 v.
213 994 294 1034 211
309 1006 320 1042 3
341 990 439 1031 hinc
458 998 498 1030 et
507 992 766 1044 pharetrata,
787 991 900 1044 quod

153 1050 203 1089 de
242 1049 401 1088 Parthis
451 1051 615 1104 proprie
655 1051 735 1090 dici
771 1051 899 1103 solet;

152 1109 241 1161 quis
263 1108 512 1148 Parthorum
541 1108 756 1162 pharetras
777 1111 898 1162 igno-

150 1173 217 1207 rat
234 1167 254 1206 ?
299 1166 432 1206 Multo
471 1173 607 1207 tamen
644 1168 898 1208 commodio-

150 1239 238 1265 rem
253 1226 479 1265 verborum
500 1233 541 1265 et
557 1228 779 1266 sententiae
799 1227 897 1267 iun—

151 1290 312 1323 cturam
341 1285 428 1323 sore
458 1286 602 1337 video,
646 1286 700 1336 si,
740 1286 783 1325 in
812 1300 893 1339 quo

150 1342 278 1382 lulius
297 1343 468 1382 Sabinus
501 1342 638 1398 (quem
656 1344 715 1399 v.)
727 1376 737 1396 ‚
760 1358 781 1383 e
803 1345 894 1398 ple-

151 1402 267 1441 niore
287 1401 429 1441 Servio
457 1403 565 1442 forte
599 1418 650 1443 an
673 1417 726 1442 ex
745 1404 893 1456 Probo,

151 1466 429 1514 praecesserat
441 1491 452 1512 ,
483 1464 638 1501 vicinia
656 1476 679 1500 a
698 1464 895 1501 vicinium

152 1519 324 1558 ductum
362 1532 445 1558 esse
486 1521 771 1572 existimetur3
814 1520 896 1561 hoc

151 1578 300 1617 modo:
346 1578 519 1632 Quaque
549 1582 686 1618 amnis
720 1594 845 1633 usque
865 1595 894 1619 a

151 1637 341 1675 coloratis
375 1637 496 1676 Indis
523 1638 723 1686 devexas,
757 1638 798 1678 h.
817 1638 893 1678 Ni-

150 1694 237 1745 lus,
268 1697 449 1746 vicinia,
484 1694 526 1735 h.
547 1696 683 1735 vicina
701 1697 811 1747 loca,
840 1697 894 1736 fi-

150 1753 295 1792 nitima
307 1784 317 1803 ‚
358 1753 480 1805 fines,
520 1756 700 1794 Persidis
730 1765 890 1808 urguet,

152 1812 341 1865 attingit;
398 1812 447 1851 ab
494 1813 683 1852 orientali
722 1813 897 1867 Aegypti

150 1876 295 1923 parte,
348 1883 420 1909 seu
445 1884 589 1910 versus
635 1871 783 1912 ostium
814 1873 896 1911 Nih‘

151 1929 426 1979 Pelusiacum3
448 1938 485 1967 et
502 1930 674 1968 viridem
691 1930 797 1984 Aeg.
817 1937 894 1970 etc.

151 1987 233 2026 Sed
263 1988 474 2026 videamus
502 1988 670 2040 reliqua.
727 1990 783 2028 Et
814 2004 895 2042 qua

151 2048 287 2085 amnis
319 2060 444 2098 usque
473 2045 526 2084 ab
554 2047 672 2085 Indis
704 2048 895 2087 eoloratis

154 2102 454 2158 (Aethiopibus,
476 2104 560 2144 vid.
575 2105 627 2144 ad
646 2106 717 2145 Ge.
734 2106 782 2156 II,
798 2108 893 2157 116,

151 2162 205 2201 ad
226 2163 374 2203 Tibull.
395 2162 446 2213 ΙΙ,
462 2164 502 2213 3,
517 2163 584 2207 55.
599 2163 672 2220 56)
705 2164 893 2216 devexus,

150 2219 388 2277 καταφερὴς
410 2251 422 2271 ,
465 2235 517 2260 ex
557 2222 650 2261 altis
686 2223 894 2263 montibus

150 2280 327 2333 proclivi
366 2278 562 2319 descensu
598 2281 643 2320 in
677 2282 894 2335 planiciem

152 2338 252 2378 dum
286 2339 494 2389 defertur,
532 2353 708 2392 pronuS,
733 2341 894 2393 sec-zm-

150 2397 225 2436 dat
258 2398 497 2450 Aegyptam
520 2428 530 2447 ,
581 2400 753 2438 viridem
786 2399 894 2439 laeto

152 2469 344 2508 agrorum
362 2462 592 2508 proventu,
610 2460 734 2510 nigra
755 2473 894 2509 arena,

150 2527 226 2566 pro
248 2515 368 2564 li1no;
399 2520 459 2552 est
478 2515 585 2554 enim
616 2530 743 2555 arena
763 2517 895 2568 poetis

151 2572 282 2624 simpl.
313 2572 446 2612 solum
482 2571 556 2627 (ut
583 2573 727 2627 Georg.
756 2574 787 2626 I,
811 2574 893 2618 105

152 2632 336 2670 cumulos
359 2632 467 2668 male
477 2634 654 2684 pinguis
673 2648 831 2672 arenae*
844 2634 894 2672 de

150 2689 275 2742 glebis
301 2689 523 2729 tenacibus.
548 2690 697 2730 Lucan.
730 2691 786 2742 ΙΙ,
807 2690 894 2734 417

150 2749 189 2786 si
217 2763 299 2787 non
327 2764 406 2801 per
428 2749 565 2799 plana
594 2753 769 2788 iacentes
802 2750 891 2789 Ae-

148 2809 273 2858 gypti
305 2806 485 2859 Libycas
518 2807 646 2845 Nilus
681 2816 893 2859 stagnaret

152 2863 323 2920 arenas)
344 2881 360 2914 ,·
403 2874 442 2904 et
474 2879 592 2903 ruens
626 2866 814 2904 discurrit
848 2868 892 2903 in

151 2932 304 2974 septem
334 2939 406 2962 ora
443 2922 616 2961 diversa.
676 2923 803 2975 Igitur
820 2929 892 2962 to-

151 2986 217 3020 tus
242 2982 357 3021 locus
385 2982 469 3021 huc
497 2981 628 3021 redit:
660 2982 736 3021 Per
762 2988 892 3021 totam

151 3038 381 3094 Aegyptum
394 3072 405 3092 ‚
446 3054 538 3079 cum
567 3040 612 3079 in
652 3041 894 3080 occidentali

954 815 1092 866 latere,
1124 815 1232 856 circa
1250 817 1460 871 Canopum
1477 831 1563 857 non
1576 818 1695 870 longe

957 874 1007 913 ab
1028 874 1298 926 Alexandria,
1328 881 1418 915 tum
1441 876 1486 915 in
1511 876 1694 916 orienta-

956 933 987 973 li
999 963 1009 982 ,
1039 946 1182 973 versus
1199 934 1298 973 fines
1320 934 1502 974 Parthici
1521 935 1693 988 imperii,

959 991 1141 1044 adeoque
1176 1005 1250 1045 per
1284 998 1417 1032 totam
1460 993 1695 1034 inferiorem

958 1049 1191 1103 Aegyptum
1223 1049 1363 1105 (Delta
1388 1052 1555 1091 nomine
1587 1051 1694 1092 cele—

956 1108 1148 1164 bratam),
1181 1112 1310 1149 omnis
1328 1112 1457 1163 regio,
1479 1116 1569 1150 tota
1583 1124 1693 1163 gens,

957 1169 1058 1206 iacit
1075 1169 1249 1207 salutem
1268 1177 1420 1207 certam
1430 1199 1441 1219 ‚
1489 1169 1607 1223 ponit
1625 1183 1693 1208 sa-

954 1226 1054 1265 lutis
1084 1239 1196 1279 spem
1222 1240 1268 1265 ac
1292 1226 1509 1278 fiduciam,
1549 1229 1593 1266 in
1610 1227 1693 1266 hae

955 1293 1064 1334 arte,
1110 1284 1326 1338 reparandi
1360 1299 1453 1339 apes
1481 1299 1534 1326 ex
1566 1286 1694 1326 boum

951 1343 1186 1382 visceribus.
1216 1344 1370 1383 Locum
1387 1344 1694 1384 vexatissimum

951 1401 1099 1440 videor
1126 1401 1228 1441 mihi
1255 1402 1312 1441 sic
1349 1402 1445 1442 satis
1481 1402 1693 1442 commode

951 1460 1215 1513 interpretari
1253 1474 1399 1514 posse3
1445 1461 1490 1501 in
1519 1461 1694 1502 aliorum

956 1519 1122 1570 quidem
1157 1518 1387 1559 rationibus
1422 1519 1508 1561 sive
1537 1533 1694 1574 expen-

954 1577 1099 1616 dendis
1118 1578 1202 1618 sive
1218 1577 1449 1618 refellendis
1463 1593 1599 1619 moras
1614 1592 1692 1619 ne-

953 1649 1031 1688 que
1060 1635 1129 1675 hic
1158 1642 1330 1676 nectam.
1390 1635 1447 1676 At
1474 1637 1507 1676 si
1537 1637 1619 1677 iam
1642 1636 1693 1676 de

951 1694 1040 1747 ipsa
1068 1695 1269 1734 sententia
1294 1701 1335 1734 et
1357 1694 1517 1749 poetica
1534 1696 1693 1736 ratione

951 1753 1152 1794 iudicium
1178 1754 1395 1794 ferendum
1427 1760 1505 1805 est,
1535 1753 1695 1807 Virgilii

955 1826 1125 1851 acumen
1148 1818 1189 1851 et
1213 1812 1505 1853 verecundiam
1532 1812 1694 1852 deside·-

952 1883 1046 1909 rare
1079 1869 1180 1909 mihi
1214 1871 1369 1912 videor.
1429 1872 1534 1909 Nam
1562 1878 1603 1910 et
1624 1870 1693 1910 ni-

952 1928 1028 1967 mis
1049 1934 1260 1981 protracta
1293 1936 1335 1968 et
1360 1929 1555 1982 impedita
1574 1929 1694 1982 friget

954 1986 1084 2026 oratio
1102 2018 1114 2038 ,
1155 1993 1196 2026 et
1230 1987 1369 2041 paullo
1403 1988 1578 2027 ieiunius
1615 1988 1694 2028 Nili

953 2051 1102 2084 natura
1138 2045 1201 2084 bis
1231 2045 1502 2086 describitur:
1543 2061 1692 2099 quam-

953 2114 1076 2157 quam
1115 2104 1271 2157 singula
1306 2105 1489 2144 membra
1517 2119 1590 2144 suo
1619 2119 1692 2145 or-

952 2168 1054 2201 natu
1099 2177 1146 2201 ac
1181 2163 1336 2202 lumine
1383 2163 1538 2216 fulgere
1576 2163 1693 2203 facile

952 2221 1095 2260 sentio.
1146 2221 1226 2260 Sed
1245 2227 1284 2260 et
1315 2221 1385 2261 hic
1404 2221 1506 2261 mihi
1526 2221 1694 2262 videtur

954 2279 1261 2332 Euphorionem
1282 2280 1455 2334 aliquem
1475 2286 1548 2320 aut
1569 2281 1695 2320 alium

951 2344 1116 2392 poetam
1155 2338 1482 2378 Alexandrinum
1523 2353 1693 2393 expres-

953 2397 1048 2436 sisse
1060 2412 1071 2448 3
1119 2410 1240 2449 quem
1279 2397 1416 2437 locum
1449 2397 1521 2450 qui
1557 2397 1693 2438 animo

953 2456 1173 2506 tenebant,
1204 2456 1379 2495 Romani
1407 2462 1553 2510 poetae
1578 2456 1694 2510 copia

953 2514 1078 2567 magis
1117 2515 1224 2553 forte
1267 2514 1576 2554 delectabantur
1592 2546 1604 2566 ‚
1646 2528 1694 2554 ac

952 2587 1065 2612 nunc
1083 2572 1125 2611 in
1137 2573 1287 2612 nostris
1308 2573 1463 2624 animis,
1482 2572 1564 2612 hoc
1579 2574 1694 2612 auxi-

952 2631 1008 2670 lio
1036 2631 1261 2682 destitutis,
1312 2631 1401 2670 fieri
1442 2637 1590 2685 potest.
1650 2632 1694 2671 Si

954 2690 1020 2728 cui
1061 2696 1200 2729 tamen
1241 2689 1357 2728 aliter
1395 2689 1563 2729 videtur
1582 2721 1593 2741 ‚
1635 2690 1694 2730 nil

952 2748 1174 2787 intercedo.
1217 2746 1319 2802 (vid.
1353 2761 1457 2800 quae
1486 2748 1694 2802 disputavi

950 2807 995 2845 in
1014 2806 1061 2846 V.
1081 2807 1125 2845 L.
1162 2808 1233 2846 W
1226 2804 1282 2860 r.)

1009 2865 1107 2908 295.
1147 2865 1260 2903 Cons.
1288 2878 1381 2903 cum
1410 2877 1518 2917 seqq.
1547 2877 1692 2903 excer-

950 2928 1069 2976 ptum
1091 2937 1143 2962 ex
1170 2923 1407 2962 Florentino
1433 2923 1479 2962 in
1512 2923 1692 2976 Geopon.

951 2981 1042 3031 XV,
1074 2985 1114 3032 2,
1142 2996 1180 3035 p.
1200 2980 1286 3024 406
1307 2995 1392 3034 sqq.
1425 2979 1481 3035 (p.
1503 2983 1614 3024 1070
1635 2993 1692 3033 sq.

953 3038 1093 3095 Nicl.).
1164 3042 1370 3092 Sequutus
1409 3040 1518 3079 forte
1553 3045 1694 3087 noster
