1734 3320
163 177 267 226 386
679 172 1105 224 EXCURSUS
1142 172 1168 222 I

163 304 399 344 Occurrunt
420 302 497 343 alia
520 303 564 343 in
581 303 746 356 Virgilio
770 303 906 342 Italiae
926 301 1146 355 superioris
1174 302 1278 354 agris
1297 302 1464 356 propria
1482 315 1530 342 ac
1546 301 1689 356 singu-

163 364 278 403 laria.
337 362 454 402 Plinii
478 362 604 402 verba
633 362 701 401 lib.
724 362 868 411 XVIII,
889 360 944 402 48
976 374 998 398 a
1017 374 1079 399 me
1109 360 1278 399 laudata
1297 373 1459 399 omnem
1474 360 1591 400 facile
1608 361 1690 403 du-

164 422 403 462 bitationem
419 420 623 471 tollerent,
654 421 686 459 si
707 420 827 460 lectio
847 420 890 458 in
909 418 956 457 iis
975 425 1079 457 esset
1098 418 1232 458 minus
1247 419 1414 457 incerta.
1473 420 1688 470 Dentalia,

165 480 208 520 h.
230 493 263 519 e.
289 479 470 528 dentale,
504 477 649 531 ἔλυμα,
680 479 782 517 bene
805 478 872 518 vir
904 477 1071 526 doctus,
1111 490 1231 529 quem
1259 475 1450 527 laudavi,
1478 476 1598 518 docet
1619 490 1689 515 ao-

167 538 398 592 cipiendum
431 549 514 575 esse
543 536 592 575 de
617 536 792 575 vomeris
822 541 937 588 parte
964 534 1167 573 anteriore
1198 533 1497 589 (Pflngkopf)‚
1527 535 1571 573 iu
1590 549 1690 575 acu-

167 611 260 636 men
278 602 385 635 acta:
414 594 495 634 hoc
525 594 687 633 dentale
716 595 876 645 duplici
902 606 984 631 esse
1015 593 1155 642 dorso,
1198 592 1240 631 h.
1259 606 1293 631 e.
1310 592 1416 631 binis
1436 593 1623 632 cruribus
1647 593 1690 633 in

168 657 341 695 sormam
355 654 515 692 litterae
531 653 568 692 V
589 650 881 705 (Sohlhfflzem)
906 656 1111 702 aptatum,
1141 649 1258 688 binas
1277 664 1395 688 aures
1412 650 1601 701 tandem,
1624 656 1690 688 ta—

168 714 292 753 bellas
312 727 335 750 a
350 712 532 752 Varrone
562 710 593 760 I,
611 713 680 760 29,
699 713 726 752 2
756 714 1018 759 memoratas,
1048 708 1205 747 vomeri
1224 707 1382 746 additas
1402 705 1496 762 (das
1515 708 1692 760 Streich-

169 772 250 810 bret
267 771 353 809 und
372 766 620 822 Molterbret)
632 797 643 817 ,
685 773 726 806 et
758 767 922 819 utrique
951 766 1061 805 cruri
1095 766 1154 806 ita
1183 766 1403 819 impactas,
1433 772 1482 805 ut
1498 766 1692 819 impresso

169 831 211 869 in
228 830 359 868 solum
384 839 549 867 vomere
571 832 683 864 terra
705 825 902 878 proscissa
921 824 1115 876 utrinque
1138 824 1393 863 accumulata
1411 823 1454 862 in
1471 824 1603 863 sulcos
1624 830 1692 863 at·-

170 888 352 927 tollatur.
411 886 540 924 Buris
565 889 627 922 est
649 889 778 933 temo,
818 878 1052 936 ἷστοβοεύς;
1092 882 1174 922 scil.
1203 882 1369 935 proprie
1393 895 1488 935 pars
1521 882 1606 921 eius
1624 882 1692 921 in-

171 946 286 995 fima,
316 950 365 983 ut
387 943 470 982 iam
492 943 656 981 Salmas.
684 942 727 980 in
755 941 878 980 Solin.
906 955 945 993 Ρ.
967 941 1051 984 576
1081 939 1232 979 docuit.
1292 939 1545 993 [aspicienda
1564 946 1606 979 et
1623 954 1690 979 co-

171 1002 399 1057 gnoscenda
417 1007 514 1040 sunt
530 1000 705 1052 reliqua,
743 1000 864 1039 etiam
885 999 934 1038 de
956 1004 1090 1038 aratro
1111 998 1333 1038 Hesiodeo·
1324 1028 1335 1049 ,
1372 998 1451 1037 nisi
1473 998 1586 1051 quod
1604 1012 1695 1037 ma-

172 1063 244 1102 lim
271 1075 363 1100 eum
392 1059 627 1112 simpliciter
654 1058 902 1112 apposuisse,
943 1058 1103 1110 qualem
1129 1057 1213 1096 eius
1240 1057 1416 1096 sormam
1447 1070 1494 1096 ac
1523 1056 1696 1110 speciem

174 1119 284 1173 apud
313 1119 492 1158 animum
520 1118 750 1169 effingeret,
763 1142 765 1144 -
791 1129 867 1155 nec
902 1115 952 1154 de
982 1115 1143 1169 epochis
1171 1115 1447 1154 mutationum
1475 1115 1585 1154 inter
1613 1114 1696 1154 Ae-

173 1178 332 1231 gyptios
346 1207 356 1227 ,
388 1178 581 1226 Graecos,
613 1182 654 1214 et
671 1176 875 1214 Romanos
892 1180 979 1212 tam
995 1175 1126 1214 multa
1148 1187 1230 1212 esse
1250 1173 1487 1223 ariolatum,
1518 1186 1621 1225 quae
1644 1173 1697 1212 ad

174 1236 373 1288 liquidum
398 1234 568 1288 perduci
590 1240 810 1286 nequeunt.
869 1232 994 1282 Quod
1021 1232 1129 1271 enim
1149 1238 1291 1270 nostro
1310 1238 1494 1284 tempore
1522 1231 1614 1271 fieri
1630 1231 1698 1271 vi·-

177 1295 334 1344 demus,
366 1307 450 1332 non
485 1293 618 1331 minus
653 1292 748 1331 olim
775 1292 910 1330 locum
933 1290 1097 1341 habuit,
1136 1297 1186 1330 ut
1213 1290 1257 1328 in
1280 1289 1450 1329 diversis
1468 1289 1628 1343 populis
1651 1303 1700 1328 ac

175 1353 405 1405 regionibus
429 1364 499 1390 seu
519 1364 631 1390 more
652 1351 852 1389 maiorum
870 1363 941 1389 seu
960 1350 1035 1388 soli
1051 1355 1200 1389 natura
1219 1348 1347 1387 aliave
1365 1348 1602 1387 necessitate
1622 1362 1698 1387 ur-

179 1417 297 1464 gente
320 1410 481 1450 diversa
502 1415 604 1448 esset
627 1408 754 1448 aratri
773 1409 925 1459 forma,
955 1408 1281 1458 retinereturque
1298 1405 1476 1446 deterior
1500 1406 1639 1446 multis
1652 1406 1699 1445 in

176 1470 293 1519 locis,
326 1483 418 1508 cum
440 1468 485 1506 in
512 1468 598 1506 aliis
631 1467 788 1507 dudum
814 1467 985 1506 inventa
1012 1472 1053 1505 et
1082 1466 1340 1518 frequentata
1366 1471 1469 1503 esset
1491 1465 1633 1504 melior
1658 1470 1700 1503 et

179 1528 434 1567 elaboratior.
486 1526 673 1576 Evolvat,
705 1525 770 1564 cui
789 1525 888 1564 talia
902 1538 1022 1564 curae
1038 1530 1147 1575 sunt,
1177 1523 1364 1563 Paullum
1379 1523 1530 1562 Lucam
1555 1524 1604 1563 V
1597 1537 1700 1575 oya-

175 1600 251 1639 ges
281 1586 395 1624 Tom.
419 1585 449 1634 I,
482 1598 521 1637 p.
544 1586 639 1627 182.
698 1584 864 1623 Norden
900 1585 945 1624 V
941 1597 1071 1636 oyage
1100 1598 1149 1621 en
1178 1584 1339 1634 Egypte
1365 1581 1480 1621 Tom.
1501 1581 1535 1631 I,
1554 1581 1609 1635 pl.
1630 1581 1699 1624 56.

181 1644 274 1683 add.
303 1644 460 1695 Goguet
486 1643 600 1694 Orig.
619 1643 688 1681 des
706 1644 815 1681 Loix
842 1643 887 1680 T.
907 1642 936 1692 Ι,
955 1656 995 1695 p.
1018 1640 1100 1683 184
1122 1654 1206 1692 sqq.
1267 1641 1374 1679 Sunt
1394 1639 1584 1691 antiquae
1602 1639 1701 1678 artis

181 1716 322 1756 opera,
353 1702 396 1740 in
417 1701 561 1752 quibus
583 1707 767 1740 aratrum
784 1700 952 1739 visitur:
983 1700 1056 1739 vix
1082 1706 1217 1738 tamen
1233 1698 1441 1737 notionem
1469 1703 1701 1736 accuratam

179 1760 277 1800 inde
302 1759 493 1810 consequi
523 1759 637 1798 licet:
669 1760 808 1797 Comes
839 1757 889 1796 de
920 1758 1070 1810 Caylas
1086 1757 1321 1796 Recueild'
1337 1756 1569 1809 Antiquitas
1585 1756 1700 1795 Tom.

181 1819 230 1868 V,
242 1818 297 1871 pl.
317 1820 385 1859 82.
406 1817 590 1856 Museum
603 1818 818 1856 Etruscum
836 1816 993 1866 Tom.1‚
1005 1815 1088 1854 tab.
1108 1821 1213 1854 extr.
1232 1816 1354 1868 Spon.
1371 1814 1536 1853 Miscell.
1552 1828 1592 1867 p.
1604 1816 1701 1856 308.

182 1877 253 1916 IX.
271 1875 509 1916 Winckelm.
531 1877 719 1914 Monam.
739 1874 842 1914 ined.
863 1889 903 1927 p.
922 1874 1016 1916 105.
1078 1874 1267 1912 Gemmae
1293 1879 1500 1922 aratrum,
1532 1872 1704 1911 obscure

182 1941 338 1984 tamen,
370 1934 586 1972 reserentes
604 1939 701 1972 sunt
718 1933 820 1971 Mus.
841 1932 950 1972 Flor.
970 1933 1084 1971 Tom.
1102 1932 1150 1982 Π,
1169 1932 1253 1970 tab.
1268 1930 1336 1973 42.
1367 1930 1530 1970 Gorlaei
1549 1931 1702 1983 Dacty—

183 1992 299 2032 lioth.
330 1993 444 2030 Tom.
472 1991 519 2041 H,
542 2005 582 2031 n.
604 1994 702 2034 231.
761 1990 978 2041 Aratrum,
1017 1990 1130 2041 quod
1154 1990 1199 2028 in
1227 1989 1394 2029 Hesiodi
1422 1989 1514 2028 edd.
1539 2002 1591 2028 ex
1618 1995 1702 2028 ant.

185 2051 304 2090 codd.
335 2049 572 2100 exhibetur,
612 2056 653 2088 et
676 2050 719 2088 in
743 2042 964 2088 Mo'ntsauc.
991 2049 1169 2100 Palaeog.
1198 2063 1256 2101 gr.
1273 2062 1313 2101 p.
1333 2051 1359 2091 9
1388 2047 1610 2100 repetitum
1629 2053 1702 2097 est,

185 2108 344 2148 serioris
372 2122 443 2147 seu
471 2108 689 2147 commenti
722 2121 793 2147 seu
820 2122 916 2147 usus
948 2120 1030 2146 esse
1057 2113 1194 2160 patet,
1227 2120 1324 2145 nam
1350 2106 1400 2146 ab
1426 2105 1604 2145 Hesiodo
1626 2101 1704 2144 ad-

186 2168 384 2220 scriptum
412 2180 530 2205 nemo
565 2166 728 2206 dixerit.
788 2166 977 2205 Formam
1011 2165 1156 2216 aratri,
1188 2178 1268 2217 quo
1297 2178 1410 2204 nunc
1426 2164 1640 2204 Mantuani
1657 2176 1706 2202 ac

186 2226 330 2266 Veneti
358 2225 555 2277 agricolae
586 2231 787 2274 utuntur,
826 2239 909 2264 una
940 2238 1033 2263 cum
1061 2225 1137 2263 alio
1166 2223 1438 2275 exquisitioris
1460 2229 1705 2272 structurae,

187 2284 351 2336 Martyn
373 2282 546 2336 exprimi
565 2283 725 2322 curavit
746 2283 800 2321 ad
820 2297 859 2335 p.
876 2281 944 2325 48.
1005 2283 1154 2322 Verum
1177 2288 1325 2321 neutra
1344 2282 1473 2321 forma
1495 2294 1588 2320 cum
1607 2280 1706 2320 Vir-

188 2341 342 2395 gilianis
371 2341 505 2380 verbis
532 2341 628 2380 satis
657 2341 856 2381 convenit.
922 2340 1149 2381 Videbatur
1182 2340 1257 2379 sibi
1287 2339 1460 2393 Anglus,
1493 2338 1541 2379 A.
1567 2338 1597 2378 1.
1636 2339 1707 2377 des

194 2401 389 2439 Carrieres
412 2397 456 2452 (a
474 2400 745 2438 Dissertation
767 2414 818 2438 on
841 2400 887 2440 V
881 2400 990 2451 zrgcl
994 2415 1013 2437 s
1033 2400 1273 2450 description
1286 2399 1340 2451 <ff
1353 2399 1417 2437 tlte
1437 2399 1598 2436 ancient
1615 2397 1707 2435 Ro-

191 2473 289 2496 man
315 2456 481 2509 Plougsz
509 2456 650 2512 1788.)
685 2471 825 2497 veram
851 2458 975 2496 aratri
1001 2457 1210 2509 Virgiliani
1238 2457 1410 2495 formam
1447 2454 1644 2509 reperisse
1664 2454 1708 2493 in

191 2515 370 2570 pondeie
389 2516 585 2554 Romano.
645 2516 796 2555 Verum
821 2516 891 2568 qui
905 2515 1145 2568 inspexerit,
1177 2515 1312 2553 statim
1335 2513 1613 2567 deprehendet
1628 2512 1709 2551 mi—

192 2588 285 2614 rum
318 2586 517 2622 errorem,
558 2580 618 2612 est
648 2574 756 2612 enim
784 2588 826 2612 as
856 2575 1062 2613 Romanus
1090 2586 1182 2612 cum
1209 2586 1333 2625 prora
1350 2571 1471 2622 ratis,
1502 2584 1625 2624 quam
1641 2570 1709 2610 ille

193 2646 267 2685 pro
288 2636 424 2669 aratro
442 2630 599 2670 habuit.
660 2630 860 2685 (Innotuit
890 2631 989 2670 mihi
1016 2632 1124 2670 inter
1144 2643 1231 2680 eos,
1263 2630 1332 2682 qui
1355 2630 1404 2669 ab
1424 2642 1471 2669 eo
1489 2629 1586 2669 inde
1602 2635 1710 2668 tem-

194 2703 293 2743 pore
319 2688 369 2727 de
398 2688 461 2727 his
489 2701 620 2741 egere,
661 2690 850 2728 Adamas
877 2691 1062 2729 Dickson
1080 2688 1330 2741 Husbandry
1358 2689 1412 2741 qs
1430 2688 1496 2727 tlze
1515 2689 1709 2727 Aneierm

195 2746 358 2787 Edimb.
385 2748 507 2788 1788.
527 2760 559 2786 c.
584 2747 730 2797 XVIII,
759 2761 798 2800 p.
819 2747 902 2789 375
925 2761 1009 2800 sqq.
1039 2747 1108 2799 qui
1129 2747 1293 2785 omnino
1315 2746 1367 2785 ad
1397 2759 1559 2786 carmen
1579 2746 1710 2784 Geor-

196 2806 377 2859 gicorum
394 2804 547 2843 consuli
564 2811 707 2857 potest.
766 2805 918 2844 Verum
947 2807 1013 2845 ille
1029 2836 1039 2855 ,
1071 2804 1146 2843 etsi
1173 2805 1393 2844 verborum
1417 2805 1617 2857 interpres
1632 2815 1718 2856 pa-.

196 2878 289 2903 rum
314 2862 509 2913 idoneus,
547 2863 653 2915 ipsas
680 2876 744 2902 res
773 2863 970 2913 illustrat,
1012 2868 1396 2916 praeceptorumque
1428 2862 1642 2902 veritatem
1669 2865 1712 2899 et

197 2921 415 2961 utilitatem
446 2921 653 2974 explorat,
691 2921 804 2972 atqui
830 2919 931 2959 haec
960 2922 1012 2960 ad
1041 2921 1275 2974 interpretis
1301 2928 1444 2975 poetae
1460 2919 1712 2974 provinciam
