1768 3320
412 774 1223 826 ECLOGAIII

632 897 1004 941 PALAEMON

514 1007 1086 1072 *ARGUQENTUM

59 1088 331 1177 Disoeptmt
345 1120 429 1163 hoc
451 1124 630 1164 carmine
649 1124 814 1164 alternis
831 1124 1018 1164 versibus
1045 1124 1127 1163 duo
1144 1130 1339 1177 pastores,
1371 1125 1581 1165 Damoetas

59 1182 352 1232 mercenarius,
392 1181 564 1235 Aegonis
598 1196 695 1222 oves
725 1196 912 1236 pascens,
954 1189 996 1221 et
1014 1182 1234 1233 Menalcas,
1275 1183 1423 1237 puerili
1453 1191 1582 1223 aetate

62 1237 120 1294 (vs.
140 1238 224 1295 88)
238 1240 504 1291 constitutum,
535 1246 575 1279 et
596 1240 744 1294 puerili
764 1240 988 1294 petulantia
1003 1241 1175 1280 alterum
1199 1240 1417 1280 lacessens:
1466 1242 1581 1282 cuius

60 1297 272 1354 carminis,
299 1298 562 1338 amoebaeum
581 1298 686 1339 illud
705 1298 856 1338 dicitur
872 1330 883 1349 ‚
914 1313 961 1338 ea
978 1299 1046 1338 lex
1063 1305 1143 1347 est,
1175 1304 1224 1337 ut
1238 1298 1294 1348 is,
1326 1298 1396 1351 qui
1409 1313 1582 1353 respon-

23 1364 25 1366 ’
60 1355 131 1396 det
139 1356 157 1407 ,'
179 1354 325 1396 iisdem
339 1357 525 1396 versibus
550 1370 598 1395 ac
624 1357 803 1395 numeris
828 1363 900 1395 aut
918 1356 1168 1396 contrarium
1190 1363 1262 1395 aut
1278 1357 1409 1396 maius
1429 1364 1471 1397 et
1483 1359 1581 1411 pul-

60 1415 170 1455 erius
186 1414 353 1467 aliquod
376 1415 498 1464 dicat,
525 1420 596 1453 aut
614 1415 698 1453 ulla
719 1415 795 1453 alia
812 1416 970 1454 ratione
987 1415 1115 1454 simile
1134 1414 1236 1466 quid
1254 1415 1451 1454 subiiciat.
1497 1417 1580 1455 Ne-

59 1480 139 1526 que
153 1486 205 1512 ex
225 1474 366 1512 eodem
383 1473 518 1513 omnia
538 1479 772 1525 argumento
791 1486 952 1512 necesse
971 1479 1031 1511 est
1050 1486 1133 1512 esse
1148 1472 1293 1524 petita,
1323 1473 1395 1512 sed
1416 1486 1439 1511 a
1455 1473 1580 1514 variis

60 1545 108 1572 ac
128 1531 299 1571 diva-sis
318 1531 439 1584 plane
456 1531 578 1570 rebus
594 1531 783 1570 arcessita
790 1546 801 1582 ;
831 1532 947 1570 cuius
972 1531 1136 1582 quidem
1162 1530 1224 1569 rei
1254 1530 1356 1569 bene
1384 1545 1580 1571 memores

60 1603 143 1628 esse
161 1589 374 1639 debemus,
410 1603 462 1628 ne
487 1594 720 1642 argutemur
748 1589 794 1628 in
813 1589 1107 1629 constituendo
1130 1588 1417 1627 sententiarum
1436 1589 1580 1629 ordine

60 1653 101 1686 et
124 1660 247 1686 nexu.
305 1647 437 1687 Etiam
453 1653 594 1686 nostro
618 1653 799 1700 tempore
830 1648 916 1686 eius
943 1646 1098 1699 generis
1121 1646 1299 1684 carmina
1329 1646 1438 1699 apud
1457 1647 1579 1686 Italos

57 1705 105 1746 in
121 1705 255 1761 pretio
272 1704 435 1755 haberi,
466 1711 506 1744 et
519 1704 681 1744 laudari
696 1711 836 1757 poetas
851 1707 1168 1756 hnprovclsaton',
1190 1709 1297 1742 nota
1318 1717 1383 1742 res
1405 1710 1475 1744 est.
1507 1703 1575 1763 (ef.

59 1760 268 1817 Spendus,
296 1762 450 1816 Anglus
471 1762 797 1815 elegantissimus,
827 1763 908 1802 Ecl.
930 1756 1009 1802 VII
1020 1761 1101 1818 pr.)
1162 1761 1328 1800 Occasio
1346 1761 1469 1801 huius
1488 1776 1578 1802 cer-

58 1821 221 1861 taminis
237 1835 384 1874 parum
403 1821 576 1875 feliciter
599 1834 623 1860 a
641 1821 834 1861 conviciis
851 1821 1003 1860 mutuis
1021 1827 1063 1861 ot
1078 1819 1251 1873 probris,
1282 1820 1430 1871 quibus
1445 1833 1487 1858 se
1509 1820 1578 1860 in-

58 1879 188 1929 vicem
221 1879 445 1931 lacem-it,
484 1879 658 1933 petitur,
696 1879 743 1917 in
772 1880 919 1932 quibus
940 1894 1024 1918 non
1050 1877 1172 1918 modo
1202 1876 1362 1917 honesti
1381 1884 1421 1916 et
1442 1878 1578 1918 decori

58 1935 172 1978 nulla
202 1937 309 1977 ratio
332 1937 492 1988 habita,
530 1950 675 1977 verum
702 1950 754 1976 ne
779 1937 825 1976 id
854 1937 1037 1990 quidem,
1078 1935 1191 1989 quod
1210 1941 1353 1989 poetae
1374 1949 1522 1976 nomen
1539 1942 1579 1975 et

58 2001 249 2035 naturam
266 1995 407 2047 efficit,
432 2001 655 2048 spectatum
676 2001 755 2044 est,
785 2002 833 2034 ut
852 2010 936 2036 non
960 1995 1039 2034 nisi
1056 2001 1191 2047 gratae
1220 2000 1259 2032 et
1285 1994 1486 2033 iucundae
1514 2008 1578 2033 res

59 2053 363 2098 exhiberentur.
421 2054 538 2094 Vitae
557 2060 597 2092 et
618 2053 800 2092 moribus
824 2053 946 2092 huius
974 2054 1129 2105 generis
1153 2050 1365 2093 hominum
1396 2052 1578 2091 convicia

59 2112 138 2152 ista
155 2111 270 2157 haud
288 2125 371 2151 esse
387 2112 570 2162 insolita,
599 2125 718 2150 nemo
738 2111 918 2162 dubitet3
947 2124 1091 2150 verum
1108 2116 1249 2163 poeta,
1293 2111 1328 2149 si
1349 2110 1509 2163 ingenio
1538 2116 1578 2148 et

60 2170 239 2212 oermine
254 2177 364 2209 recte
381 2170 534 2219 utitur,
563 2183 775 2221 nunquam
794 2170 846 2208 ad
864 2169 1030 2208 sordida
1055 2175 1095 2208 et
1117 2167 1332 2220 flagitiosa,
1371 2168 1508 2221 turpia
1531 2182 1578 2206 ac

59 2227 201 2278 foeda,
232 2228 408 2268 carmine
425 2227 688 2281 exprimenda
706 2240 746 2265 se
764 2227 967 2266 demittet:
996 2227 1124 2267 multo
1142 2226 1277 2265 minus
1286 2256 1298 2275 ,
1346 2226 1380 2265 si
1398 2225 1576 2265 carmina

59 2285 283 2338 virgimhus
314 2288 530 2339 puerisque
566 2291 730 2330 cantare
758 2299 798 2323 se
822 2285 1062 2324 meminerit.
1119 2283 1203 2322 Nec
1232 2283 1395 2323 omnino
1419 2284 1577 2323 inventi

58 2357 204 2396 magna
228 2345 317 2383 laus
343 2357 425 2383 esse
440 2349 591 2397 potest,
629 2357 713 2382 non
740 2343 862 2382 modo
891 2344 936 2382 in
954 2356 1109 2381 summa
1126 2340 1337 2392 carminis;
1378 2347 1437 2380 est
1470 2341 1576 2380 enim

36 2402 46 2419 “
58 2402 231 2455 petitum
250 2408 531 2454 argumentum
551 2414 602 2440 ex
622 2400 839 2440 Theocrito
858 2401 976 2454 Idyll.
994 2401 1049 2440 IV
1064 2406 1104 2438 et
1121 2399 1179 2450 V;
1207 2412 1351 2439 verum
1372 2406 1411 2437 et
1428 2399 1468 2437 in
1490 2399 1575 2437 sin-

59 2459 163 2512 gulis
176 2460 360 2499 versibus
386 2466 596 2514 pastorum
615 2459 691 2498 sibi
710 2459 1062 2512 respondentium:
1100 2456 1205 2496 nihil
1225 2457 1332 2496 enim
1347 2457 1391 2495 in
1408 2457 1487 2495 illis
1504 2463 1574 2506 est,

61 2518 173 2569 quod
187 2518 367 2559 naturali
385 2518 520 2571 aliquo
539 2516 829 2556 sententiarum
848 2517 992 2556 ordine
1009 2516 1193 2555 vinctum
1216 2515 1302 2554 vim
1324 2515 1376 2553 ad
1397 2515 1575 2553 animum

59 2575 219 2615 habeat.
278 2576 442 2628 Singula
476 2574 644 2622 disticha
675 2581 772 2613 sunt
799 2574 955 2626 singula
985 2574 1189 2614 carmina:
1232 2576 1376 2625 so‘opae
1408 2572 1572 2611 solutae.

59 2633 118 2671 De
136 2639 317 2687 tempore
339 2633 463 2673 huius
487 2633 676 2673 carminis
695 2647 737 2672 v.
752 2633 847 2671 Vita
864 2633 1002 2686 Virgil.
1034 2646 1069 2670 a.
1093 2634 1191 2674 711.
1211 2631 1261 2669 cf.
1278 2634 1374 2673 709.
1431 2629 1574 2681 Agitur

60 2704 125 2730 res
138 2691 247 2731 inter
263 2706 412 2746 pascua
428 2698 468 2730 et
486 2704 622 2746 greges
640 2704 714 2744 per
730 2705 846 2743 agros
862 2704 1025 2744 gramen
1046 2694 1263 2742 carpentes.
1295 2689 1347 2728 cf.
1361 2701 1401 2727 v.
1420 2688 1487 2731 55.

681 2869 966 2877 ———

269 2920 289 2943 ’ᾳ

132 3063 342 3113 Vnum„
391 3063 534 3112 ΤοΜ.
569 3063 609 3113 Ι.
1259 3058 1293 3103 7
