1734 3320
198 261 301 309 608
530 256 586 308 P.
623 255 983 308 VIRGILII
1018 255 1396 307 MARONIS

195 387 264 436 Et
289 383 459 434 rutilis
482 383 650 437 clarus
672 384 933 452 squamis;
972 383 1064 434 ille
1084 382 1341 434 horridus
1362 382 1496 434 alter
1534 418 1538 422 -

194 454 437 519 Desidia,
473 454 745 523 latamque
767 453 986 504 trahens
1009 454 1266 519 inglorius
1291 454 1483 508 alvum.

195 528 268 578 Ut
289 526 450 575 binae
469 521 872 591 regum'facies:
911 525 979 574 ita
1006 541 1235 592 corpora
1258 524 1449 592 plebis,
1662 527 1730 577 95

193 600 445 664 Namque
468 596 596 647 aliae
620 605 806 662 turpes
831 594 1083 658 horrent3
1123 612 1223 646 ceu
1242 594 1468 663 pulvere
1497 594 1562 646 ab
1585 594 1693 646 alto

198 670 382 732 Quum
401 669 548 717 venit
570 676 623 716 et
643 667 783 716 sicco
810 674 1009 716 terram
1033 666 1176 733 spuit
1199 682 1295 715 ore
1320 666 1493 716 viator

193 738 416 799 Aridus;
458 738 672 789 elucent
695 736 852 800 aliae,
892 745 944 786 et
966 734 1182 802 fulgore
1209 745 1491 786 coruscant

195 808 463 860 Ardentes
489 824 619 858 auro
647 817 700 858 et
724 806 942 874 paribus
965 806 1054 858 lita
1077 824 1305 875 corpora
1327 807 1502 872 guttis,

268 909 348 956 96.
387 918 510 968 cEU,
583 908 663 956 97.
701 917 887 967 VENIT,

249 1033 295 1068 93
321 1032 450 1066 clarus
471 1033 625 1079 gemmis
653 1033 839 1066 Burmann.
946 1033 993 1069 94
1018 1033 1166 1079 lateque
1196 1039 1309 1079 quart.
1332 1027 1463 1067 Moret.
1511 1030 1633 1066 alvom
1652 1030 1731 1064 Gu-

195 1080 289 1114 dian.
397 1079 443 1114 95
470 1091 628 1126 corpora
657 1079 778 1127 plebis
806 1080 934 1115 Medic.
969 1088 1004 1114 et
1035 1093 1156 1114 omnes
1185 1080 1343 1123 Heinsii,
1380 1079 1478 1127 quod
1504 1079 1569 1114 hic
1592 1078 1731 1124 recepit

196 1128 304 1173 (idem
333 1126 402 1160 iam
434 1126 596 1160 ediderat
625 1126 828 1172 Egnatius),
878 1135 914 1162 et
940 1136 995 1162 est
1022 1128 1142 1174 utique
1169 1128 1397 1175 exquisitius,
1429 1127 1591 1173 adeoque
1619 1131 1731 1173 poeta

195 1174 355 1220 dignius,
389 1186 491 1219 quam
520 1175 699 1219 vulgatum
729 1177 874 1222 gentis,
908 1188 1023 1221 neque
1047 1177 1288 1223 exemplorum
1317 1175 1457 1222 agmine
1479 1175 1619 1209 firmare
1641 1185 1730 1219 opus

197 1229 288 1256 erat.
335 1222 527 1255 Habebant
542 1221 662 1269 plebis
681 1234 803 1256 omnes
820 1223 986 1265 Martini,
1013 1236 1082 1258 uno
1100 1225 1239 1259 Bodlei.
1264 1230 1431 1270 except03
1465 1223 1603 1257 habent
1628 1228 1730 1255 uter-

194 1283 263 1316 que
284 1269 490 1312 Gothanus,
518 1276 554 1302 et
573 1271 667 1314 apud
689 1271 822 1305 Colum.
843 1272 909 1312 IX,
936 1273 992 1314 10,
1016 1273 1040 1307 2
1064 1272 1250 1316 meliores,
1275 1272 1311 1305 in
1331 1284 1400 1318 quo
1425 1271 1516 1305 aliae
1537 1269 1730 1304 diversita-

193 1325 249 1351 tes
272 1316 386 1351 videri
407 1324 576 1363 possunt:
600 1317 725 1351 laudat
749 1318 857 1352 enim:
882 1319 1051 1365 Namque
1068 1320 1165 1353 duae
1182 1315 1554 1368 regumjacies,duo
1572 1330 1635 1352 cor
1663 1328 1732 1351 ora

188 1363 330 1413 plebi-93
353 1365 462 1399 Alter
492 1365 563 1398 erit
589 1366 746 1399 maculis
770 1379 865 1400 auro
892 1366 1154 1412 squalentibus
1176 1368 1334 1408 ardens3
1370 1370 1420 1401 Eo
1449 1366 1576 1400 rutilis
1604 1375 1732 1399 carus

193 1413 359 1458 squamis
374 1413 535 1459 insignis
553 1421 589 1445 et
609 1426 685 1447 ore:
721 1426 763 1446 ex
783 1426 852 1448 VSS.
885 1415 942 1449 91.
963 1415 1020 1450 92.
1038 1415 1095 1450 93.
1147 1416 1213 1460 (-——
1234 1416 1291 1451 96.
1321 1416 1444 1460 turpis
1462 1412 1593 1447 Medic.
1631 1414 1689 1447 W
1685 1411 1729 1456 r.)

193 1461 240 1496 97
266 1468 303 1493 et
322 1461 416 1494 sicco
434 1468 574 1493 terram
595 1460 734 1506 aliquot
750 1461 923 1502 Pieriani3
959 1473 1070 1506 porro
1091 1463 1219 1497 Medic.
1245 1462 1336 1496 Gud.
1355 1463 1485 1498 Moret.
1504 1472 1559 1506 pr.
1581 1466 1618 1494 et
1635 1461 1731 1494 Rot-

192 1507 291 1541 tend.
310 1513 395 1541 tert.
443 1507 489 1540 Et
512 1506 562 1540 sic
581 1509 675 1553 apud
694 1509 826 1543 Colum.
848 1509 872 1542 l.
897 1509 921 1543 l.
970 1512 1063 1543 Ante
1081 1510 1203 1545 Heins.
1227 1519 1263 1544 et
1282 1518 1420 1544 terram
1439 1510 1555 1551 sicco,
1590 1514 1630 1541 ut
1648 1506 1731 1541 vul-

194 1567 240 1599 go
271 1566 403 1588 omnes.
450 1555 554 1600 Apud
584 1555 812 1590 Columellam
845 1568 972 1603 porro:
1013 1570 1122 1604 quam
1140 1559 1300 1606 pulvere
1324 1556 1370 1591 ab
1398 1557 1476 1591 alto
1507 1559 1592 1589 Cum
1617 1556 1731 1589 venit.

193 1604 409 1636 Burmannus
439 1602 529 1636 coni.
564 1616 630 1636 ceu
657 1604 815 1650 pulvere
837 1605 996 1638 anhelas
1027 1608 1114 1639 Cum
1141 1607 1255 1640 venit.
1303 1607 1351 1638 At
1378 1602 1598 1638 inserviebat
1620 1602 1731 1636 Colu-

192 1650 299 1684 mella
329 1649 527 1683 sententiae
558 1663 664 1693 suae,
699 1658 738 1685 ut
775 1664 817 1685 ex
846 1652 1002 1685 lectione
1031 1653 1138 1687 facile
1167 1659 1332 1699 apparet.
1377 1652 1519 1686 Laudat
1542 1649 1632 1684 enim
1661 1650 1729 1684 sic:

191 1701 317 1744 Atque
337 1698 397 1731 hic
414 1698 567 1731 maxime
579 1697 785 1744 probatur,
818 1701 883 1746 qui
901 1708 957 1733 est
978 1702 1127 1746 melior3
1152 1714 1238 1735 nam
1252 1701 1438 1742 deterior,
1463 1699 1615 1733 sordido
1637 1710 1731 1746 spu-

194 1755 232 1780 to
251 1745 401 1785 simili-53
436 1753 512 1778 tam
535 1744 679 1791 foedus
705 1759 832 1793 quam,
858 1747 1005 1792 pulvere
1038 1749 1081 1782 ab
1104 1749 1178 1782 alto
1202 1761 1278 1782 cum
1301 1747 1401 1781 venit
1429 1753 1465 1780 et
1483 1746 1578 1780 sicco
1597 1751 1731 1780 terram

193 1792 291 1839 spuit
313 1803 375 1825 ore
400 1791 535 1833 viator,
564 1801 619 1834 et,
656 1802 698 1827 ut
713 1794 810 1827 idem
825 1796 898 1836 αιί,
932 1794 1069 1830 desidia
1097 1797 1276 1841 latamque
1303 1795 1453 1828 trahens
1476 1792 1648 1839 inglorius
1672 1792 1731 1827 al-

192 1851 293 1880 vum3
321 1840 378 1885 (ex
398 1851 448 1872 vs.
474 1839 533 1883 94)
563 1843 695 1874 Omnes
722 1842 840 1887 igitur
867 1842 980 1875 duces
1008 1843 1205 1878 deterioris
1225 1852 1338 1877 notae
1366 1842 1460 1876 dede
1476 1840 1578 1884 neci,
1600 1840 1731 1874 melior

114 2596 119 2603 '
192 2596 338 2633 maior.

192 1898 302 1922 vacua
332 1887 407 1920 sine
434 1893 561 1931 regnet
589 1887 626 1920 in
653 1887 753 1921 aula:
799 1889 857 1934 (ex
883 1901 932 1922 νε.
950 1889 1010 1934 90)
1037 1892 1102 1936 qui
1129 1899 1252 1924 tamen
1273 1899 1309 1923 et
1333 1891 1413 1937 ipse
1438 1889 1660 1936 spoliandus
1674 1895 1732 1923 est

193 1935 285 1976 alis,
331 1933 395 1968 ubi
430 1936 580 1980 saepius
609 1947 689 1968 cum
726 1937 892 1969 examine
929 1949 997 1970 suo
1032 1946 1192 1971 conatur
1221 1939 1416 1984 eruptione
1449 1934 1562 1982 sacta
1589 1933 1731 1982 profu-

191 1995 284 2030 gere
308 1988 375 2016 etc.

479 1982 525 2016 99
551 1990 587 2015 et
614 1982 717 2015 abest
744 1982 781 2015 in
808 1982 909 2016 libris
940 1984 1034 2028 apud
1057 1984 1190 2019 Colum.
1222 1985 1287 2026 IX,
1311 1984 1345 2026 4,
1371 1985 1406 2019 2.
1454 1983 1523 2017 Pro
1555 1983 1625 2017 lita
1653 1979 1731 2016 erat

192 2028 248 2063 ila
275 2030 407 2062 Moret.
445 2035 556 2074 quart.
614 2031 730 2065 Antea
758 2042 836 2064 cum
866 2029 1092 2077 Philargyrio
1121 2033 1385 2078 interpunctum
1417 2036 1512 2065 erat:
1553 2030 1734 2064 ardentes

192 2089 309 2120 auro,
335 2085 370 2110 et
387 2090 427 2124 P-

195 2197 297 2237 quae
324 2198 424 2224 vero
462 2191 626 2225 tantum
651 2187 700 2226 ab
719 2188 938 2240 asperitate

193 2250 433 2298 spectantur
445 2275 456 2294 ‚
492 2258 536 2282 ea
552 2245 707 2284 horrere
726 2246 936 2297 dicuntur,

193 2302 318 2342 etiam
340 2302 424 2342 sine
445 2302 628 2342 sordium
649 2305 827 2345 notione.
866 2309 935 2348 92.

193 2363 371 2413 insignis
395 2375 458 2399 ore
472 2392 482 2410 ,
518 2362 670 2413 forma,
686 2373 800 2403 ‘mox
817 2377 857 2404 v.
880 2364 934 2407 95

178 2420 346 2473 faeiem
368 2419 486 2458 dixit.
498 2420 600 2459 Plin.
616 2421 688 2471 XI,
704 2425 756 2464 16
788 2422 935 2461 Omni-

192 2477 265 2517 bus
280 2476 473 2532 (regibus)
480 2478 628 2530 forma
649 2495 807 2532 semper
825 2496 934 2534 egre-

192 2538 272 2589 gia
310 2545 347 2575 et
394 2536 520 2588 duplo
534 2567 545 2586 ,
599 2553 726 2591 quam
769 2542 906 2579 ceteris
918 2571 929 2590 ,

403 2597 472 2637 93.
504 2596 609 2634 aller
636 2597 705 2635 ille
726 2597 928 2648 lzonidus,

190 2652 334 2692 foedus
383 2652 580 2705 adspectu
635 2652 749 2708 (mox
797 2664 932 2708 turpes

190 2711 350 2750 horrent
370 2741 380 2761 ,
432 2711 575 2750 eodem
616 2726 738 2752 sensu
774 2728 814 2754 v.
844 2713 931 2769 96).

192 2769 376 2819 desidia,
421 2769 581 2809 incultu
612 2777 653 2809 et
676 2772 931 2824 negligentia,

191 2834 233 2867 et
251 2827 332 2867 hoc
348 2827 434 2881 ipso
452 2828 584 2867 latam
602 2830 764 2868 trahens
775 2832 929 2880 alvum,

194 2887 360 2936 obesus,
390 2882 682 2941 πλατυγάστωρ
704 2888 815 2940 apud
836 2888 931 2927 Ari-

190 2945 389 2984 stotelem.
447 2943 633 2984 Aliorum
651 2945 742 2985 loca
759 2946 844 2986 vid.
866 2960 929 3000 ap.

191 3004 320 3043 Guell.
345 3010 386 3043 et
403 3003 588 3043 Cerdam.

249 3064 318 3106 96.
350 3071 486 3115 turpes
521 3062 679 3101 horrent
704 3074 781 3116 pro
811 3069 923 3114 sunt,

995 2187 1067 2227 sed
1117 2201 1211 2227 cum
1261 2187 1430 2227 notione
1479 2183 1729 2239 asperitatis:

997 2247 1104 2286 conf.
1127 2246 1179 2285 ad
1197 2260 1256 2286 VS.
1281 2248 1352 2289 91.
1382 2260 1455 2285 ceu
1478 2247 1612 2285 viator
1632 2244 1732 2282 hor-

994 2314 1051 2344 ret
1062 2336 1072 2354 ,
1107 2319 1234 2359 quum
1253 2306 1361 2344 venit
1378 2303 1430 2343 ab
1445 2304 1529 2342 alto
1546 2303 1728 2356 pulvere,

995 2364 1075 2402 alte
1108 2378 1132 2402 a
1160 2369 1286 2403 vento
1321 2363 1364 2401 in
1403 2375 1537 2402 aerem
1568 2362 1728 2414 levato,

995 2428 1107 2473 acto3
1137 2435 1213 2475 pro
1231 2421 1420 2474 simplici:
1452 2435 1476 2459 a
1496 2421 1564 2461 via
1581 2420 1729 2475 pulve-

991 2480 1166 2520 rulenta.
1214 2482 1327 2532 spuit
1359 2488 1505 2519 terram
1528 2510 1540 2530 ,
1585 2485 1659 2518 aut
1683 2479 1730 2519 in

993 2545 1168 2590 terram3
1207 2538 1265 2577 ait
1291 2539 1404 2578 Serv.
1435 2552 1513 2591 pro
1551 2551 1728 2592 compos.

992 2597 1177 2650 adspuit,
1214 2596 1389 2649 inspuit:
1436 2602 1509 2635 aut
1549 2609 1595 2635 re
1628 2609 1728 2636 vera

990 2662 1167 2706 terram,
1206 2661 1378 2708 propter
1403 2655 1636 2707 pulverem,
1672 2668 1728 2711 ες).

990 2720 1039 2753 ut
1063 2720 1175 2753 terra
1212 2713 1322 2751 dicta
1350 2712 1402 2751 sit
1432 2727 1508 2766 pro
1535 2713 1734 2766 pulvere;¹

990 2772 1112 2824 spuit,
1144 2771 1318 2823 exspuit,
1349 2771 1571 2824 pulverem.
1604 2769 1726 2825 (Sane

988 2830 1062 2868 sic:
1087 2831 1300 2882 pulverem
1318 2832 1477 2881 exspuit
1485 2845 1501 2878 ;
1525 2829 1621 2869 vide
1644 2830 1726 2869 Co-

987 2888 1085 2927 lum.
1097 2889 1146 2927 ab
1166 2888 1298 2941 Heyn.
1316 2887 1361 2926 in
1372 2888 1420 2928 V.
1430 2888 1472 2927 L.
1482 2887 1593 2927 laud.
1609 2888 1681 2930 W
1673 2885 1724 2943 r.)

986 2946 1161 2996 Aridus,
1198 2960 1274 3000 pro
1302 2946 1451 2996 siccus,
1489 2945 1627 2985 sitiens
1634 2960 1646 2997 3
1674 2951 1730 2994 ut¹

989 3000 1162 3054 αὐαλέος
1196 3005 1307 3059 apud
1336 3004 1489 3044 Gallim.
1515 3004 1559 3043 in
1586 3003 1673 3045 Cer.
1695 3005 1729 3047 6⁴

986 3058 1048 3105 ὄπ’
1064 3059 1138 3116 ἀφ’
1155 3061 1342 3106 αὖαλέων
1361 3058 1574 3117 στομάτων
1589 3058 1734 3123 πτύωο,
