1768 3320
15 3252 36 3320 Ἦν(

158 229 338 266 cxxxvl
650 200 1178 258 TESTIMONIA

157 344 311 396 Felix,
342 341 559 384 intactum
581 334 799 393 Corydon
823 330 901 390 qui
924 334 1063 371 tentat
1083 323 1245 371 Alexin

217 398 445 459 Agricolae
464 394 636 438 domini
653 406 834 451 carpere
859 386 1050 430 delicias!

163 457 382 515 Quamvis
403 454 476 497 ille
503 467 629 495 suam
651 450 791 492 lassus
811 445 1044 503 requiescit
1068 454 1273 484 avenam:

223 515 453 560 Laudatur
476 510 622 553 faciles
646 509 761 550 inter
784 498 1134 559 Hamadryadas·

165 576 243 620 Tu
266 572 382 616 canis
405 569 574 612 Ascraei
598 565 753 609 veteris
771 567 1002 621 praecepta
1024 563 1194 615 poetae,

223 632 328 686 Quo
348 643 467 685 seges
484 628 529 668 in
551 638 712 681 campo
726 653 738 675 ,
772 635 863 677 quo
888 618 999 660 viret
1020 614 1157 657 herba
1181 613 1300 670 iugo.

165 690 277 735 Tale
301 687 408 732 facis
437 697 615 727 carmen
651 681 778 723 docta
803 675 1045 721 testudine,
1081 670 1211 728 quale

224 745 448 806 Cynthius
468 739 689 799 impositis
707 741 928 793 temperat
946 730 1157 775 articulis.

342 849 927 914 QUINCTlLIANUS
962 847 1066 892 Lib.
1097 844 1160 899 X,
1191 860 1294 903 cap.
1317 848 1356 897 1,
1386 813 1518 900 §.sa

281 941 405 984 Idem
426 937 553 981 nobis
576 950 659 994 per
675 934 904 976 Romanos
933 941 1115 987 quoque
1135 933 1338 969 auctores
1370 924 1485 970 ordo
1521 923 1693 967 ducen—

170 1002 253 1045 dus
275 1006 353 1042 est.
410 997 566 1053 Itaque
592 1001 642 1035 ut
677 990 797 1049 apud
827 988 927 1031 illos
945 987 1199 1037 HomerUS,
1230 984 1294 1025 sic
1324 983 1445 1042 apud
1470 997 1554 1026 nos
1585 982 1695 1025 Vir-

170 1059 321 1117 gilius,
350 1051 753 1112 auspicatissimum
781 1046 952 1089 dederit
971 1042 1235 1087 exordium:
1271 1041 1480 1084 omnium
1506 1040 1599 1084 eius
1617 1054 1695 1097 ge-

171 1131 290 1160 neris
328 1120 568 1173 poetarum
597 1109 875 1150 Graecorum
915 1109 1274 1157 nostrorumque
1303 1098 1371 1142 illi
1406 1099 1529 1142 haud
1562 1097 1695 1140 dubie

172 1171 426 1233 proximus.
488 1167 603 1212 Utar
629 1165 745 1208 enim
777 1162 921 1205 verbis
955 1159 1138 1211 iisdem,
1179 1173 1295 1215 quae
1322 1157 1376 1200 ab
1399 1157 1511 1200 Afro
1531 1155 1696 1199 Domi-

172 1232 236 1274 tio
272 1228 439 1272 iuvenis
475 1224 644 1283 accepi,
699 1222 777 1279 qui
814 1219 926 1263 mihi
964 1216 1278 1274 interroganti,
1320 1230 1458 1273 quem
1493 1215 1696 1257 Homero

175 1288 371 1332 crederet
396 1283 594 1326 maxime
627 1279 849 1332 accedere,
882 1276 1134 1326 Secundus,
1164 1274 1336 1331 inquit,
1375 1281 1440 1316 est
1462 1273 1541 1316 Vir
1574 1271 1697 1314 ilius:

173 1345 365 1406 propior
397 1349 547 1383 tamen
568 1340 721 1398 primo
737 1369 748 1390 ‚
783 1352 918 1395 quam
941 1334 1092 1377 tertio.
1154 1331 1212 1374 Et
1237 1332 1413 1384 hercle,
1454 1338 1505 1374 ut
1528 1331 1539 1373 i
1563 1330 1592 1372 li
1615 1345 1699 1372 na-

174 1412 299 1446 turae
326 1399 494 1443 caelesti
525 1405 658 1455 atque
690 1393 937 1438 immortali
963 1391 1255 1443 cesserimus,
1289 1390 1351 1433 ita
1371 1404 1504 1434 curae
1531 1396 1574 1432 et
1595 1387 1695 1430 dili-

175 1460 343 1519 gentiae
361 1456 430 1501 vel
452 1456 551 1498 ideo
571 1456 616 1497 in
636 1454 720 1496 hoc
753 1453 855 1511 plus
889 1459 974 1501 est,
1008 1449 1132 1507 quod
1154 1449 1201 1500 ei>
1218 1447 1307 1491 fuit
1326 1449 1467 1506 magis
1486 1446 1700 1490 laboran-

176 1519 304 1568 dum3
341 1522 382 1558 et
407 1521 623 1572 quantum
647 1509 1018 1554 eminentioribus
1039 1508 1288 1561 vincimur,
1318 1506 1513 1550 fortasse
1530 1518 1702 1563 aequa-

176 1576 297 1618 litate
318 1587 572 1633 pensamus.
634 1570 780 1613 Ceteri
800 1583 957 1611 omnes
981 1565 1115 1624 longe
1135 1573 1406 1623 sequuntur.

633 1683 1038 1728 ANTHOLOG.
1080 1683 1135 1738 V,
1167 1683 1235 1727 74.

186 1773 268 1815 Καὶ
288 1773 407 1824 φίλος
427 1766 670 1811 Αὐσονίοισι
685 1765 908 1822 λιγύθροος
930 1766 1078 1821 ἔπρεπε
1097 1762 1250 1817 κύκνος

190 1831 352 1872 Πνείων
374 1825 535 1881 εὕεπίης
555 1826 799 1881 Βιργίλλιος·
830 1823 876 1867 ὅν
894 1840 991 1867 ποτε
1004 1820 1160 1878 Ῥώμης

190 1884 401 1943 Θυμβριοές
422 1881 740 1940 ἅλλον“’Ὀμηρον
762 1879 957 1938 ἀνέτρεφε
973 1880 1288 1939 πατρίδοςῦῆχώ.

526 1985 835 2030 STATIUS
868 1986 1068 2030 THEB.
1109 1986 1223 2040 XII,
1266 1991 1364 2032 816.

468 2068 557 2111 Nec
574 2076 626 2111 tu
648 2067 844 2111 divinam
864 2067 1056 2111 Aeneida
1077 2075 1214 2120 tenta,

190 2128 278 2171 Sed
303 2126 436 2183 longe
458 2141 665 2183 sequere,
697 2134 740 2169 et
762 2126 938 2184 vestigia
961 2141 1142 2184 semper
1162 2126 1311 2170 adora.

296 2229 374 2271 AL
389 2228 542 2272 CIMI
574 2230 630 2275 de
667 2229 876 2289 Virgilio
905 2239 949 2275 et
973 2230 1179 2275 Homero
1218 2231 1333 2288 (vid.
1361 2230 1611 2289 Antlzolog.

694 2299 807 2343 Lat.
825 2299 895 2353 II,
928 2316 995 2359 ep.
1018 2301 1134 2356 177).
1149 2301 1193 2357 '⁶‘)

194 2364 401 2410 Maeonio
422 2367 527 2419 vati,
562 2368 660 2425 quis
688 2384 772 2426 par
799 2369 867 2412 vel
929 2371 1138 2414 roximus
1160 2378 1270 2415 esset

255 2422 496 2468 Consultus
521 2424 658 2467 Paean
679 2427 797 2478 risit,
828 2434 871 2470 et
893 2385 1001 2471 iiaec
1024 2429 1198 2472 cecinit:
1272 2403 1285 2425 '

197 2482 244 2525 Si
270 2481 418 2556 potuit
439 2483 580 2547 nasci,
614 2497 749 2540 quem
772 2491 822 2526 tu
846 2487 1115 2543 sequereris,
1145 2487 1343 2530 Homere

256 2540 472 2582 hascetur
496 2554 573 2597 qui
593 2546 637 2583 te
658 2541 820 2599 possit,
851 2542 1073 2598 Homere,
1101 2544 1244 2603 sequi.
1344 2519 1358 2542 ⁹

371 2654 425 2698 D.
459 2654 931 2702 AUGUSTINUS
966 2658 1023 2704 de
1044 2659 1140 2704 civ.
1159 2660 1255 2706 Dei
1275 2659 1352 2704 lib.
1373 2660 1414 2715 I,
1446 2675 1482 2704 c.
1507 2664 1548 2704 3.

320 2734 561 2800 Virgilium
593 2736 725 2793 pueri
754 2737 923 2802 legant,
965 2747 1018 2782 ut
1043 2749 1175 2798 poeta
1202 2754 1394 2799 magnus
1424 2740 1727 2798 omniumque

202 2791 587 2895 praeclarissimus
608 2800 742 2858 atque
761 2803 990 2860 optimuS,
1026 2799 1188 2842 teneris
1207 2799 1439 2844 imbibitus
1462 2798 1588 2843 annis
1631 2811 1726 2841 non

224 2850 330 2894 acile
351 2849 575 2893 Obllvlone
594 2860 735 2909 possit
755 2852 935 2896 aboleri.
1590 2831 1603 2853 '

250 2976 278 3021 Ἰ
302 2975 356 3010 De
383 2975 454 3011 hoc
479 2975 714 3011 Grammatico
738 2977 809 3011 vid.
839 2979 1063 3014 Wernsdorf.
1087 2983 1188 3018 Poet.
1206 2984 1288 3020 min.
1315 2986 1359 3038 T7
1379 2986 1440 3020 Vl.
1456 2984 1496 3019 1³.
1522 2985 1547 3018 1.
1570 2993 1654 3029 pag.
1671 2981 1730 3017 27.
