1734 3320
146 248 249 296 666
477 244 534 295 Ρ.
571 242 934 297 VIRGILII
968 241 1355 294 MARONIS

146 374 293 422 Tum
312 369 489 422 variae
514 369 738 422 eludent
757 370 964 437 species
984 379 1146 439 atque
1170 386 1264 420 ora
1287 367 1543 421 serarum.

142 442 262 493 Fiet
288 442 436 508 enim
459 441 638 492 subito
664 458 751 492 sus
774 440 1030 491 horridus
1044 483 1057 506 ,
1095 450 1316 510 atraque
1336 440 1507 506 tigriS,

145 515 591 582 Squamosusque
613 512 819 576 draco5
841 520 895 562 et
918 510 1065 562 fulva
1089 513 1297 563 cervice
1317 510 1534 572 leaena3

143 587 253 636 Aut
272 601 454 635 acrem
473 582 728 633 flammae
746 582 988 632 sonitum
1009 582 1183 647 dabit,
1222 591 1384 649 atque
1405 582 1476 631 ita
1495 579 1684 632 vinclis

141 654 391 720 Excidet,
429 663 519 704 aut
540 655 596 703 in
623 670 785 721 aquas
811 661 1005 703 tenues
1032 652 1265 720 dilapsus
1292 652 1471 704 abibit.
1579 655 1683 703 410

146 724 282 791 Sed,
322 734 524 794 quanto
547 724 635 774 ille
658 724 828 790 magis
851 721 1057 774 formas
1081 740 1139 774 se
1160 731 1335 773 vertet
1351 723 1406 772 in
1429 722 1624 788 omniS‚

144 799 348 862 Tanto,
386 804 537 860 nate,
573 795 743 861 magis
763 794 1039 845 contende
1062 794 1270 845 tenacia
1294 793 1490 846 vincla:

141 870 333 918 Donec
353 866 469 917 talis
494 866 596 917 erit
615 875 826 916 mutato
851 882 1106 933 corpore,
1145 864 1366 933 qualem

141 938 381 1003 Videris,
417 939 637 1005 incepto
660 945 871 1003 tegeret
893 954 1066 1005 quum
1089 935 1296 986 lumina
1319 950 1534 987 somno,

188 1077 262 1115 406
286 1079 442 1114 eludent
460 1079 583 1114 Heins.
606 1078 798 1114 secundum
820 1078 988 1114 meliores
1002 1106 1011 1122 ‚
1042 1078 1174 1114 Medic.
1197 1084 1235 1113 et
1262 1077 1322 1121 al.,
1357 1077 1465 1112 etiam
1485 1075 1582 1122 apud
1597 1074 1684 1109 Pie-

141 1127 232 1162 rium
259 1133 296 1160 et
321 1126 513 1161 Martinum
543 1139 622 1161 cum
649 1126 760 1161 Goth.
790 1138 859 1160 seo.
896 1139 940 1161 ex
967 1127 1048 1161 edd.
1078 1127 1174 1160 Brix.
1224 1128 1404 1168 Quorsum
1432 1123 1520 1157 item
1547 1123 1683 1156 referas

141 1175 302 1209 eludunt
323 1174 362 1207 in
382 1174 568 1221 Oblongo,
608 1181 646 1209 et
673 1174 789 1208 tribus
818 1174 978 1218 Heinsii,
1013 1181 1050 1208 et
1078 1175 1213 1208 ludent
1236 1174 1387 1208 Roman.
1429 1172 1490 1218 (et
1509 1169 1544 1206 4.
1574 1169 1682 1215 Wr.)

140 1225 188 1257 At
207 1222 314 1267 vulgo
345 1221 478 1256 editum
503 1222 688 1267 illudent,
720 1228 782 1256 aut
810 1222 996 1264 illudum3
1022 1223 1120 1268 quod
1150 1227 1206 1256 est
1233 1221 1280 1255 ad
1295 1220 1477 1266 vulgarem
1495 1218 1683 1261 rationem,

141 1269 309 1304 idoneum
334 1276 455 1304 tamen
474 1275 511 1304 et
535 1269 663 1315 ipsum.
696 1270 807 1316 (Serv.
827 1270 955 1304 Dresd.
975 1270 1124 1304 ludunt.
1171 1270 1269 1302 Bene
1298 1268 1472 1310 eludent,
1507 1266 1604 1312 quod
1623 1265 1684 1299 di-

142 1317 234 1352 citur
260 1318 306 1351 de
333 1316 397 1360 iis,
434 1317 495 1364 qui
523 1324 601 1352 arte
627 1323 689 1351 aut
714 1317 906 1352 velocitate
939 1330 977 1352 se
1007 1316 1225 1351 subtrahunt
1253 1322 1414 1363 capturo.
1462 1313 1564 1348 ovid.
1595 1314 1684 1347 Met.

141 1366 246 1408 Vm,
283 1366 385 1401 687.:
424 1365 522 1409 „Ille
552 1365 649 1400 celer
677 1377 795 1411 penna
820 1366 944 1400 tardos
976 1371 1094 1399 aetate
1121 1364 1272 1410 fatigat,
1318 1362 1558 1408 Eluditque
1586 1360 1683 1395 diu.“

146 1412 243 1458 Wr.)
338 1412 411 1449 407
434 1422 522 1448 atra
552 1414 682 1461 tigris:
715 1412 841 1446 mirum
863 1413 1061 1459 epitheton.
1109 1416 1200 1447 Sunt
1225 1411 1338 1457 tigres
1358 1410 1497 1453 variae,
1521 1408 1684 1443 maculo-

140 1473 212 1495 sae.
270 1463 370 1495 Serv.
398 1461 657 1507 interpretatur
684 1463 868 1503 „saeva.“
918 1461 981 1495 Iul.
1005 1461 1088 1495 Sab.
1113 1471 1318 1504 „venenosa
1337 1458 1442 1504 tigris
1474 1462 1511 1491 et
1540 1458 1683 1491 saeva.“

139 1508 277 1543 Saltem
306 1508 513 1543 dicendum:
547 1514 734 1555 serpentes
756 1507 830 1543 dici
855 1515 954 1543 atros
989 1509 1055 1543 Ge.
1074 1510 1101 1551 Ι,
1129 1509 1210 1551 129,
1229 1520 1262 1542 v.
1284 1507 1402 1541 Bentl.
1433 1505 1479 1540 ad
1497 1505 1623 1539 Horat.
1651 1504 1685 1538 11

140 1559 252 1591 Serm-
273 1558 316 1599 8,
348 1557 415 1600 95,
448 1556 493 1591 ab
515 1562 595 1591 atro
627 1567 783 1598 veneno;
815 1555 900 1591 hinc
928 1563 1043 1591 atrum
1074 1555 1216 1590 omnino
1249 1567 1327 1589 esse
1344 1565 1413 1600 pro
1444 1564 1563 1587 saevo.
1611 1551 1684 1587 Sed

140 1610 255 1638 atrum
276 1603 419 1638 omnino
440 1604 536 1650 quod
556 1610 734 1638 terrorem
752 1603 861 1638 facit:
887 1612 974 1638 atra
993 1605 1149 1638 venenis
1168 1603 1246 1637 tela
1273 1614 1331 1648 ap.
1353 1601 1527 1636 Ovidium.
1575 1607 1685 1634 atrae

140 1652 339 1697 Erinnyes.
372 1651 494 1688 Valet.
521 1652 574 1686 Fl.
597 1653 641 1695 ΙΙ,
665 1651 735 1688 205
755 1659 935 1699 atraeque
954 1654 1062 1700 genis
1083 1649 1315 1700 pallentibus
1332 1651 1431 1684 Irae.
1478 1650 1530 1683 Io.
1549 1647 1684 1683 Schra-

139 1699 217 1733 der.
243 1699 334 1734 coni.
361 1700 486 1743 hirta,
527 1699 626 1746 quod
653 1711 726 1733 non
752 1699 866 1733 minus
892 1699 1064 1734 insolens.
1122 1699 1191 1746 (—-
1215 1698 1298 1734 409.
1323 1698 1486 1732 sonitum
1503 1697 1685 1743 flammae

139 1746 270 1781 Medic.
286 1747 439 1781 testibus
460 1749 488 1781 F
491 1747 637 1793 ogginio
656 1753 693 1781 et
713 1747 922 1793 Freytagio.
954 1746 1050 1792 Wr.)
1145 1745 1218 1782 410
1242 1746 1367 1780 tenuis
1380 1744 1496 1778 multi.
1531 1743 1581 1790 (in
1601 1743 1684 1789 qui-

140 1794 206 1828 bus
233 1795 386 1836 Medic.;
418 1796 527 1830 modo
556 1796 682 1830 tenuis
709 1794 754 1828 ad
781 1807 888 1840 aquas
916 1794 1065 1829 referas.
1102 1793 1200 1838 Wr.)
1250 1794 1292 1827 in
1316 1805 1415 1839 aqua
1435 1793 1562 1826 tenuis
1580 1790 1683 1825 Leid.

140 1839 289 1876 habebit
311 1842 454 1886 Medic„
481 1842 674 1876 subnotato
694 1842 732 1876 h.
752 1854 794 1875 ex
814 1841 974 1885 lzabibit‚
1008 1848 1049 1876 ut
1073 1841 1111 1875 in
1128 1843 1301 1876 Romano.
1347 1841 1381 1886 (e
1397 1839 1433 1872 in
1451 1837 1598 1874 habebit
1616 1838 1653 1872 in
1670 1838 1686 1872 i

811 1888 881 1925 411
918 1891 1032 1924 vertit
1067 1900 1195 1923 novem
1227 1887 1322 1933 apud
1345 1889 1461 1921 Burm.
1489 1886 1560 1920 duo
1590 1885 1685 1932 apud

139 1895 300 1923 mntatur
324 1902 362 1923 m
386 1890 564 1924 Medlcem
602 1890 703 1933 ΨΥ.)
858 1937 931 1973 412
956 1937 1031 1971 Sed
1061 1948 1133 1983 quo
1151 1944 1243 1970 nate
1269 1937 1389 1982 magis
1406 1934 1532 1980 fragm.
1551 1934 1683 1968 Moret.

140 1936 285 1971 Martin.
304 1937 412 1972 Goth.
436 1950 490 1983 pr.
541 1945 670 1971 vertat
689 1937 763 1971 Erf.

138 1984 277 2019 Laudat
305 1986 422 2019 Burm.
449 1986 577 2019 Donat.
602 1985 648 2019 ad
675 1986 823 2019 Terent.
853 1985 984 2030 Hecyr.
1015 1985 1082 2026 111,
1107 1982 1150 2025 4,
1175 1984 1210 2019 3.
1263 1985 1425 2017 Tantum
1449 1990 1539 2015 nate
1565 1982 1685 2029 magis

64 2036 68 2037 ⁷
139 2031 233 2077 legi,
258 2039 405 2067 notatur
426 2032 465 2067 in
487 2031 675 2067 Servianis.
697 2033 835 2078 (Lectio
848 2040 996 2066 tantum
1015 2031 1169 2066 aServio
1192 2035 1469 2065 commemorata
1490 2029 1683 2063 mendosae

140 2079 338 2124 scripturae
364 2080 490 2114 deberi
517 2080 680 2123 videtur,
714 2092 805 2127 quae
833 2086 973 2114 servata
993 2079 1101 2114 estin
1116 2078 1303 2121 Mediceo,
1342 2077 1404 2111 ubi
1425 2083 1540 2110 exstat
1559 2082 1683 2119 tantu,

140 2127 378 2162 circumducta
406 2128 552 2162 miniata
580 2127 734 2171 lineola,
777 2134 816 2161 ut
846 2127 910 2160 fiat
935 2135 1055 2162 tanto.
1104 2126 1162 2160 Sic
1193 2124 1336 2171 saepius
1357 2124 1395 2158 in
1424 2124 1587 2158 Mediceo
1614 2135 1682 2170 pro

137 2174 237 2208 finali
259 2188 279 2209 o
296 2175 540 2222 reperituru,
563 2182 604 2209 ut
623 2178 708 2210 Aen.
731 2177 794 2219 IV,
822 2175 900 2211 177.
922 2175 1006 2209 sola
1019 2201 1029 2218 ,
1061 2176 1108 2216 V,
1132 2174 1189 2209 69.
1208 2173 1349 2215 cruda,
1376 2172 1472 2218 quod
1491 2171 1579 2206 item
1596 2184 1618 2206 a
1634 2184 1682 2206 m.

139 2234 210 2256 sec.
229 2222 268 2256 in
287 2224 369 2258 solo
397 2230 435 2258 et
455 2224 572 2258 crudo
591 2229 760 2257 mutatur.
789 2225 847 2258 W
842 2222 890 2267 r.)
939 2231 1057 2270 gnate
1073 2221 1175 2255 fluxit
1203 2233 1221 2254 e
1247 2227 1402 2254 recentt.
1425 2220 1507 2254 edd.
1610 2217 1684 2255 414

138 2271 286 2318 incepto
306 2292 351 2296 —
369 2284 497 2306 somno
521 2271 637 2305 videri
664 2277 788 2316 potest
812 2270 934 2317 paullo
964 2269 1116 2304 ieiunius
1143 2268 1294 2310 dictum3
1329 2267 1427 2313 quod
1455 2268 1683 2302 observatum

139 2329 282 2364 quoque
302 2318 451 2353 Reiskio
470 2325 559 2353 erat.
591 2318 755 2354 Proclive
775 2325 848 2360 est,
874 2329 1052 2363 reponere
1069 2318 1225 2359 incerto,
1251 2315 1363 2361 qualis
1383 2314 1518 2362 primus
1540 2326 1682 2349 somnus

140 2371 206 2398 est.
255 2368 302 2400 At
322 2366 413 2400 male
431 2366 502 2401 hoc
520 2366 635 2401 fieret.
683 2367 865 2400 Habemus
887 2365 979 2405 enim
995 2367 1082 2400 Aen.
1099 2365 1182 2407 XII,
1207 2364 1278 2399 822
1295 2365 1482 2411 inceptum
1496 2361 1681 2410 furorem.

137 2414 208 2494 {Va
225 2413 295 2449 316
323 2415 492 2462 inceptos
519 2415 754 2460 hymenaeos.
803 2415 866 2457 VI,
889 2411 961 2449 493
987 2414 1160 2461 inceptus
1187 2411 1351 2454 clamor5
1388 2415 1426 2444 et
1442 2410 1494 2446 sic
1510 2409 1582 2445 alia
1599 2409 1682 2445 aliis

154 2472 240 2494 ocls.

139 2580 338 2620 cusabant
375 2580 515 2633 itaque
536 2587 650 2621 vates
673 2581 809 2621 subire
826 2581 881 2621 il-

136 2639 199 2679 los
219 2653 411 2692 spasmOS.
441 2640 551 2679 Hinc
572 2640 622 2679 de
636 2641 785 2680 Proteo
800 2654 880 2680 vss.

138 2697 224 2742 406
243 2712 273 2738 S.
297 2696 397 2740 440.
418 2696 518 2741 450.
541 2697 641 2742 451.

196 2755 390 2800 401..Ex
410 2756 487 2797 Od.
502 2758 538 2806 δ,
556 2756 642 2800 400
660 2771 767 2809 sqq.;
797 2771 879 2810 quo

139 2821 375 2869 comparato
393 2846 404 2866 ‚
455 2815 612 2855 videbis
667 2815 880 2868 Virgilium

138 2875 366 2927 prudenter
398 2874 577 2914 omisisse
604 2888 673 2925 ea,
721 2887 826 2926 quae
855 2888 878 2912 a

137 2940 262 2987 poeta
289 2934 369 2973 iam
396 2933 455 2972 ita
483 2939 631 2973 oruata
658 2939 798 2983 era-nt,
826 2939 879 2971 ut

139 2992 241 3032 nihil
262 2992 360 3031 addi
382 2999 534 3045 posset;
553 2993 597 3032 in
614 2992 782 3044 reliquis
801 3006 879 3030 au-

139 3058 224 3090 tem
245 3058 397 3092 ornatu
416 3051 640 3092 verborum
652 3057 694 3091 et
713 3056 880 3090 senten-

937 2580 1090 2620 tiarum
1110 2586 1282 2620 certare.
1334 2577 1436 2622 403.
1455 2579 1510 2618 In
1530 2585 1682 2617 secreta

936 2642 1064 2690 senis,
1094 2645 1293 2679 secretam
1309 2638 1459 2677 sedem.

992 2696 1091 2741 406.
1111 2699 1161 2737 In
1171 2698 1306 2738 varias
1318 2697 1470 2736 formas
1488 2707 1530 2733 se
1539 2699 1680 2733 trans-

937 2757 1155 2808 formabit3
1199 2762 1242 2795 at
1261 2761 1416 2808 quanto
1439 2752 1681 2805 exquisitius

936 2816 1072 2868 poeta!
1137 2813 1237 2857 407.
1260 2829 1329 2853 sus
1346 2813 1545 2862 horridus,
1575 2811 1680 2851 hor-

935 2873 1121 2913 rentibus
1144 2873 1240 2912 setis
1253 2903 1264 2923 ,
1295 2881 1388 2911 atra
1411 2873 1552 2924 tigne,
1587 2882 1679 2909 sae-
1727 2923 1730 2925 Δ

935 2947 1002 2972 va.
1034 2934 1149 2972 Serv.
1179 2932 1264 2972 vid.
1296 2931 1521 2971 Van-Leon
1579 2927 1678 2971 408.

926 2991 1060 3044 ficlva
1078 2992 1231 3030 cervice
1249 2990 1395 3030 lea'ena
1408 3020 1419 3039 ‚
1452 2984 1677 3043 ἠϋγένειος.

938 3050 1035 3090 ibid.
1051 3048 1154 3094 456.
1186 3046 1291 3104 (vid.
1307 3048 1360 3089 de
1383 3048 1464 3088 hoc
1484 3060 1610 3088 versu·
1625 3044 1678 3095 Q,
1722 3085 1734 3091 ,,
