1768 3320
183 179 289 227 330

526 175 581 226 Ρ.
618 176 972 228 VIRGILII
1015 178 1389 230 MARONIS

179 301 341 354 Haud
364 300 592 353 obscura
614 301 811 354 cadens
830 304 1008 355 mittet
1038 304 1134 354 tibi
1156 306 1303 371 signa
1326 308 1553 370 Bootes;

180 373 384 440 Incipe,
408 382 462 423 et
483 373 551 424 ad
569 373 774 424 medias
794 384 1099 425 sementem
1124 376 1352 427 extende
1371 378 1602 445 pruinas.
1613 386 1717 433 230

250 443 461 495 Idcirco
488 446 643 495 certis
666 444 976 495 dimensum
998 446 1238 513 partibus
1260 447 1455 499 orbem

179 517 286 566 Per
307 514 563 565 duodena
578 516 716 581 regit
734 516 929 566 mundi
950 516 1047 566 Sol
1069 534 1261 568 aureus
1283 527 1430 571 astra.

181 586 437 654 Quinque
455 594 647 636 tenent
668 586 886 637 coelum
900 603 1093 638 zonae:
1119 605 1349 655 quarum
1365 605 1474 639 una
1489 605 1713 640 corusco

182 657 416 723 Semper
436 655 551 707 sole
568 657 796 722 rubenS‚
837 666 890 707 et
911 657 1117 707 torrida
1142 675 1362 727 semper
1383 659 1449 709 ab
1473 659 1609 725 igni3

181 728 359 790 Quam
392 727 596 777 circum
644 736 913 778 extremae
959 726 1141 778 dextra
1182 728 1441 798 laevaque
1489 729 1714 780 trahun-

972 806 1086 863 tur,
1608 803 1714 854 235

224 915 295 952 229
318 918 399 952 Aac
426 915 518 951 Gud.
545 921 582 949 et
607 915 716 950 Goth.
743 928 813 950 sec.
862 917 976 951 mittit
1001 916 1131 951 Medic.
1158 916 1284 962 fragm.
1313 918 1420 952 Voss.
1447 919 1540 953 Ven.
1589 920 1714 953 mittat

176 964 318 1009 Menag.
347 963 408 998 alt.

181 1013 341 1058 Tempus
362 1011 473 1045 humo
497 1019 624 1058 tegere
642 1020 678 1044 et
697 1011 912 1046 iamdudum
930 1011 1138 1046 incumbere
1157 1013 1308 1046 aratris.

176 1060 290 1092 certis
316 1058 454 1093 idcirco
479 1071 520 1106 p.
551 1058 687 1093 zulich.
736 1059 945 1093 demensum
980 1060 1068 1105 Reg.
1098 1065 1134 1092 et
1159 1061 1248 1093 Iunt.
1279 1059 1335 1093 ed.
1362 1071 1406 1093 ex
1433 1060 1514 1095 Ald.
1544 1073 1600 1105 pr.

177 1106 282 1139 etiam
300 1106 334 1142 3.
354 1103 389 1141 4.
408 1106 464 1143 14.
495 1107 553 1141 W
546 1105 591 1151 r.)
641 1118 780 1140 annum
797 1118 863 1152 pro
886 1106 1007 1140 orbem
1026 1107 1137 1140 habet
1157 1107 1327 1141 Rottend.
1348 1107 1410 1141 alt.

493 1154 565 1190 233
591 1154 687 1187 caeli
704 1153 794 1187 alios
816 1153 937 1198 legere
956 1167 976 1188 a
998 1154 1143 1188 Reiskio
1169 1160 1332 1188 notatum
1350 1154 1467 1188 video.
1518 1156 1711 1200 (coruscho

173 1153 276 1187 Leid.
298 1153 399 1187 alter.

173 1200 317 1243 Medic.‚
345 1201 410 1234 sed
429 1201 454 1234 lz
472 1207 602 1246 puncto
621 1207 752 1235 notata.
784 1201 878 1246 Wr.)

503 964 576 1001 230
601 964 767 1011 expende
793 965 942 998 Roman.
974 964 1144 999 Arundel.
1172 977 1258 998 unus
1286 964 1345 999 hic
1371 966 1560 1012 repetebat
1586 978 1619 1000 v.
1641 967 1712 1003 213

1403 1014 1473 1050 231
1497 1015 1713 1107 Dimenzuin

1661 1074 1712 1095 διο

1506 1109 1578 1144 232
1603 1117 1713 1156 regat

974 1200 1046 1238 234
1070 1200 1116 1235 ab
1133 1202 1216 1248 igni
1236 1210 1294 1236 est
1310 1203 1490 1248 Interpres
1519 1203 1645 1248 Cruqu.
1665 1204 1712 1237 ad

173 1248 300 1282 Horat.
321 1248 386 1282 Od.
407 1249 434 1291 1,
454 1249 513 1284 22.
558 1249 613 1282 ed.
631 1249 866 1294 Nuremberg.
893 1254 929 1282 et
949 1249 1059 1283 Goth.
1079 1261 1134 1294 pr.
1169 1250 1219 1295 (et
1242 1249 1294 1283 ita
1315 1249 1458 1284 Iahnius
1481 1249 1612 1293 edidit3
1637 1262 1711 1285 non

173 1303 290 1337 recte3
313 1295 384 1330 vid.
409 1297 452 1338 Q.
474 1297 519 1331 V.
538 1296 625 1339 XV,
642 1297 677 1332 6.
707 1296 803 1342 Wr.)
851 1296 923 1331 Alii
943 1295 988 1330 ab
1002 1298 1101 1344 igne.

172 1391 297 1445 igitur
327 1390 508 1446 epitheto
542 1391 592 1431 ab
618 1389 793 1445 Aegypti
810 1388 913 1432 urbe

171 1451 301 1504 petito
342 1457 527 1490 ornatur.
593 1453 693 1493 229.
734 1453 908 1502 Bootes,

172 1509 244 1562 qui
264 1515 305 1548 et
335 1508 643 1562 Arctophylax,
676 1524 769 1548 cum
797 1510 913 1548 stella

171 1566 374 1618 Arcturo,
406 1581 552 1607 occasu
569 1581 642 1607 suo
665 1574 825 1621 tempus
847 1582 913 1606 se—

170 1626 323 1667 rendae
340 1627 467 1666 viciae
485 1634 635 1665 certum
645 1626 812 1666 indicat.
831 1627 912 1665 Co-

170 1685 272 1725 lum.
303 1686 382 1736 XI,
403 1688 458 1735 2,
487 1687 543 1727 78
581 1686 661 1725 IV
687 1685 774 1724 Cal.
797 1686 911 1725 Nov.

170 1745 368 1784 Arcturus
385 1758 545 1794 vespere
564 1744 723 1781 occidit.
759 1749 798 1781 et
808 1744 911 1782 Plin.

170 1801 315 1852 XVIII,
338 1800 393 1844 74
425 1802 564 1840 Pridie
585 1802 788 1840 Calendas
809 1799 911 1855 (No-

170 1858 373 1915 vembres)
408 1860 576 1898 Caesari
591 1868 775 1898 arctatus
801 1862 910 1898 occi—

170 1919 242 1958 dit.
291 1919 445 1970 inarto
466 1919 618 1956 Nonas
637 1926 821 1956 arcturus
839 1933 909 1956 oe-

169 1977 271 2016 cidit
285 1978 455 2028 vesperi.
509 1976 613 2015 Vide
634 1976 684 2014 de
703 1977 820 2015 lentis
842 1991 909 2014 sa-

168 2035 280 2074 tione
301 2035 454 2074 Colum.
478 2033 546 2073 lib.
571 2034 618 2085 II,
638 2048 670 2073 c.
697 2037 762 2084 10,
784 2033 908 2087 §.15,

90 2147 92 2152 ‚
168 2100 212 2133 et
240 2094 340 2133 Plin.
371 2093 527 2143 XVHI,
556 2096 607 2135 31
640 2107 733 2131 cum
759 2094 908 2133 Emen-

170 2152 254 2192 dat.
287 2151 417 2192 Hard.
453 2151 541 2190 XII.
570 2151 777 2190 Palladius
805 2152 906 2202 XII,

171 2213 192 2253 1
206 2241 217 2261 ,
241 2213 262 2252 1
307 2212 361 2249 N
358 2209 535 2248 ovembri
551 2232 610 2240 ———
628 2225 736 2248 nunc
768 2213 912 2249 seritur

161 2271 304 2322 prima
320 2269 527 2306 lenticula.

225 2329 308 2369 231
333 2340 418 2378 sqq.
440 2326 497 2364 De
517 2326 629 2366 zonis
648 2326 746 2365 caeli
765 2331 804 2364 et
823 2327 906 2365 Ζο-

168 2385 297 2425 diaco.
356 2386 412 2423 Ut
440 2384 493 2423 ad
528 2385 624 2423 anni
653 2385 761 2424 vices
788 2391 829 2423 et
848 2385 905 2423 si-

167 2443 314 2483 derum
351 2449 466 2482 ortus
496 2449 537 2481 et
577 2457 740 2482 occasus
772 2444 903 2496 operis

164 2502 310 2542 rustici
342 2507 530 2553 tempora
551 2501 712 2540 definiri
735 2502 901 2554 possint,

165 2561 291 2600 solem
321 2565 479 2598 certum
507 2573 581 2612 per
619 2560 775 2598 caelum
804 2574 902 2599 cur-

165 2632 256 2659 sum
275 2625 414 2657 tenere
437 2617 513 2667 ait,
546 2632 587 2658 v.
610 2618 871 2660 231—256.

223 2680 322 2720 232.
351 2675 618 2729 Ambiguum,
648 2677 730 2714 fere
747 2682 797 2714 ut
816 2690 856 2715 v.
874 2678 900 2718 6

164 2736 208 2775 in
230 2749 319 2776 voc.
340 2736 464 2783 coelo,
487 2735 552 2773 cui
572 2735 700 2774 verbo
719 2731 763 2775 τὸ
777 2749 900 2771 man-

164 2795 210 2833 di
231 2792 482 2847 iungendum
512 2793 575 2831 sit.
597 2795 601 2799 '
626 2792 728 2830 orbis
758 2792 903 2830 mandi

163 2853 268 2892 bene
291 2852 507 2892 diceretur.
569 2851 641 2889 Sol
658 2850 816 2898 mundi,
839 2850 903 2888 sol

164 2906 298 2962 οοείιὲ,ἶ
325 2910 470 2960 otiose;
499 2908 563 2949 his
588 2908 720 2947 modjs
738 2907 900 2962 ponde-

163 2969 286 3021 ratis,
328 2973 512 3023 praestat
538 2967 705 3020 iungere
723 2995 735 3016 ,
773 2966 900 3006 Astra

973 1393 1119 1431 mzmdi
1149 1391 1191 1432 h.
1223 1393 1348 1444 caeli,
1387 1398 1438 1432 ut
1465 1394 1616 1447 passim
1649 1395 1709 1432 si—

972 1450 1070 1490 dera
1108 1453 1245 1502 caeli,
1289 1456 1338 1490 ut
1369 1451 1442 1491 inf.
1478 1452 1562 1495 335
1604 1454 1711 1491 caeli

962 1522 1126 1548 ‘menses
1152 1519 1188 1548 et
1220 1510 1365 1549 sidem.
1426 1510 1511 1549 Etsi
1526 1517 1621 1563 post
1641 1510 1708 1548 di-

972 1582 1155 1606 mensum
1173 1568 1496 1619 certis-partibus,
1511 1569 1593 1607 scil.
1612 1583 1708 1622 spa-

970 1626 1054 1676 tiis,
1096 1640 1198 1678 quae
1228 1626 1369 1665 eadem
1395 1626 1475 1665 XII
1501 1627 1610 1679 signa
1635 1642 1708 1666 oc-

970 1691 1122 1738 cupant
1140 1715 1151 1736 ,
1192 1684 1323 1723 orbem
1351 1684 1393 1725 h.
1420 1685 1576 1724 caelum
1603 1685 1707 1725 illud

970 1743 1150 1795 apponit.
1210 1743 1377 1782 Caelum
1405 1745 1510 1795 regit
1541 1745 1614 1782 Sol
1630 1759 1709 1795 per

968 1802 1182 1839 duodecim
1200 1804 1336 1853 signa,
1366 1808 1564 1853 quatenus
1582 1816 1707 1842 cursu

970 1859 1053 1898 eius
1079 1873 1151 1912 per
1171 1860 1239 1899 illa
1261 1861 1369 1898 sacto
1394 1860 1705 1900 constituuntur

967 1931 1034 1968 ea,
1066 1931 1169 1970 quae
1189 1919 1233 1957 in
1255 1919 1364 1958 caelo
1379 1925 1496 1968 sunt,
1524 1919 1705 1958 siderum

966 1982 1102 2015 motus
1134 1990 1180 2015 ac
1211 1983 1410 2030 tempora.
1467 1976 1704 2016 Adumbra-

966 2034 1029 2074 vit
1053 2041 1190 2073 autem
1219 2035 1321 2074 haec
1345 2042 1468 2089 poeta
1485 2049 1537 2074 ex
1554 2036 1704 2075 Erato-

966 2092 1120 2132 sthenis
1142 2095 1327 2133 versibus
1353 2093 1474 2135 πέντε
1496 2092 1541 2136 δέ
1568 2094 1612 2136 οἱ
1631 2096 1703 2144 §03-

968 2168 1039 2193 ναι
1064 2149 1316 2205 περιειλάδες
1345 2152 1583 2206 ἑσπείρηντο
1615 2150 1703 2207 (te-—

966 2219 1060 2249 nent
1075 2210 1266 2266 caelum.)-
1278 2211 1325 2251 αἰ
1333 2208 1409 2252 δύο
1421 2209 1495 2264 μὲν
1507 2214 1701 2264 γλαυκοῖο

965 2265 1242 2323 κελαινότεραι
1275 2267 1448 2310 κυάνοιο
1488 2268 1702 2324 (caerulea

961 2328 1100 2379 glaeie
1125 2336 1329 2366 concrelae
1361 2335 1483 2380 atque
1509 2326 1701 2365 imbribus

963 2388 1063 2424 atris
1083 2391 1124 2424 et
1147 2385 1196 2424 de
1217 2385 1361 2424 iisdem
1382 2399 1480 2424 mox
1502 2384 1584 2426 αἰεὶ
1606 2401 1700 2439 φρι-

960 2428 1100 2484 nanim
1130 2443 1211 2485 αἰεί
1239 2439 1426 2484 θ’ὕδατι
1450 2439 1699 2499 νοσέουσαι),

961 2500 991 2554 ’ἡ
1014 2499 1058 2542 δὲ
1080 2502 1153 2554 μία
1179 2496 1360 2555 ψαφαρή
1391 2516 1434 2542 τε
1455 2499 1526 2542 καὶ
1546 2500 1590 2542 ἐκ
1613 2517 1697 2542 πυ-

961 2556 1029 2613 ρὸς
1059 2556 1151 2601 οἷον
1185 2555 1346 2613 ἐρυθρή
1378 2556 1556 2612 (corusco
1590 2573 1698 2597 sem-

951 2632 1032 2668 per
1052 2618 1134 2655 sole
1165 2616 1326 2666 ruben-5,
1367 2625 1405 2655 et
1423 2617 1573 2655 torrida
1590 2631 1698 2655 sem-

952 2675 1090 2726 perab
1109 2673 1228 2728 igni).
1244 2673 1344 2728 (vid.
1360 2675 1422 2714 ed.
1436 2675 1569 2714 Oxon.
1579 2674 1698 2715 Arati

957 2747 996 2785 p.
1014 2731 1100 2787 46.)
1133 2732 1244 2784 apud
1260 2732 1517 2772 Heraclidem
1547 2733 1596 2773 de
1621 2732 1696 2773 Al-

957 2791 1116 2843 legoriis
1135 2791 1301 2830 Homer.
1320 2806 1359 2845 p.
1381 2791 1479 2835 476.
1501 2793 1604 2831 cons.
1623 2792 1695 2830 Ti-

956 2849 1056 2888 bull.
1081 2849 1147 2900 IV,
1176 2852 1213 2900 1,
1237 2850 1315 2893 151
1344 2864 1429 2902 sqq.
1481 2853 1579 2892 233.
1602 2865 1695 2888 coe-

957 2908 1044 2946 lam
1082 2921 1193 2947 nunc
1236 2908 1403 2963 proprie
1449 2908 1571 2948 tellus
1610 2914 1692 2958 est,

957 2966 1067 3005 caelo
1098 2966 1288 3007 subiecta.
1357 2966 1455 3011 235.
1494 2975 1693 3006 extremae
