<?xml version="1.0" encoding="UTF-8"?>
<!DOCTYPE html PUBLIC "-//W3C//DTD XHTML 1.0 Transitional//EN"
    "http://www.w3.org/TR/xhtml1/DTD/xhtml1-transitional.dtd">
<html xmlns="http://www.w3.org/1999/xhtml" xml:lang="en" lang="en">
 <head>
  <title>
</title>
<meta http-equiv="Content-Type" content="text/html;charset=utf-8" />
  <meta name='ocr-system' content='tesseract 3.04.00' />
  <meta name='ocr-capabilities' content='ocr_page ocr_carea ocr_par ocr_line ocrx_word'/>
</head>
<body>
  <div class='ocr_page' id='page_1' title='image "./publiusvirgilius01virguoft/publiusvirgilius01virguoft_0660.png"; bbox 0 0 1734 3320; ppageno 0'>
   <div class='ocr_carea' id='block_1_1' title="bbox 185 187 288 236">
    <p class='ocr_par' dir='ltr' id='par_1_1' title="bbox 185 187 288 236">
     <span class='ocr_line' id='line_1_1' title="bbox 185 187 288 236; baseline 0 -1"><span class='ocrx_word' id='word_1_1' title='bbox 185 187 288 236; x_wconf 84' lang='lat'><strong>490</strong></span> 
     </span>
    </p>
   </div>
   <div class='ocr_carea' id='block_1_2' title="bbox 509 189 1391 244">
    <p class='ocr_par' dir='ltr' id='par_1_2' title="bbox 509 189 1391 244">
     <span class='ocr_line' id='line_1_2' title="bbox 509 189 1391 244; baseline 0.007 -8"><span class='ocrx_word' id='word_1_2' title='bbox 509 189 565 238; x_wconf 92' lang='grc' dir='ltr'><strong>Ρ.</strong></span> <span class='ocrx_word' id='word_1_3' title='bbox 612 190 973 241; x_wconf 87' lang='lat' dir='ltr'><strong>VIRGILII</strong></span> <span class='ocrx_word' id='word_1_4' title='bbox 1014 191 1391 244; x_wconf 89' lang='lat' dir='ltr'><strong>MARONIS</strong></span> 
     </span>
    </p>
   </div>
   <div class='ocr_carea' id='block_1_3' title="bbox 180 312 1559 527">
    <p class='ocr_par' dir='ltr' id='par_1_3' title="bbox 180 312 1546 527">
     <span class='ocr_line' id='line_1_3' title="bbox 185 312 1485 383; baseline 0.006 -23"><span class='ocrx_word' id='word_1_5' title='bbox 185 312 393 378; x_wconf 78' lang='lat' dir='ltr'>Sponte</span> <span class='ocrx_word' id='word_1_6' title='bbox 415 313 589 365; x_wconf 86' lang='lat' dir='ltr'><strong>tulere</strong></span> <span class='ocrx_word' id='word_1_7' title='bbox 612 332 728 379; x_wconf 86' lang='lat' dir='ltr'><strong>sua,</strong></span> <span class='ocrx_word' id='word_1_8' title='bbox 769 316 984 382; x_wconf 81' lang='lat' dir='ltr'>carpsit:</span> <span class='ocrx_word' id='word_1_9' title='bbox 1021 333 1123 367; x_wconf 89' lang='lat' dir='ltr'><strong>nec</strong></span> <span class='ocrx_word' id='word_1_10' title='bbox 1146 315 1360 367; x_wconf 83' lang='lat' dir='ltr'><strong>ferrea&#39;</strong></span> <span class='ocrx_word' id='word_1_11' title='bbox 1347 336 1485 383; x_wconf 81' lang='lat' dir='ltr'><strong>iura,</strong></span> 
     </span>
     <span class='ocr_line' id='line_1_4' title="bbox 180 384 1559 454; baseline 0.005 -22"><span class='ocrx_word' id='word_1_12' title='bbox 180 384 550 453; x_wconf 86' lang='lat' dir='ltr'><strong>Insanumque</strong></span> <span class='ocrx_word' id='word_1_13' title='bbox 572 384 783 448; x_wconf 84' lang='lat' dir='ltr'><strong>forum,</strong></span> <span class='ocrx_word' id='word_1_14' title='bbox 823 395 911 435; x_wconf 84' lang='lat' dir='ltr'><strong>aut</strong></span> <span class='ocrx_word' id='word_1_15' title='bbox 930 387 1118 454; x_wconf 91' lang='lat' dir='ltr'><strong>populi</strong></span> <span class='ocrx_word' id='word_1_16' title='bbox 1138 387 1394 438; x_wconf 84' lang='lat' dir='ltr'><strong>tabularia</strong></span> <span class='ocrx_word' id='word_1_17' title='bbox 1414 388 1559 442; x_wconf 80' lang='lat' dir='ltr'><strong>vidit.</strong></span> 
     </span>
     <span class='ocr_line' id='line_1_5' title="bbox 183 450 1447 527; baseline 0.006 -25"><span class='ocrx_word' id='word_1_18' title='bbox 183 450 481 504; x_wconf 80' lang='lat' dir='ltr'>Sollicitam</span> <span class='ocrx_word' id='word_1_19' title='bbox 504 455 590 505; x_wconf 90' lang='lat' dir='ltr'><strong>alii</strong></span> <span class='ocrx_word' id='word_1_20' title='bbox 612 455 775 506; x_wconf 87' lang='lat' dir='ltr'><strong>remis</strong></span> <span class='ocrx_word' id='word_1_21' title='bbox 793 454 932 507; x_wconf 77' lang='lat' dir='ltr'><strong>freta</strong></span> <span class='ocrx_word' id='word_1_22' title='bbox 956 474 1134 523; x_wconf 88' lang='lat' dir='ltr'><strong>caeca,</strong></span> <span class='ocrx_word' id='word_1_23' title='bbox 1170 468 1447 527; x_wconf 86' lang='lat' dir='ltr'><strong>ruuntque</strong></span> 
     </span>
    </p>
   </div>
   <div class='ocr_carea' id='block_1_4' title="bbox 251 550 599 610">
    <p class='ocr_par' dir='ltr' id='par_1_4' title="bbox 251 550 599 610">
     <span class='ocr_line' id='line_1_6' title="bbox 251 550 599 610; baseline -0.006 -11"><span class='ocrx_word' id='word_1_24' title='bbox 251 550 367 600; x_wconf 84' lang='lat'>503.</span> <span class='ocrx_word' id='word_1_25' title='bbox 407 563 599 610; x_wconf 82' lang='lat' dir='ltr'>CAECA3</span> 
     </span>
    </p>
   </div>
   <div class='ocr_carea' id='block_1_5' title="bbox 227 677 901 724">
    <p class='ocr_par' dir='ltr' id='par_1_5' title="bbox 227 677 901 724">
     <span class='ocr_line' id='line_1_7' title="bbox 227 677 901 724; baseline 0 -13"><span class='ocrx_word' id='word_1_26' title='bbox 227 677 294 712; x_wconf 83' lang='lat'><strong>501</strong></span> <span class='ocrx_word' id='word_1_27' title='bbox 322 679 442 724; x_wconf 74' lang='lat' dir='ltr'><strong>carpit</strong></span> <span class='ocrx_word' id='word_1_28' title='bbox 470 677 629 711; x_wconf 86' lang='lat' dir='ltr'><strong>Macrob.</strong></span> <span class='ocrx_word' id='word_1_29' title='bbox 666 680 738 711; x_wconf 88' lang='lat' dir='ltr'><strong>Sat.</strong></span> <span class='ocrx_word' id='word_1_30' title='bbox 765 678 833 718; x_wconf 86' lang='lat' dir='ltr'><strong>VI,</strong></span> <span class='ocrx_word' id='word_1_31' title='bbox 869 679 901 712; x_wconf 91' lang='lat'><strong>1.</strong></span> 
     </span>
    </p>
   </div>
   <div class='ocr_carea' id='block_1_6' title="bbox 176 724 1531 772">
    <p class='ocr_par' dir='ltr' id='par_1_6' title="bbox 176 724 1531 772">
     <span class='ocr_line' id='line_1_8' title="bbox 176 724 1531 772; baseline 0.003 -16"><span class='ocrx_word' id='word_1_32' title='bbox 176 724 278 757; x_wconf 85' lang='lat' dir='ltr'><strong>Rom.</strong></span> <span class='ocrx_word' id='word_1_33' title='bbox 314 725 364 769; x_wconf 84' lang='lat' dir='ltr'><strong>(et</strong></span> <span class='ocrx_word' id='word_1_34' title='bbox 382 724 461 758; x_wconf 88' lang='lat' dir='ltr'><strong>Ald.</strong></span> <span class='ocrx_word' id='word_1_35' title='bbox 490 730 574 758; x_wconf 87' lang='lat' dir='ltr'><strong>tert.</strong></span> <span class='ocrx_word' id='word_1_36' title='bbox 599 724 670 758; x_wconf 85' lang='lat' dir='ltr'><strong>vid.</strong></span> <span class='ocrx_word' id='word_1_37' title='bbox 694 726 736 767; x_wconf 88' lang='lat' dir='ltr'><strong>Q.</strong></span> <span class='ocrx_word' id='word_1_38' title='bbox 756 726 801 760; x_wconf 88' lang='lat' dir='ltr'><strong>V.</strong></span> <span class='ocrx_word' id='word_1_39' title='bbox 822 725 1000 768; x_wconf 89' lang='lat' dir='ltr'>XXXVI,</span> <span class='ocrx_word' id='word_1_40' title='bbox 1025 727 1059 761; x_wconf 89' lang='lat'><strong>7-</strong></span> <span class='ocrx_word' id='word_1_41' title='bbox 1088 726 1184 772; x_wconf 88' lang='lat' dir='ltr'><strong>Wr.)</strong></span> <span class='ocrx_word' id='word_1_42' title='bbox 1234 727 1355 761; x_wconf 76' lang='lat' dir='ltr'><strong>trudit</strong></span> <span class='ocrx_word' id='word_1_43' title='bbox 1382 727 1531 764; x_wconf 84' lang='lat' dir='ltr'><strong>Vratisl.</strong></span> 
     </span>
    </p>
   </div>
   <div class='ocr_carea' id='block_1_7' title="bbox 170 768 532 817">
    <p class='ocr_par' dir='ltr' id='par_1_7' title="bbox 170 768 532 817">
     <span class='ocr_line' id='line_1_9' title="bbox 170 768 532 817; baseline 0 -13"><span class='ocrx_word' id='word_1_44' title='bbox 170 768 280 817; x_wconf 76' lang='lat' dir='ltr'><strong>freta</strong></span> <span class='ocrx_word' id='word_1_45' title='bbox 299 784 415 805; x_wconf 79' lang='lat' dir='ltr'><strong>rauca</strong></span> <span class='ocrx_word' id='word_1_46' title='bbox 431 771 532 806; x_wconf 77' lang='lat' dir='ltr'><strong>Leid.</strong></span> 
     </span>
    </p>
   </div>
   <div class='ocr_carea' id='block_1_8' title="bbox 153 877 910 2963">
    <p class='ocr_par' dir='ltr' id='par_1_8' title="bbox 155 877 910 2040">
     <span class='ocr_line' id='line_1_10' title="bbox 174 877 910 930; baseline 0.004 -16"><span class='ocrx_word' id='word_1_47' title='bbox 174 890 385 930; x_wconf 81' lang='lat' dir='ltr'><strong>perperam</strong></span> <span class='ocrx_word' id='word_1_48' title='bbox 407 878 626 917; x_wconf 86' lang='lat' dir='ltr'><strong>memorari</strong></span> <span class='ocrx_word' id='word_1_49' title='bbox 647 877 830 918; x_wconf 86' lang='lat' dir='ltr'><strong>viderim.</strong></span> <span class='ocrx_word' id='word_1_50' title='bbox 851 899 910 907; x_wconf 80' lang='lat'><strong>——</strong></span> 
     </span>
     <span class='ocr_line' id='line_1_11' title="bbox 175 935 907 986; baseline 0 -8"><span class='ocrx_word' id='word_1_51' title='bbox 175 935 273 977; x_wconf 89' lang='grc'><strong>501.</strong></span> <span class='ocrx_word' id='word_1_52' title='bbox 306 936 452 986; x_wconf 81' lang='lat' dir='ltr'><em>Sponte</em></span> <span class='ocrx_word' id='word_1_53' title='bbox 471 952 563 985; x_wconf 74' lang='lat' dir='ltr'><strong>sua,</strong></span> <span class='ocrx_word' id='word_1_54' title='bbox 589 937 674 976; x_wconf 87' lang='lat' dir='ltr'><strong>vid.</strong></span> <span class='ocrx_word' id='word_1_55' title='bbox 689 937 740 975; x_wconf 85' lang='lat' dir='ltr'><strong>ad</strong></span> <span class='ocrx_word' id='word_1_56' title='bbox 757 950 796 975; x_wconf 88' lang='lat' dir='ltr'><strong>v.</strong></span> <span class='ocrx_word' id='word_1_57' title='bbox 810 937 907 979; x_wconf 84' lang='lat'><strong>459.</strong></span> 
     </span>
     <span class='ocr_line' id='line_1_12' title="bbox 174 992 906 1035; baseline 0.005 -4"><span class='ocrx_word' id='word_1_58' title='bbox 174 992 430 1032; x_wconf 83' lang='lat' dir='ltr'><strong>Adumbrata</strong></span> <span class='ocrx_word' id='word_1_59' title='bbox 452 1008 535 1034; x_wconf 89' lang='lat' dir='ltr'><strong>esse</strong></span> <span class='ocrx_word' id='word_1_60' title='bbox 555 995 657 1034; x_wconf 86' lang='lat' dir='ltr'><strong>haec</strong></span> <span class='ocrx_word' id='word_1_61' title='bbox 679 1009 729 1033; x_wconf 87' lang='lat' dir='ltr'><strong>ex</strong></span> <span class='ocrx_word' id='word_1_62' title='bbox 749 996 906 1035; x_wconf 88' lang='lat' dir='ltr'><strong>Lucret.</strong></span> 
     </span>
     <span class='ocr_line' id='line_1_13' title="bbox 173 1052 907 1103; baseline 0 -12"><span class='ocrx_word' id='word_1_63' title='bbox 173 1052 221 1101; x_wconf 95' lang='lat' dir='ltr'><strong>V,</strong></span> <span class='ocrx_word' id='word_1_64' title='bbox 247 1053 343 1095; x_wconf 84' lang='lat'><strong>935.</strong></span> <span class='ocrx_word' id='word_1_65' title='bbox 364 1056 469 1103; x_wconf 81' lang='lat'><strong>936,</strong></span> <span class='ocrx_word' id='word_1_66' title='bbox 497 1054 578 1092; x_wconf 89' lang='lat' dir='ltr'><strong>iam</strong></span> <span class='ocrx_word' id='word_1_67' title='bbox 603 1060 793 1093; x_wconf 84' lang='lat' dir='ltr'><strong>notatum</strong></span> <span class='ocrx_word' id='word_1_68' title='bbox 817 1054 907 1092; x_wconf 87' lang='lat' dir='ltr'><strong>Ma-</strong></span> 
     </span>
     <span class='ocr_line' id='line_1_14' title="bbox 173 1110 906 1165; baseline 0.004 -17"><span class='ocrx_word' id='word_1_69' title='bbox 173 1110 284 1149; x_wconf 87' lang='lat' dir='ltr'><strong>crob.</strong></span> <span class='ocrx_word' id='word_1_70' title='bbox 308 1112 390 1149; x_wconf 89' lang='lat' dir='ltr'><strong>Sat.</strong></span> <span class='ocrx_word' id='word_1_71' title='bbox 411 1112 477 1162; x_wconf 82' lang='lat' dir='ltr'><strong>VI,</strong></span> <span class='ocrx_word' id='word_1_72' title='bbox 505 1115 524 1154; x_wconf 86' lang='lat'>1</span> <span class='ocrx_word' id='word_1_73' title='bbox 553 1118 657 1151; x_wconf 70' lang='lat' dir='ltr'><strong>extr.</strong></span> <span class='ocrx_word' id='word_1_74' title='bbox 684 1135 742 1142; x_wconf 91' lang='lat'><strong>—-</strong></span> <span class='ocrx_word' id='word_1_75' title='bbox 762 1112 906 1165; x_wconf 74' lang='lat' dir='ltr'><strong>firrea</strong></span> 
     </span>
     <span class='ocr_line' id='line_1_15' title="bbox 172 1169 907 1223; baseline 0.005 -18"><span class='ocrx_word' id='word_1_76' title='bbox 172 1171 287 1218; x_wconf 80' lang='lat' dir='ltr'><strong>iura,</strong></span> <span class='ocrx_word' id='word_1_77' title='bbox 338 1169 492 1221; x_wconf 86' lang='lat' dir='ltr'><strong>rigida,</strong></span> <span class='ocrx_word' id='word_1_78' title='bbox 535 1185 637 1223; x_wconf 85' lang='lat' dir='ltr'><strong>quae</strong></span> <span class='ocrx_word' id='word_1_79' title='bbox 671 1184 746 1210; x_wconf 89' lang='lat' dir='ltr'><strong>nec</strong></span> <span class='ocrx_word' id='word_1_80' title='bbox 779 1171 907 1223; x_wconf 83' lang='lat' dir='ltr'><strong>gratia</strong></span> 
     </span>
     <span class='ocr_line' id='line_1_16' title="bbox 170 1229 907 1279; baseline 0.004 -15"><span class='ocrx_word' id='word_1_81' title='bbox 170 1240 244 1264; x_wconf 86' lang='lat' dir='ltr'><strong>nec</strong></span> <span class='ocrx_word' id='word_1_82' title='bbox 266 1233 378 1266; x_wconf 89' lang='lat' dir='ltr'><strong>metu</strong></span> <span class='ocrx_word' id='word_1_83' title='bbox 406 1229 525 1268; x_wconf 87' lang='lat' dir='ltr'><strong>ullius</strong></span> <span class='ocrx_word' id='word_1_84' title='bbox 550 1230 801 1279; x_wconf 83' lang='lat' dir='ltr'><strong>flectuntur,</strong></span> <span class='ocrx_word' id='word_1_85' title='bbox 833 1243 907 1268; x_wconf 92' lang='lat' dir='ltr'><strong>nec</strong></span> 
     </span>
     <span class='ocr_line' id='line_1_17' title="bbox 169 1285 906 1331; baseline 0.004 -9"><span class='ocrx_word' id='word_1_86' title='bbox 169 1285 439 1325; x_wconf 80' lang='lat' dir='ltr'><strong>miseratione.</strong></span> <span class='ocrx_word' id='word_1_87' title='bbox 470 1311 528 1317; x_wconf 88' lang='lat'><strong>-—</strong></span> <span class='ocrx_word' id='word_1_88' title='bbox 577 1290 674 1331; x_wconf 79' lang='grc'><strong>502.</strong></span> <span class='ocrx_word' id='word_1_89' title='bbox 705 1289 906 1328; x_wconf 79' lang='lat' dir='ltr'><em>Insanum</em></span> 
     </span>
     <span class='ocr_line' id='line_1_18' title="bbox 155 1344 903 1397; baseline 0.004 -15"><span class='ocrx_word' id='word_1_90' title='bbox 155 1344 322 1396; x_wconf 80' lang='lat' dir='ltr'><strong>sorum,</strong></span> <span class='ocrx_word' id='word_1_91' title='bbox 353 1345 494 1384; x_wconf 89' lang='lat' dir='ltr'><strong>insano</strong></span> <span class='ocrx_word' id='word_1_92' title='bbox 526 1347 720 1396; x_wconf 86' lang='lat' dir='ltr'><strong>clamore,</strong></span> <span class='ocrx_word' id='word_1_93' title='bbox 752 1346 903 1397; x_wconf 82' lang='lat' dir='ltr'><strong>litibus,</strong></span> 
     </span>
     <span class='ocr_line' id='line_1_19' title="bbox 166 1405 899 1456; baseline 0.004 -16"><span class='ocrx_word' id='word_1_94' title='bbox 166 1409 433 1456; x_wconf 72' lang='lat' dir='ltr'><strong>perstrepens.</strong></span> <span class='ocrx_word' id='word_1_95' title='bbox 495 1405 559 1443; x_wconf 89' lang='lat' dir='ltr'><strong>Sic</strong></span> <span class='ocrx_word' id='word_1_96' title='bbox 582 1405 739 1454; x_wconf 78' lang='lat' dir='ltr'><strong>rabies,</strong></span> <span class='ocrx_word' id='word_1_97' title='bbox 766 1405 899 1455; x_wconf 72' lang='lat' dir='ltr'><strong>jicror,</strong></span> 
     </span>
     <span class='ocr_line' id='line_1_20' title="bbox 165 1461 903 1502; baseline 0.003 -3"><span class='ocrx_word' id='word_1_98' title='bbox 165 1461 256 1500; x_wconf 88' lang='lat' dir='ltr'><strong>foro</strong></span> <span class='ocrx_word' id='word_1_99' title='bbox 279 1468 320 1500; x_wconf 88' lang='lat' dir='ltr'><strong>et</strong></span> <span class='ocrx_word' id='word_1_100' title='bbox 342 1463 570 1502; x_wconf 80' lang='lat' dir='ltr'><strong>caussidicis</strong></span> <span class='ocrx_word' id='word_1_101' title='bbox 590 1463 800 1502; x_wconf 75' lang='lat' dir='ltr'><strong>tribuitur.</strong></span> <span class='ocrx_word' id='word_1_102' title='bbox 831 1478 903 1502; x_wconf 79' lang='lat' dir='ltr'><strong>nec</strong></span> 
     </span>
     <span class='ocr_line' id='line_1_21' title="bbox 160 1520 902 1571; baseline 0.003 -13"><span class='ocrx_word' id='word_1_103' title='bbox 160 1522 314 1571; x_wconf 70' lang='lat' dir='ltr'><strong>populi</strong></span> <span class='ocrx_word' id='word_1_104' title='bbox 340 1521 546 1561; x_wconf 78' lang='lat' dir='ltr'><strong>tabularia</strong></span> <span class='ocrx_word' id='word_1_105' title='bbox 574 1523 702 1571; x_wconf 61' lang='lat' dir='ltr'><strong>vidit,</strong></span> <span class='ocrx_word' id='word_1_106' title='bbox 736 1520 778 1560; x_wconf 89' lang='lat' dir='ltr'><strong>h.</strong></span> <span class='ocrx_word' id='word_1_107' title='bbox 805 1522 902 1560; x_wconf 74' lang='lat' dir='ltr'><strong>nu]—</strong></span> 
     </span>
     <span class='ocr_line' id='line_1_22' title="bbox 164 1580 899 1633; baseline 0.001 -16"><span class='ocrx_word' id='word_1_108' title='bbox 164 1580 250 1617; x_wconf 90' lang='lat' dir='ltr'><strong>lum</strong></span> <span class='ocrx_word' id='word_1_109' title='bbox 267 1581 342 1618; x_wconf 74' lang='lat' dir='ltr'><strong>nec</strong></span> <span class='ocrx_word' id='word_1_110' title='bbox 359 1580 542 1633; x_wconf 88' lang='lat' dir='ltr'><strong>vectigal,</strong></span> <span class='ocrx_word' id='word_1_111' title='bbox 566 1594 640 1619; x_wconf 88' lang='lat' dir='ltr'><strong>nec</strong></span> <span class='ocrx_word' id='word_1_112' title='bbox 657 1580 899 1633; x_wconf 87' lang='lat' dir='ltr'><strong>portorium,</strong></span> 
     </span>
     <span class='ocr_line' id='line_1_23' title="bbox 164 1639 899 1692; baseline 0.001 -15"><span class='ocrx_word' id='word_1_113' title='bbox 164 1651 239 1677; x_wconf 89' lang='lat' dir='ltr'><strong>nec</strong></span> <span class='ocrx_word' id='word_1_114' title='bbox 273 1652 421 1691; x_wconf 87' lang='lat' dir='ltr'><strong>pascua</strong></span> <span class='ocrx_word' id='word_1_115' title='bbox 452 1653 474 1676; x_wconf 90' lang='lat' dir='ltr'><strong>a</strong></span> <span class='ocrx_word' id='word_1_116' title='bbox 500 1639 651 1692; x_wconf 87' lang='lat' dir='ltr'><strong>populo</strong></span> <span class='ocrx_word' id='word_1_117' title='bbox 689 1645 899 1690; x_wconf 75' lang='lat' dir='ltr'>tamquam</span> 
     </span>
     <span class='ocr_line' id='line_1_24' title="bbox 162 1697 898 1750; baseline 0 -15"><span class='ocrx_word' id='word_1_118' title='bbox 162 1697 402 1750; x_wconf 85' lang='lat' dir='ltr'><strong>publicanus</strong></span> <span class='ocrx_word' id='word_1_119' title='bbox 439 1698 640 1737; x_wconf 85' lang='lat' dir='ltr'><strong>conduxit</strong></span> <span class='ocrx_word' id='word_1_120' title='bbox 659 1728 670 1747; x_wconf 95' lang='lat'><strong>,</strong></span> <span class='ocrx_word' id='word_1_121' title='bbox 724 1711 898 1749; x_wconf 87' lang='lat' dir='ltr'><strong>quarum</strong></span> 
     </span>
     <span class='ocr_line' id='line_1_25' title="bbox 162 1755 899 1808; baseline -0.001 -13"><span class='ocrx_word' id='word_1_122' title='bbox 162 1755 460 1795; x_wconf 86' lang='lat' dir='ltr'><strong>redemtionum</strong></span> <span class='ocrx_word' id='word_1_123' title='bbox 503 1756 667 1794; x_wconf 83' lang='lat' dir='ltr'><strong>tabulae</strong></span> <span class='ocrx_word' id='word_1_124' title='bbox 690 1786 701 1805; x_wconf 96' lang='lat'><strong>,</strong></span> <span class='ocrx_word' id='word_1_125' title='bbox 759 1756 899 1808; x_wconf 85' lang='lat' dir='ltr'><strong>publi-</strong></span> 
     </span>
     <span class='ocr_line' id='line_1_26' title="bbox 164 1814 898 1864; baseline 0 -11"><span class='ocrx_word' id='word_1_126' title='bbox 164 1828 211 1853; x_wconf 82' lang='lat' dir='ltr'><strong>ca</strong></span> <span class='ocrx_word' id='word_1_127' title='bbox 248 1814 546 1864; x_wconf 84' lang='lat' dir='ltr'><strong>instrumenta,</strong></span> <span class='ocrx_word' id='word_1_128' title='bbox 606 1814 649 1852; x_wconf 93' lang='lat' dir='ltr'><strong>in</strong></span> <span class='ocrx_word' id='word_1_129' title='bbox 694 1814 898 1853; x_wconf 86' lang='lat' dir='ltr'><strong>tabulario</strong></span> 
     </span>
     <span class='ocr_line' id='line_1_27' title="bbox 162 1872 899 1924; baseline 0.001 -13"><span class='ocrx_word' id='word_1_130' title='bbox 162 1873 453 1923; x_wconf 77' lang='lat' dir='ltr'><strong>servabantur3</strong></span> <span class='ocrx_word' id='word_1_131' title='bbox 495 1872 606 1924; x_wconf 88' lang='lat' dir='ltr'><strong>quod</strong></span> <span class='ocrx_word' id='word_1_132' title='bbox 631 1873 783 1911; x_wconf 88' lang='lat' dir='ltr'><strong>Romae</strong></span> <span class='ocrx_word' id='word_1_133' title='bbox 811 1878 899 1912; x_wconf 86' lang='lat' dir='ltr'><strong>erat</strong></span> 
     </span>
     <span class='ocr_line' id='line_1_28' title="bbox 162 1930 896 1971; baseline 0.001 -2"><span class='ocrx_word' id='word_1_134' title='bbox 162 1931 205 1969; x_wconf 87' lang='lat' dir='ltr'><strong>in</strong></span> <span class='ocrx_word' id='word_1_135' title='bbox 249 1931 351 1970; x_wconf 88' lang='lat' dir='ltr'><strong>atrio</strong></span> <span class='ocrx_word' id='word_1_136' title='bbox 399 1931 627 1970; x_wconf 78' lang='lat' dir='ltr'><strong>Libertatis,</strong></span> <span class='ocrx_word' id='word_1_137' title='bbox 685 1930 770 1970; x_wconf 85' lang='lat' dir='ltr'><strong>vid..</strong></span> <span class='ocrx_word' id='word_1_138' title='bbox 810 1931 896 1971; x_wconf 84' lang='lat' dir='ltr'><strong>Liv.</strong></span> 
     </span>
     <span class='ocr_line' id='line_1_29' title="bbox 161 1989 410 2040; baseline 0 -12"><span class='ocrx_word' id='word_1_139' title='bbox 161 1989 309 2040; x_wconf 87' lang='lat' dir='ltr'><strong>XLIH,</strong></span> <span class='ocrx_word' id='word_1_140' title='bbox 345 1992 410 2032; x_wconf 88' lang='lat'><strong>16.</strong></span> 
     </span>
    </p>

    <p class='ocr_par' dir='ltr' id='par_1_9' title="bbox 153 2047 897 2963">
     <span class='ocr_line' id='line_1_30' title="bbox 220 2047 897 2100; baseline -0.007 -10"><span class='ocrx_word' id='word_1_141' title='bbox 220 2048 317 2090; x_wconf 84' lang='lat'>503.</span> <span class='ocrx_word' id='word_1_142' title='bbox 335 2048 453 2100; x_wconf 81' lang='lat' dir='ltr'><strong>srela</strong></span> <span class='ocrx_word' id='word_1_143' title='bbox 474 2061 622 2096; x_wconf 80' lang='lat' dir='ltr'><strong>caeca,</strong></span> <span class='ocrx_word' id='word_1_144' title='bbox 647 2047 805 2100; x_wconf 88' lang='lat' dir='ltr'><strong>ignota,</strong></span> <span class='ocrx_word' id='word_1_145' title='bbox 830 2047 897 2085; x_wconf 90' lang='lat' dir='ltr'><strong>in—</strong></span> 
     </span>
     <span class='ocr_line' id='line_1_31' title="bbox 161 2106 896 2159; baseline 0 -15"><span class='ocrx_word' id='word_1_146' title='bbox 161 2107 369 2159; x_wconf 86' lang='lat' dir='ltr'><strong>explorata</strong></span> <span class='ocrx_word' id='word_1_147' title='bbox 389 2119 471 2145; x_wconf 91' lang='lat' dir='ltr'><strong>esse</strong></span> <span class='ocrx_word' id='word_1_148' title='bbox 491 2106 701 2145; x_wconf 86' lang='lat' dir='ltr'><strong>videntur.</strong></span> <span class='ocrx_word' id='word_1_149' title='bbox 762 2106 804 2144; x_wconf 89' lang='lat' dir='ltr'><strong>Si</strong></span> <span class='ocrx_word' id='word_1_150' title='bbox 832 2119 896 2144; x_wconf 90' lang='lat' dir='ltr'><strong>es·-</strong></span> 
     </span>
     <span class='ocr_line' id='line_1_32' title="bbox 160 2164 895 2217; baseline 0 -15"><span class='ocrx_word' id='word_1_151' title='bbox 160 2178 241 2202; x_wconf 90' lang='lat' dir='ltr'><strong>sem</strong></span> <span class='ocrx_word' id='word_1_152' title='bbox 260 2165 398 2217; x_wconf 88' lang='lat' dir='ltr'><strong>paullo</strong></span> <span class='ocrx_word' id='word_1_153' title='bbox 417 2164 672 2216; x_wconf 81' lang='lat' dir='ltr'><strong>arrogantior</strong></span> <span class='ocrx_word' id='word_1_154' title='bbox 684 2194 694 2214; x_wconf 92' lang='lat'><strong>,</strong></span> <span class='ocrx_word' id='word_1_155' title='bbox 721 2164 895 2203; x_wconf 83' lang='lat' dir='ltr'><strong>dicerem</strong></span> 
     </span>
     <span class='ocr_line' id='line_1_33' title="bbox 158 2222 893 2276; baseline 0.001 -15"><span class='ocrx_word' id='word_1_156' title='bbox 158 2237 234 2275; x_wconf 87' lang='lat' dir='ltr'><strong>pro</strong></span> <span class='ocrx_word' id='word_1_157' title='bbox 257 2223 425 2276; x_wconf 87' lang='lat' dir='ltr'><strong>imperio</strong></span> <span class='ocrx_word' id='word_1_158' title='bbox 455 2230 523 2273; x_wconf 88' lang='lat' dir='ltr'><strong>„et</strong></span> <span class='ocrx_word' id='word_1_159' title='bbox 541 2223 583 2262; x_wconf 87' lang='lat' dir='ltr'><strong>in</strong></span> <span class='ocrx_word' id='word_1_160' title='bbox 601 2222 713 2261; x_wconf 83' lang='lat' dir='ltr'><strong>hunc</strong></span> <span class='ocrx_word' id='word_1_161' title='bbox 734 2236 893 2262; x_wconf 89' lang='lat' dir='ltr'><strong>sensum</strong></span> 
     </span>
     <span class='ocr_line' id='line_1_34' title="bbox 158 2281 894 2334; baseline 0 -14"><span class='ocrx_word' id='word_1_162' title='bbox 158 2282 331 2320; x_wconf 81' lang='lat' dir='ltr'><strong>verbum</strong></span> <span class='ocrx_word' id='word_1_163' title='bbox 349 2281 628 2334; x_wconf 89' lang='lat' dir='ltr'><strong>accipiendum</strong></span> <span class='ocrx_word' id='word_1_164' title='bbox 647 2284 747 2320; x_wconf 85' lang='lat' dir='ltr'><strong>est.“</strong></span> <span class='ocrx_word' id='word_1_165' title='bbox 775 2282 894 2320; x_wconf 86' lang='lat' dir='ltr'><strong>Nunc</strong></span> 
     </span>
     <span class='ocr_line' id='line_1_35' title="bbox 157 2339 892 2392; baseline 0 -14"><span class='ocrx_word' id='word_1_166' title='bbox 157 2340 260 2378; x_wconf 90' lang='lat' dir='ltr'><strong>bene</strong></span> <span class='ocrx_word' id='word_1_167' title='bbox 280 2341 399 2390; x_wconf 89' lang='lat' dir='ltr'><strong>novi,</strong></span> <span class='ocrx_word' id='word_1_168' title='bbox 430 2353 572 2379; x_wconf 90' lang='lat' dir='ltr'><strong>vocem</strong></span> <span class='ocrx_word' id='word_1_169' title='bbox 586 2339 737 2378; x_wconf 87' lang='lat' dir='ltr'><strong>habere</strong></span> <span class='ocrx_word' id='word_1_170' title='bbox 756 2340 892 2392; x_wconf 86' lang='lat' dir='ltr'><strong>plures</strong></span> 
     </span>
     <span class='ocr_line' id='line_1_36' title="bbox 158 2398 892 2449; baseline 0 -13"><span class='ocrx_word' id='word_1_171' title='bbox 158 2398 363 2448; x_wconf 86' lang='lat' dir='ltr'><strong>notiones,</strong></span> <span class='ocrx_word' id='word_1_172' title='bbox 407 2412 505 2449; x_wconf 87' lang='lat' dir='ltr'><strong>quas</strong></span> <span class='ocrx_word' id='word_1_173' title='bbox 538 2398 637 2437; x_wconf 87' lang='lat' dir='ltr'><strong>alius</strong></span> <span class='ocrx_word' id='word_1_174' title='bbox 662 2399 780 2437; x_wconf 80' lang='lat' dir='ltr'><strong>aliam</strong></span> <span class='ocrx_word' id='word_1_175' title='bbox 808 2412 892 2436; x_wconf 88' lang='lat' dir='ltr'><strong>non</strong></span> 
     </span>
     <span class='ocr_line' id='line_1_37' title="bbox 156 2456 892 2508; baseline 0.001 -14"><span class='ocrx_word' id='word_1_176' title='bbox 156 2457 290 2495; x_wconf 90' lang='lat' dir='ltr'><strong>minus</strong></span> <span class='ocrx_word' id='word_1_177' title='bbox 307 2457 406 2495; x_wconf 90' lang='lat' dir='ltr'><strong>bene</strong></span> <span class='ocrx_word' id='word_1_178' title='bbox 421 2470 497 2508; x_wconf 89' lang='lat' dir='ltr'><strong>pro</strong></span> <span class='ocrx_word' id='word_1_179' title='bbox 515 2456 683 2495; x_wconf 88' lang='lat' dir='ltr'><strong>arbitrio</strong></span> <span class='ocrx_word' id='word_1_180' title='bbox 701 2470 774 2495; x_wconf 92' lang='lat' dir='ltr'><strong>suo</strong></span> <span class='ocrx_word' id='word_1_181' title='bbox 793 2457 892 2495; x_wconf 89' lang='lat' dir='ltr'><strong>sub-</strong></span> 
     </span>
     <span class='ocr_line' id='line_1_38' title="bbox 157 2515 891 2567; baseline 0.001 -15"><span class='ocrx_word' id='word_1_182' title='bbox 157 2515 325 2553; x_wconf 81' lang='lat' dir='ltr'><strong>stituere</strong></span> <span class='ocrx_word' id='word_1_183' title='bbox 359 2517 514 2567; x_wconf 71' lang='lat' dir='ltr'><strong>possit,</strong></span> <span class='ocrx_word' id='word_1_184' title='bbox 565 2515 701 2566; x_wconf 85' lang='lat' dir='ltr'><strong>itaque</strong></span> <span class='ocrx_word' id='word_1_185' title='bbox 734 2528 891 2564; x_wconf 91' lang='lat' dir='ltr'><strong>moneo,</strong></span> 
     </span>
     <span class='ocr_line' id='line_1_39' title="bbox 155 2573 892 2626; baseline 0 -15"><span class='ocrx_word' id='word_1_186' title='bbox 155 2586 272 2626; x_wconf 89' lang='lat' dir='ltr'><strong>posse</strong></span> <span class='ocrx_word' id='word_1_187' title='bbox 295 2574 400 2611; x_wconf 80' lang='lat' dir='ltr'><strong>freta</strong></span> <span class='ocrx_word' id='word_1_188' title='bbox 424 2588 547 2611; x_wconf 76' lang='lat' dir='ltr'><strong>caeca</strong></span> <span class='ocrx_word' id='word_1_189' title='bbox 570 2586 729 2625; x_wconf 88' lang='lat' dir='ltr'><strong>quoque</strong></span> <span class='ocrx_word' id='word_1_190' title='bbox 751 2573 829 2611; x_wconf 91' lang='lat' dir='ltr'><strong>dici</strong></span> <span class='ocrx_word' id='word_1_191' title='bbox 851 2580 892 2611; x_wconf 90' lang='lat' dir='ltr'><strong>et</strong></span> 
     </span>
     <span class='ocr_line' id='line_1_40' title="bbox 157 2631 889 2684; baseline -0.003 -14"><span class='ocrx_word' id='word_1_192' title='bbox 157 2631 305 2684; x_wconf 83' lang='lat' dir='ltr'>accipi,</span> <span class='ocrx_word' id='word_1_193' title='bbox 347 2632 379 2669; x_wconf 90' lang='lat' dir='ltr'><strong>si</strong></span> <span class='ocrx_word' id='word_1_194' title='bbox 408 2632 497 2682; x_wconf 81' lang='lat' dir='ltr'><strong>quis</strong></span> <span class='ocrx_word' id='word_1_195' title='bbox 530 2632 665 2680; x_wconf 90' lang='lat' dir='ltr'><strong>malit,</strong></span> <span class='ocrx_word' id='word_1_196' title='bbox 707 2632 889 2681; x_wconf 87' lang='lat' dir='ltr'><strong>obscura,</strong></span> 
     </span>
     <span class='ocr_line' id='line_1_41' title="bbox 154 2688 890 2742; baseline -0.003 -13"><span class='ocrx_word' id='word_1_197' title='bbox 154 2690 290 2742; x_wconf 80' lang='lat' dir='ltr'><strong>nigra3</strong></span> <span class='ocrx_word' id='word_1_198' title='bbox 319 2696 367 2728; x_wconf 92' lang='lat' dir='ltr'><strong>ut</strong></span> <span class='ocrx_word' id='word_1_199' title='bbox 387 2688 486 2728; x_wconf 82' lang='lat' dir='ltr'><strong>Aen.</strong></span> <span class='ocrx_word' id='word_1_200' title='bbox 505 2689 572 2738; x_wconf 83' lang='grc' dir='ltr'>ΙΙΙ,</span> <span class='ocrx_word' id='word_1_201' title='bbox 594 2693 678 2731; x_wconf 79' lang='grc'><strong>200</strong></span> <span class='ocrx_word' id='word_1_202' title='bbox 706 2690 798 2727; x_wconf 87' lang='lat' dir='ltr'><strong>licet</strong></span> <span class='ocrx_word' id='word_1_203' title='bbox 821 2703 890 2727; x_wconf 89' lang='lat' dir='ltr'><strong>ac—</strong></span> 
     </span>
     <span class='ocr_line' id='line_1_42' title="bbox 155 2748 889 2801; baseline -0.004 -14"><span class='ocrx_word' id='word_1_204' title='bbox 155 2749 308 2801; x_wconf 87' lang='lat' dir='ltr'><strong>cipere,</strong></span> <span class='ocrx_word' id='word_1_205' title='bbox 339 2750 469 2786; x_wconf 75' lang='lat' dir='ltr'><strong>caecis</strong></span> <span class='ocrx_word' id='word_1_206' title='bbox 497 2762 675 2785; x_wconf 77' lang='lat' dir='ltr'><strong>erramus</strong></span> <span class='ocrx_word' id='word_1_207' title='bbox 702 2750 744 2784; x_wconf 79' lang='lat' dir='ltr'><strong>in</strong></span> <span class='ocrx_word' id='word_1_208' title='bbox 771 2748 889 2785; x_wconf 68' lang='lat' dir='ltr'><strong>undis</strong></span> 
     </span>
     <span class='ocr_line' id='line_1_43' title="bbox 153 2804 888 2860; baseline -0.007 -14"><span class='ocrx_word' id='word_1_209' title='bbox 153 2813 324 2860; x_wconf 85' lang='lat' dir='ltr'><strong>propter</strong></span> <span class='ocrx_word' id='word_1_210' title='bbox 352 2819 458 2858; x_wconf 90' lang='lat' dir='ltr'><strong>seqq.</strong></span> <span class='ocrx_word' id='word_1_211' title='bbox 517 2804 572 2844; x_wconf 90' lang='lat' dir='ltr'><strong>At</strong></span> <span class='ocrx_word' id='word_1_212' title='bbox 600 2805 671 2843; x_wconf 89' lang='lat' dir='ltr'><strong>inf.</strong></span> <span class='ocrx_word' id='word_1_213' title='bbox 698 2805 774 2855; x_wconf 79' lang='grc' dir='ltr'>ΙΙΙ,</span> <span class='ocrx_word' id='word_1_214' title='bbox 805 2808 888 2846; x_wconf 73' lang='grc'><strong>260</strong></span> 
     </span>
     <span class='ocr_line' id='line_1_44' title="bbox 154 2863 889 2917; baseline -0.007 -12"><span class='ocrx_word' id='word_1_215' title='bbox 154 2880 239 2905; x_wconf 90' lang='lat' dir='ltr'><strong>non</strong></span> <span class='ocrx_word' id='word_1_216' title='bbox 262 2871 361 2904; x_wconf 85' lang='lat' dir='ltr'><strong>sunt</strong></span> <span class='ocrx_word' id='word_1_217' title='bbox 374 2866 493 2917; x_wconf 74' lang='lat' dir='ltr'><strong>fieta</strong></span> <span class='ocrx_word' id='word_1_218' title='bbox 520 2878 645 2902; x_wconf 83' lang='lat' dir='ltr'><strong>caeca</strong></span> <span class='ocrx_word' id='word_1_219' title='bbox 662 2893 672 2912; x_wconf 90' lang='lat'><strong>,</strong></span> <span class='ocrx_word' id='word_1_220' title='bbox 708 2863 779 2901; x_wconf 93' lang='lat' dir='ltr'><strong>sed</strong></span> <span class='ocrx_word' id='word_1_221' title='bbox 809 2878 889 2901; x_wconf 82' lang='lat' dir='ltr'><strong>nox</strong></span> 
     </span>
     <span class='ocr_line' id='line_1_45' title="bbox 154 2925 889 2963; baseline -0.007 0"><span class='ocrx_word' id='word_1_222' title='bbox 154 2939 279 2963; x_wconf 81' lang='lat' dir='ltr'><strong>caeca</strong></span> <span class='ocrx_word' id='word_1_223' title='bbox 294 2940 306 2962; x_wconf 91' lang='grc'><strong>.·</strong></span> <span class='ocrx_word' id='word_1_224' title='bbox 340 2925 472 2962; x_wconf 78' lang='lat' dir='ltr'><strong>Nocte</strong></span> <span class='ocrx_word' id='word_1_225' title='bbox 499 2930 617 2960; x_wconf 73' lang='lat' dir='ltr'><strong>natac</strong></span> <span class='ocrx_word' id='word_1_226' title='bbox 635 2935 759 2959; x_wconf 76' lang='lat' dir='ltr'><strong>caeca</strong></span> <span class='ocrx_word' id='word_1_227' title='bbox 781 2935 889 2959; x_wconf 78' lang='lat' dir='ltr'><strong>seras</strong></span> 
     </span>
    </p>
   </div>
   <div class='ocr_carea' id='block_1_9' title="bbox 146 2977 888 3034">
    <p class='ocr_par' dir='ltr' id='par_1_10' title="bbox 146 2977 888 3034">
     <span class='ocr_line' id='line_1_46' title="bbox 146 2977 888 3034; baseline -0.005 -13"><span class='ocrx_word' id='word_1_228' title='bbox 146 2983 274 3034; x_wconf 82' lang='lat' dir='ltr'><strong>freta.</strong></span> <span class='ocrx_word' id='word_1_229' title='bbox 341 2981 482 3022; x_wconf 82' lang='lat' dir='ltr'><strong>Servio</strong></span> <span class='ocrx_word' id='word_1_230' title='bbox 507 2977 604 3020; x_wconf 85' lang='lat' dir='ltr'><strong>sunt</strong></span> <span class='ocrx_word' id='word_1_231' title='bbox 634 2986 773 3018; x_wconf 89' lang='lat' dir='ltr'><strong>nostro</strong></span> <span class='ocrx_word' id='word_1_232' title='bbox 798 2980 888 3019; x_wconf 85' lang='lat' dir='ltr'><strong>loco</strong></span> 
     </span>
    </p>
   </div>
   <div class='ocr_carea' id='block_1_10' title="bbox 1378 681 1707 716">
    <p class='ocr_par' dir='ltr' id='par_1_11' title="bbox 1378 681 1707 716">
     <span class='ocr_line' id='line_1_47' title="bbox 1378 681 1707 716; baseline -0.012 0"><span class='ocrx_word' id='word_1_233' title='bbox 1378 681 1450 716; x_wconf 78' lang='lat'><strong>502</strong></span> <span class='ocrx_word' id='word_1_234' title='bbox 1482 682 1526 714; x_wconf 89' lang='lat' dir='ltr'><strong>In</strong></span> <span class='ocrx_word' id='word_1_235' title='bbox 1531 692 1599 714; x_wconf 75' lang='lat' dir='ltr'><strong>san</strong></span> <span class='ocrx_word' id='word_1_236' title='bbox 1604 692 1707 714; x_wconf 82' lang='lat' dir='ltr'><strong>umve</strong></span> 
     </span>
    </p>
   </div>
   <div class='ocr_carea' id='block_1_11' title="bbox 1637 727 1707 763">
    <p class='ocr_par' dir='ltr' id='par_1_12' title="bbox 1637 727 1707 763">
     <span class='ocr_line' id='line_1_48' title="bbox 1637 727 1707 763; baseline 0.014 -1"><span class='ocrx_word' id='word_1_237' title='bbox 1637 727 1707 763; x_wconf 87' lang='lat'><strong>503</strong></span> 
     </span>
    </p>
   </div>
   <div class='ocr_carea' id='block_1_12' title="bbox 952 679 1259 714">
    <p class='ocr_par' dir='ltr' id='par_1_13' title="bbox 952 679 1259 714">
     <span class='ocr_line' id='line_1_49' title="bbox 952 679 1259 714; baseline 0.007 -3"><span class='ocrx_word' id='word_1_238' title='bbox 952 690 1044 711; x_wconf 85' lang='lat' dir='ltr'><strong>rura</strong></span> <span class='ocrx_word' id='word_1_239' title='bbox 1069 679 1259 714; x_wconf 83' lang='lat' dir='ltr'><strong>Romanus.</strong></span> 
     </span>
    </p>
   </div>
   <div class='ocr_carea' id='block_1_13' title="bbox 934 877 1706 3032">
    <p class='ocr_par' dir='ltr' id='par_1_14' title="bbox 934 877 1706 3032">
     <span class='ocr_line' id='line_1_50' title="bbox 953 877 1706 933; baseline 0.003 -17"><span class='ocrx_word' id='word_1_240' title='bbox 953 877 1073 930; x_wconf 82' lang='lat' dir='ltr'><strong>freta</strong></span> <span class='ocrx_word' id='word_1_241' title='bbox 1095 893 1220 918; x_wconf 78' lang='lat' dir='ltr'><strong>caeca</strong></span> <span class='ocrx_word' id='word_1_242' title='bbox 1251 880 1386 920; x_wconf 87' lang='lat' dir='ltr'><strong>subito</strong></span> <span class='ocrx_word' id='word_1_243' title='bbox 1418 881 1462 920; x_wconf 90' lang='lat' dir='ltr'><strong>in</strong></span> <span class='ocrx_word' id='word_1_244' title='bbox 1485 886 1706 933; x_wconf 86' lang='lat' dir='ltr'><strong>tempesta-</strong></span> 
     </span>
     <span class='ocr_line' id='line_1_51' title="bbox 966 939 1704 991; baseline 0.003 -17"><span class='ocrx_word' id='word_1_245' title='bbox 966 942 1048 975; x_wconf 84' lang='lat' dir='ltr'><strong>tem</strong></span> <span class='ocrx_word' id='word_1_246' title='bbox 1080 939 1286 990; x_wconf 83' lang='lat' dir='ltr'><strong>surgentia</strong></span> <span class='ocrx_word' id='word_1_247' title='bbox 1303 969 1314 989; x_wconf 96' lang='lat'><strong>,</strong></span> <span class='ocrx_word' id='word_1_248' title='bbox 1359 953 1535 991; x_wconf 88' lang='lat' dir='ltr'><strong>quorum</strong></span> <span class='ocrx_word' id='word_1_249' title='bbox 1569 945 1704 977; x_wconf 86' lang='lat' dir='ltr'><strong>motus</strong></span> 
     </span>
     <span class='ocr_line' id='line_1_52' title="bbox 967 995 1704 1049; baseline 0.003 -17"><span class='ocrx_word' id='word_1_250' title='bbox 967 995 1092 1045; x_wconf 89' lang='lat' dir='ltr'><strong>caeci,</strong></span> <span class='ocrx_word' id='word_1_251' title='bbox 1123 996 1267 1036; x_wconf 87' lang='lat' dir='ltr'><strong>incerti</strong></span> <span class='ocrx_word' id='word_1_252' title='bbox 1287 1004 1395 1036; x_wconf 89' lang='lat' dir='ltr'><strong>sunt.</strong></span> <span class='ocrx_word' id='word_1_253' title='bbox 1441 996 1506 1035; x_wconf 84' lang='lat' dir='ltr'><strong>Ad</strong></span> <span class='ocrx_word' id='word_1_254' title='bbox 1523 997 1704 1049; x_wconf 88' lang='lat' dir='ltr'><strong>pericula</strong></span> 
     </span>
     <span class='ocr_line' id='line_1_53' title="bbox 965 1053 1703 1108; baseline 0.003 -17"><span class='ocrx_word' id='word_1_255' title='bbox 965 1058 1005 1091; x_wconf 89' lang='lat' dir='ltr'><strong>et</strong></span> <span class='ocrx_word' id='word_1_256' title='bbox 1022 1053 1252 1093; x_wconf 81' lang='lat' dir='ltr'><strong>discrimina</strong></span> <span class='ocrx_word' id='word_1_257' title='bbox 1274 1055 1541 1108; x_wconf 82' lang='lat' dir='ltr'><strong>navigationis</strong></span> <span class='ocrx_word' id='word_1_258' title='bbox 1558 1055 1703 1108; x_wconf 89' lang='lat' dir='ltr'><strong>respici</strong></span> 
     </span>
     <span class='ocr_line' id='line_1_54' title="bbox 962 1113 1701 1166; baseline 0.004 -17"><span class='ocrx_word' id='word_1_259' title='bbox 962 1118 1087 1164; x_wconf 89' lang='lat' dir='ltr'><strong>patet.</strong></span> <span class='ocrx_word' id='word_1_260' title='bbox 1123 1113 1295 1163; x_wconf 82' lang='lat' dir='ltr'><strong>Scilicet,</strong></span> <span class='ocrx_word' id='word_1_261' title='bbox 1317 1127 1460 1154; x_wconf 86' lang='lat' dir='ltr'><strong>cavere</strong></span> <span class='ocrx_word' id='word_1_262' title='bbox 1477 1120 1620 1166; x_wconf 87' lang='lat' dir='ltr'><strong>poetae</strong></span> <span class='ocrx_word' id='word_1_263' title='bbox 1635 1114 1701 1152; x_wconf 88' lang='lat' dir='ltr'><strong>in-</strong></span> 
     </span>
     <span class='ocr_line' id='line_1_55' title="bbox 964 1171 1701 1225; baseline 0.003 -17"><span class='ocrx_word' id='word_1_264' title='bbox 964 1171 1130 1209; x_wconf 85' lang='lat' dir='ltr'><strong>terdum</strong></span> <span class='ocrx_word' id='word_1_265' title='bbox 1150 1171 1224 1211; x_wconf 77' lang='lat' dir='ltr'><strong>vix</strong></span> <span class='ocrx_word' id='word_1_266' title='bbox 1246 1178 1429 1224; x_wconf 83' lang='lat' dir='ltr'><strong>possunt,</strong></span> <span class='ocrx_word' id='word_1_267' title='bbox 1453 1171 1565 1225; x_wconf 88' lang='lat' dir='ltr'><strong>quin,</strong></span> <span class='ocrx_word' id='word_1_268' title='bbox 1590 1172 1701 1224; x_wconf 86' lang='lat' dir='ltr'><strong>quod</strong></span> 
     </span>
     <span class='ocr_line' id='line_1_56' title="bbox 964 1228 1700 1282; baseline 0.004 -16"><span class='ocrx_word' id='word_1_269' title='bbox 964 1228 1017 1266; x_wconf 87' lang='lat' dir='ltr'><strong>ad</strong></span> <span class='ocrx_word' id='word_1_270' title='bbox 1045 1229 1330 1282; x_wconf 84' lang='lat' dir='ltr'><strong>impellendam</strong></span> <span class='ocrx_word' id='word_1_271' title='bbox 1360 1236 1538 1269; x_wconf 84' lang='lat' dir='ltr'><strong>mentem</strong></span> <span class='ocrx_word' id='word_1_272' title='bbox 1565 1244 1612 1269; x_wconf 86' lang='lat' dir='ltr'><strong>ac</strong></span> <span class='ocrx_word' id='word_1_273' title='bbox 1638 1231 1700 1269; x_wconf 91' lang='lat' dir='ltr'><strong>fe-</strong></span> 
     </span>
     <span class='ocr_line' id='line_1_57' title="bbox 962 1286 1699 1338; baseline 0.001 -13"><span class='ocrx_word' id='word_1_274' title='bbox 962 1286 1152 1326; x_wconf 83' lang='lat' dir='ltr'><strong>riendum</strong></span> <span class='ocrx_word' id='word_1_275' title='bbox 1179 1301 1339 1327; x_wconf 88' lang='lat' dir='ltr'><strong>sensum</strong></span> <span class='ocrx_word' id='word_1_276' title='bbox 1362 1289 1601 1328; x_wconf 84' lang='lat' dir='ltr'><strong>adiunctum</strong></span> <span class='ocrx_word' id='word_1_277' title='bbox 1627 1295 1699 1338; x_wconf 83' lang='lat' dir='ltr'><strong>est,</strong></span> 
     </span>
     <span class='ocr_line' id='line_1_58' title="bbox 962 1346 1700 1400; baseline 0.003 -17"><span class='ocrx_word' id='word_1_278' title='bbox 962 1351 1130 1398; x_wconf 87' lang='lat' dir='ltr'><strong>propter</strong></span> <span class='ocrx_word' id='word_1_279' title='bbox 1160 1346 1350 1389; x_wconf 21' lang='lat' dir='ltr'><strong>diversos.</strong></span> <span class='ocrx_word' id='word_1_280' title='bbox 1372 1361 1521 1387; x_wconf 90' lang='lat' dir='ltr'><strong>vocum</strong></span> <span class='ocrx_word' id='word_1_281' title='bbox 1547 1347 1700 1400; x_wconf 82' lang='lat' dir='ltr'><strong>signifi-</strong></span> 
     </span>
     <span class='ocr_line' id='line_1_59' title="bbox 963 1405 1699 1457; baseline 0.003 -15"><span class='ocrx_word' id='word_1_282' title='bbox 963 1410 1096 1454; x_wconf 87' lang='lat' dir='ltr'><strong>catus,</strong></span> <span class='ocrx_word' id='word_1_283' title='bbox 1138 1405 1371 1457; x_wconf 85' lang='lat' dir='ltr'><strong>ambiguum</strong></span> <span class='ocrx_word' id='word_1_284' title='bbox 1404 1405 1587 1457; x_wconf 87' lang='lat' dir='ltr'><strong>adeoque</strong></span> <span class='ocrx_word' id='word_1_285' title='bbox 1622 1405 1699 1444; x_wconf 93' lang='lat' dir='ltr'><strong>ob-</strong></span> 
     </span>
     <span class='ocr_line' id='line_1_60' title="bbox 961 1463 1699 1504; baseline 0.001 -3"><span class='ocrx_word' id='word_1_286' title='bbox 961 1476 1127 1501; x_wconf 84' lang='lat' dir='ltr'><strong>scurum</strong></span> <span class='ocrx_word' id='word_1_287' title='bbox 1146 1470 1319 1503; x_wconf 84' lang='lat' dir='ltr'><strong>maneat.</strong></span> <span class='ocrx_word' id='word_1_288' title='bbox 1381 1466 1485 1504; x_wconf 83' lang='lat' dir='ltr'><strong>Sunt</strong></span> <span class='ocrx_word' id='word_1_289' title='bbox 1505 1463 1607 1503; x_wconf 86' lang='lat' dir='ltr'><strong>haee</strong></span> <span class='ocrx_word' id='word_1_290' title='bbox 1631 1464 1699 1502; x_wconf 86' lang='lat' dir='ltr'><strong>in·-</strong></span> 
     </span>
     <span class='ocr_line' id='line_1_61' title="bbox 959 1523 1698 1573; baseline 0.003 -14"><span class='ocrx_word' id='word_1_291' title='bbox 959 1527 1022 1560; x_wconf 88' lang='lat' dir='ltr'><strong>ter</strong></span> <span class='ocrx_word' id='word_1_292' title='bbox 1042 1534 1108 1571; x_wconf 89' lang='lat' dir='ltr'><strong>ea,</strong></span> <span class='ocrx_word' id='word_1_293' title='bbox 1137 1535 1237 1573; x_wconf 88' lang='lat' dir='ltr'><strong>quae</strong></span> <span class='ocrx_word' id='word_1_294' title='bbox 1256 1523 1400 1562; x_wconf 83' lang='lat' dir='ltr'><strong>sentiri</strong></span> <span class='ocrx_word' id='word_1_295' title='bbox 1422 1523 1591 1572; x_wconf 88' lang='lat' dir='ltr'><strong>debent,</strong></span> <span class='ocrx_word' id='word_1_296' title='bbox 1613 1536 1698 1561; x_wconf 90' lang='lat' dir='ltr'><strong>non</strong></span> 
     </span>
     <span class='ocr_line' id='line_1_62' title="bbox 959 1574 1696 1635; baseline 0.001 -17"><span class='ocrx_word' id='word_1_297' title='bbox 959 1580 1163 1619; x_wconf 81' lang='lat' dir='ltr'><strong>subtiliter</strong></span> <span class='ocrx_word' id='word_1_298' title='bbox 1178 1580 1290 1620; x_wconf 88' lang='lat' dir='ltr'><strong>dilui.</strong></span> <span class='ocrx_word' id='word_1_299' title='bbox 1315 1579 1472 1635; x_wconf 79' lang='lat' dir='ltr'><strong>(caeca,</strong></span> <span class='ocrx_word' id='word_1_300' title='bbox 1486 1581 1512 1620; x_wconf 89' lang='lat' dir='ltr'><strong>i.</strong></span> <span class='ocrx_word' id='word_1_301' title='bbox 1525 1594 1557 1620; x_wconf 90' lang='lat' dir='ltr'><strong>e.</strong></span> <span class='ocrx_word' id='word_1_302' title='bbox 1575 1574 1696 1635; x_wconf 80' lang='lat' dir='ltr'><strong>plena</strong></span> 
     </span>
     <span class='ocr_line' id='line_1_63' title="bbox 956 1638 1695 1693; baseline 0.001 -17"><span class='ocrx_word' id='word_1_303' title='bbox 956 1638 1209 1678; x_wconf 86' lang='lat' dir='ltr'><strong>incertorum</strong></span> <span class='ocrx_word' id='word_1_304' title='bbox 1244 1653 1422 1690; x_wconf 87' lang='lat' dir='ltr'><strong>casuum,</strong></span> <span class='ocrx_word' id='word_1_305' title='bbox 1444 1640 1563 1693; x_wconf 89' lang='lat' dir='ltr'><strong>plena</strong></span> <span class='ocrx_word' id='word_1_306' title='bbox 1584 1639 1695 1692; x_wconf 86' lang='lat' dir='ltr'><strong>peri-</strong></span> 
     </span>
     <span class='ocr_line' id='line_1_64' title="bbox 957 1697 1695 1750; baseline 0.001 -15"><span class='ocrx_word' id='word_1_307' title='bbox 957 1697 1145 1736; x_wconf 86' lang='lat' dir='ltr'><strong>culorum</strong></span> <span class='ocrx_word' id='word_1_308' title='bbox 1163 1704 1334 1750; x_wconf 86' lang='lat' dir='ltr'><strong>propter</strong></span> <span class='ocrx_word' id='word_1_309' title='bbox 1353 1698 1526 1737; x_wconf 84' lang='lat' dir='ltr'><strong>latentes</strong></span> <span class='ocrx_word' id='word_1_310' title='bbox 1544 1711 1695 1750; x_wconf 85' lang='lat' dir='ltr'><strong>scopu-</strong></span> 
     </span>
     <span class='ocr_line' id='line_1_65' title="bbox 956 1755 1694 1828; baseline -0.001 -33"><span class='ocrx_word' id='word_1_311' title='bbox 956 1755 1029 1806; x_wconf 91' lang='lat' dir='ltr'><strong>los,</strong></span> <span class='ocrx_word' id='word_1_312' title='bbox 1042 1762 1184 1808; x_wconf 87' lang='lat' dir='ltr'><strong>syrtes,</strong></span> <span class='ocrx_word' id='word_1_313' title='bbox 1207 1757 1256 1795; x_wconf 88' lang='lat' dir='ltr'><strong>al.</strong></span> <span class='ocrx_word' id='word_1_314' title='bbox 1280 1756 1440 1795; x_wconf 85' lang='lat' dir='ltr'><strong>Laudat</strong></span> <span class='ocrx_word' id='word_1_315' title='bbox 1458 1756 1694 1828; x_wconf 55' lang='lat' dir='ltr'><strong>[acobs.³Se-</strong></span> 
     </span>
     <span class='ocr_line' id='line_1_66' title="bbox 955 1808 1693 1869; baseline 0.005 -18"><span class='ocrx_word' id='word_1_316' title='bbox 955 1828 1042 1867; x_wconf 89' lang='lat' dir='ltr'><strong>rap.</strong></span> <span class='ocrx_word' id='word_1_317' title='bbox 1056 1813 1224 1853; x_wconf 83' lang='lat' dir='ltr'><strong>Anthol.</strong></span> <span class='ocrx_word' id='word_1_318' title='bbox 1238 1815 1320 1853; x_wconf 84' lang='lat' dir='ltr'><strong>Pal.</strong></span> <span class='ocrx_word' id='word_1_319' title='bbox 1336 1815 1419 1864; x_wconf 93' lang='lat' dir='ltr'><strong>VII,</strong></span> <span class='ocrx_word' id='word_1_320' title='bbox 1429 1814 1548 1857; x_wconf 84' lang='lat'>400.-</span> <span class='ocrx_word' id='word_1_321' title='bbox 1539 1846 1547 1854; x_wconf 94' lang='lat'>.</span> <span class='ocrx_word' id='word_1_322' title='bbox 1570 1808 1628 1866; x_wconf 78' lang='grc' dir='ltr'><strong>,,ἧ</strong></span> <span class='ocrx_word' id='word_1_323' title='bbox 1638 1810 1693 1869; x_wconf 75' lang='grc' dir='ltr'><strong>ῥα</strong></span> 
     </span>
     <span class='ocr_line' id='line_1_67' title="bbox 955 1867 1694 1941; baseline 0.003 -29"><span class='ocrx_word' id='word_1_324' title='bbox 955 1888 1016 1920; x_wconf 87' lang='grc' dir='ltr'><strong>τις</strong></span> <span class='ocrx_word' id='word_1_325' title='bbox 1041 1867 1157 1926; x_wconf 78' lang='grc' dir='ltr'><em>ἦσθα</em></span> <span class='ocrx_word' id='word_1_326' title='bbox 1172 1870 1406 1941; x_wconf 79' lang='grc' dir='ltr'><strong><em>’Έμπορος,</em></strong></span> <span class='ocrx_word' id='word_1_327' title='bbox 1438 1869 1468 1925; x_wconf 78' lang='grc' dir='ltr'><em>ἢ</em></span> <span class='ocrx_word' id='word_1_328' title='bbox 1491 1875 1694 1925; x_wconf 78' lang='grc' dir='ltr'><strong>τυφλοῦ</strong></span> 
     </span>
     <span class='ocr_line' id='line_1_68' title="bbox 955 1926 1691 1984; baseline 0.003 -13"><span class='ocrx_word' id='word_1_329' title='bbox 955 1926 1135 1983; x_wconf 81' lang='grc' dir='ltr'><strong><em>κύματος</em></strong></span> <span class='ocrx_word' id='word_1_330' title='bbox 1154 1927 1389 1984; x_wconf 80' lang='grc' dir='ltr'><strong>ἰχθυβόλος.</strong></span> <span class='ocrx_word' id='word_1_331' title='bbox 1393 1933 1418 1953; x_wconf 83' lang='grc'><strong><em>“</em></strong></span> <span class='ocrx_word' id='word_1_332' title='bbox 1433 1937 1472 1969; x_wconf 87' lang='lat' dir='ltr'><strong>et</strong></span> <span class='ocrx_word' id='word_1_333' title='bbox 1481 1931 1564 1982; x_wconf 86' lang='lat' dir='ltr'><strong>VII,</strong></span> <span class='ocrx_word' id='word_1_334' title='bbox 1577 1931 1691 1973; x_wconf 76' lang='lat'>275.-</span> 
     </span>
     <span class='ocr_line' id='line_1_69' title="bbox 955 1985 1624 2041; baseline 0.003 -12"><span class='ocrx_word' id='word_1_335' title='bbox 955 1988 1157 2038; x_wconf 63' lang='grc' dir='ltr'><strong>»Μαλεόυ</strong></span> <span class='ocrx_word' id='word_1_336' title='bbox 1177 2005 1233 2029; x_wconf 86' lang='grc' dir='ltr'><strong>τυ</strong></span> <span class='ocrx_word' id='word_1_337' title='bbox 1245 2005 1276 2041; x_wconf 82' lang='grc' dir='ltr'><em>φ</em></span> <span class='ocrx_word' id='word_1_338' title='bbox 1286 1992 1308 2029; x_wconf 82' lang='grc' dir='ltr'><em>λ</em></span> <span class='ocrx_word' id='word_1_339' title='bbox 1320 2006 1345 2030; x_wconf 83' lang='grc' dir='ltr'>α</span> <span class='ocrx_word' id='word_1_340' title='bbox 1356 1989 1370 2029; x_wconf 85' lang='grc' dir='ltr'><strong>ὶ</strong></span> <span class='ocrx_word' id='word_1_341' title='bbox 1389 1985 1624 2038; x_wconf 51' lang='lat' dir='ltr'><strong>anaiades-fl</strong></span> 
     </span>
     <span class='ocr_line' id='line_1_70' title="bbox 954 2047 1689 2101; baseline 0 -16"><span class='ocrx_word' id='word_1_342' title='bbox 954 2047 1132 2098; x_wconf 77' lang='lat' dir='ltr'><strong>Vossius,</strong></span> <span class='ocrx_word' id='word_1_343' title='bbox 1155 2053 1208 2097; x_wconf 84' lang='lat' dir='ltr'><strong>et,</strong></span> <span class='ocrx_word' id='word_1_344' title='bbox 1229 2053 1276 2086; x_wconf 88' lang='lat' dir='ltr'><strong>ut</strong></span> <span class='ocrx_word' id='word_1_345' title='bbox 1294 2047 1474 2098; x_wconf 85' lang='lat' dir='ltr'><strong>videtur,</strong></span> <span class='ocrx_word' id='word_1_346' title='bbox 1494 2047 1689 2101; x_wconf 84' lang='lat' dir='ltr'><strong>Heynius,</strong></span> 
     </span>
     <span class='ocr_line' id='line_1_71' title="bbox 954 2105 1688 2159; baseline -0.001 -14"><span class='ocrx_word' id='word_1_347' title='bbox 954 2106 1032 2145; x_wconf 86' lang='lat' dir='ltr'><strong>tria</strong></span> <span class='ocrx_word' id='word_1_348' title='bbox 1051 2105 1114 2144; x_wconf 85' lang='lat' dir='ltr'><strong>his</strong></span> <span class='ocrx_word' id='word_1_349' title='bbox 1137 2106 1272 2145; x_wconf 86' lang='lat' dir='ltr'><strong>verbis</strong></span> <span class='ocrx_word' id='word_1_350' title='bbox 1292 2105 1504 2158; x_wconf 86' lang='lat' dir='ltr'><strong>significari</strong></span> <span class='ocrx_word' id='word_1_351' title='bbox 1520 2113 1688 2159; x_wconf 87' lang='lat' dir='ltr'><strong>putant:</strong></span> 
     </span>
     <span class='ocr_line' id='line_1_72' title="bbox 952 2164 1689 2218; baseline -0.001 -15"><span class='ocrx_word' id='word_1_352' title='bbox 952 2171 1244 2214; x_wconf 86' lang='lat' dir='ltr'><strong>mercaturam,</strong></span> <span class='ocrx_word' id='word_1_353' title='bbox 1274 2164 1449 2216; x_wconf 84' lang='lat' dir='ltr'><strong>bellum,</strong></span> <span class='ocrx_word' id='word_1_354' title='bbox 1478 2164 1689 2218; x_wconf 87' lang='lat' dir='ltr'><strong>potentio-</strong></span> 
     </span>
     <span class='ocr_line' id='line_1_73' title="bbox 951 2222 1689 2275; baseline -0.001 -14"><span class='ocrx_word' id='word_1_355' title='bbox 951 2236 1045 2262; x_wconf 90' lang='lat' dir='ltr'><strong>rum</strong></span> <span class='ocrx_word' id='word_1_356' title='bbox 1065 2223 1247 2275; x_wconf 87' lang='lat' dir='ltr'><strong>gratiam.</strong></span> <span class='ocrx_word' id='word_1_357' title='bbox 1297 2223 1567 2262; x_wconf 86' lang='lat' dir='ltr'><strong>Concinniora</strong></span> <span class='ocrx_word' id='word_1_358' title='bbox 1586 2222 1689 2261; x_wconf 85' lang='lat' dir='ltr'><strong>haec</strong></span> 
     </span>
     <span class='ocr_line' id='line_1_74' title="bbox 951 2281 1688 2334; baseline 0 -16"><span class='ocrx_word' id='word_1_359' title='bbox 951 2287 1094 2331; x_wconf 87' lang='lat' dir='ltr'><strong>erunt,</strong></span> <span class='ocrx_word' id='word_1_360' title='bbox 1136 2282 1168 2320; x_wconf 91' lang='lat' dir='ltr'><strong>si</strong></span> <span class='ocrx_word' id='word_1_361' title='bbox 1201 2282 1369 2332; x_wconf 86' lang='lat' dir='ltr'><strong>statuis,</strong></span> <span class='ocrx_word' id='word_1_362' title='bbox 1411 2281 1590 2334; x_wconf 84' lang='lat' dir='ltr'><strong>primum</strong></span> <span class='ocrx_word' id='word_1_363' title='bbox 1627 2283 1688 2334; x_wconf 87' lang='lat' dir='ltr'><strong>agi</strong></span> 
     </span>
     <span class='ocr_line' id='line_1_75' title="bbox 950 2339 1687 2392; baseline -0.001 -13"><span class='ocrx_word' id='word_1_364' title='bbox 950 2353 1010 2379; x_wconf 77' lang='lat' dir='ltr'><strong>vs,</strong></span> <span class='ocrx_word' id='word_1_365' title='bbox 1045 2340 1142 2383; x_wconf 82' lang='lat'><strong>503.</strong></span> <span class='ocrx_word' id='word_1_366' title='bbox 1174 2353 1231 2392; x_wconf 87' lang='lat' dir='ltr'><strong>sq.</strong></span> <span class='ocrx_word' id='word_1_367' title='bbox 1278 2339 1328 2378; x_wconf 83' lang='lat' dir='ltr'><strong>de</strong></span> <span class='ocrx_word' id='word_1_368' title='bbox 1365 2340 1497 2392; x_wconf 85' lang='lat' dir='ltr'><strong>regnis</strong></span> <span class='ocrx_word' id='word_1_369' title='bbox 1538 2340 1687 2379; x_wconf 78' lang='lat' dir='ltr'><strong>exteris</strong></span> 
     </span>
     <span class='ocr_line' id='line_1_76' title="bbox 949 2398 1686 2450; baseline 0.001 -14"><span class='ocrx_word' id='word_1_370' title='bbox 949 2398 1055 2436; x_wconf 89' lang='lat' dir='ltr'><strong>bello</strong></span> <span class='ocrx_word' id='word_1_371' title='bbox 1079 2398 1237 2450; x_wconf 82' lang='lat' dir='ltr'><strong>petitis,</strong></span> <span class='ocrx_word' id='word_1_372' title='bbox 1285 2404 1376 2437; x_wconf 89' lang='lat' dir='ltr'><strong>tum</strong></span> <span class='ocrx_word' id='word_1_373' title='bbox 1413 2412 1472 2437; x_wconf 75' lang='lat' dir='ltr'><strong>vs,</strong></span> <span class='ocrx_word' id='word_1_374' title='bbox 1505 2398 1602 2441; x_wconf 87' lang='lat'>505.</span> <span class='ocrx_word' id='word_1_375' title='bbox 1637 2398 1686 2436; x_wconf 87' lang='lat' dir='ltr'><strong>de</strong></span> 
     </span>
     <span class='ocr_line' id='line_1_77' title="bbox 952 2456 1686 2495; baseline 0.001 -1"><span class='ocrx_word' id='word_1_376' title='bbox 952 2456 1181 2495; x_wconf 86' lang='lat' dir='ltr'><strong>domesticis</strong></span> <span class='ocrx_word' id='word_1_377' title='bbox 1212 2457 1493 2495; x_wconf 84' lang='lat' dir='ltr'><strong>Romanorum</strong></span> <span class='ocrx_word' id='word_1_378' title='bbox 1528 2457 1686 2495; x_wconf 90' lang='lat' dir='ltr'><strong>discor-</strong></span> 
     </span>
     <span class='ocr_line' id='line_1_78' title="bbox 951 2514 1687 2554; baseline -0.001 -1"><span class='ocrx_word' id='word_1_379' title='bbox 951 2514 1038 2553; x_wconf 81' lang='lat' dir='ltr'><strong>diis.</strong></span> <span class='ocrx_word' id='word_1_380' title='bbox 1098 2515 1198 2554; x_wconf 86' lang='lat' dir='ltr'><strong>Nam</strong></span> <span class='ocrx_word' id='word_1_381' title='bbox 1225 2514 1313 2552; x_wconf 85' lang='lat' dir='ltr'><strong>illa:</strong></span> <span class='ocrx_word' id='word_1_382' title='bbox 1355 2515 1583 2553; x_wconf 73' lang='lat' dir='ltr'><strong>Sollicitam</strong></span> <span class='ocrx_word' id='word_1_383' title='bbox 1608 2516 1687 2553; x_wconf 75' lang='lat' dir='ltr'><strong>alii</strong></span> 
     </span>
     <span class='ocr_line' id='line_1_79' title="bbox 947 2571 1686 2624; baseline 0 -13"><span class='ocrx_word' id='word_1_384' title='bbox 947 2575 1067 2611; x_wconf 78' lang='lat' dir='ltr'><strong>remis</strong></span> <span class='ocrx_word' id='word_1_385' title='bbox 1083 2573 1201 2624; x_wconf 83' lang='lat' dir='ltr'><strong>freta</strong></span> <span class='ocrx_word' id='word_1_386' title='bbox 1216 2602 1226 2621; x_wconf 96' lang='lat'><strong>,</strong></span> <span class='ocrx_word' id='word_1_387' title='bbox 1262 2578 1303 2610; x_wconf 86' lang='lat' dir='ltr'><strong>et</strong></span> <span class='ocrx_word' id='word_1_388' title='bbox 1328 2571 1447 2611; x_wconf 85' lang='lat' dir='ltr'><strong>haec:</strong></span> <span class='ocrx_word' id='word_1_389' title='bbox 1471 2581 1686 2624; x_wconf 80' lang='lat' dir='ltr'><strong>penetrant</strong></span> 
     </span>
     <span class='ocr_line' id='line_1_80' title="bbox 948 2631 1683 2683; baseline 0.001 -15"><span class='ocrx_word' id='word_1_390' title='bbox 948 2632 1070 2668; x_wconf 71' lang='lat' dir='ltr'><strong>aulas</strong></span> <span class='ocrx_word' id='word_1_391' title='bbox 1105 2639 1142 2668; x_wconf 83' lang='lat' dir='ltr'><strong>et</strong></span> <span class='ocrx_word' id='word_1_392' title='bbox 1169 2631 1315 2668; x_wconf 71' lang='lat' dir='ltr'><strong>limina</strong></span> <span class='ocrx_word' id='word_1_393' title='bbox 1344 2645 1487 2682; x_wconf 73' lang='lat' dir='ltr'><strong>regam</strong></span> <span class='ocrx_word' id='word_1_394' title='bbox 1501 2661 1511 2681; x_wconf 93' lang='lat'><strong>,</strong></span> <span class='ocrx_word' id='word_1_395' title='bbox 1556 2645 1683 2683; x_wconf 87' lang='lat' dir='ltr'><strong>quum</strong></span> 
     </span>
     <span class='ocr_line' id='line_1_81' title="bbox 946 2687 1682 2742; baseline 0.001 -15"><span class='ocrx_word' id='word_1_396' title='bbox 946 2688 1149 2727; x_wconf 84' lang='lat' dir='ltr'><strong>incertum</strong></span> <span class='ocrx_word' id='word_1_397' title='bbox 1182 2687 1261 2737; x_wconf 86' lang='lat' dir='ltr'><strong>sit,</strong></span> <span class='ocrx_word' id='word_1_398' title='bbox 1304 2689 1509 2738; x_wconf 89' lang='lat' dir='ltr'><strong>quomodo</strong></span> <span class='ocrx_word' id='word_1_399' title='bbox 1538 2703 1611 2742; x_wconf 87' lang='lat' dir='ltr'><strong>per</strong></span> <span class='ocrx_word' id='word_1_400' title='bbox 1641 2702 1682 2728; x_wconf 90' lang='lat' dir='ltr'><strong>se</strong></span> 
     </span>
     <span class='ocr_line' id='line_1_82' title="bbox 948 2746 1682 2798; baseline 0.003 -14"><span class='ocrx_word' id='word_1_401' title='bbox 948 2752 1129 2798; x_wconf 86' lang='lat' dir='ltr'><strong>spectata</strong></span> <span class='ocrx_word' id='word_1_402' title='bbox 1157 2746 1352 2798; x_wconf 85' lang='lat' dir='ltr'><strong>capienda</strong></span> <span class='ocrx_word' id='word_1_403' title='bbox 1379 2748 1481 2797; x_wconf 85' lang='lat' dir='ltr'><strong>sint,</strong></span> <span class='ocrx_word' id='word_1_404' title='bbox 1519 2747 1577 2786; x_wconf 87' lang='lat' dir='ltr'><strong>ita</strong></span> <span class='ocrx_word' id='word_1_405' title='bbox 1608 2747 1682 2786; x_wconf 89' lang='lat' dir='ltr'><strong>de-</strong></span> 
     </span>
     <span class='ocr_line' id='line_1_83' title="bbox 947 2804 1681 2857; baseline 0.004 -15"><span class='ocrx_word' id='word_1_406' title='bbox 947 2818 1061 2843; x_wconf 88' lang='lat' dir='ltr'><strong>mum</strong></span> <span class='ocrx_word' id='word_1_407' title='bbox 1088 2804 1223 2843; x_wconf 86' lang='lat' dir='ltr'><strong>lucem</strong></span> <span class='ocrx_word' id='word_1_408' title='bbox 1256 2805 1475 2857; x_wconf 85' lang='lat' dir='ltr'><strong>accipient,</strong></span> <span class='ocrx_word' id='word_1_409' title='bbox 1507 2806 1563 2856; x_wconf 87' lang='lat' dir='ltr'><strong>si,</strong></span> <span class='ocrx_word' id='word_1_410' title='bbox 1604 2807 1681 2845; x_wconf 82' lang='lat' dir='ltr'><strong>ad-</strong></span> 
     </span>
     <span class='ocr_line' id='line_1_84' title="bbox 947 2862 1680 2918; baseline 0.003 -17"><span class='ocrx_word' id='word_1_411' title='bbox 947 2863 1096 2901; x_wconf 73' lang='lat' dir='ltr'><strong>iunctis</strong></span> <span class='ocrx_word' id='word_1_412' title='bbox 1130 2863 1250 2901; x_wconf 86' lang='lat' dir='ltr'><strong>etiam</strong></span> <span class='ocrx_word' id='word_1_413' title='bbox 1277 2862 1365 2902; x_wconf 83' lang='lat' dir='ltr'><strong>his:</strong></span> <span class='ocrx_word' id='word_1_414' title='bbox 1410 2873 1606 2918; x_wconf 76' lang='lat' dir='ltr'><strong>ruuntque</strong></span> <span class='ocrx_word' id='word_1_415' title='bbox 1637 2867 1680 2903; x_wconf 80' lang='lat' dir='ltr'><strong>in</strong></span> 
     </span>
     <span class='ocr_line' id='line_1_85' title="bbox 934 2921 1677 2973; baseline 0.005 -15"><span class='ocrx_word' id='word_1_416' title='bbox 934 2921 1099 2973; x_wconf 65' lang='lat' dir='ltr'><strong>serrum,</strong></span> <span class='ocrx_word' id='word_1_417' title='bbox 1113 2952 1123 2970; x_wconf 95' lang='lat'><strong>,</strong></span> <span class='ocrx_word' id='word_1_418' title='bbox 1159 2921 1211 2959; x_wconf 89' lang='lat' dir='ltr'><strong>ad</strong></span> <span class='ocrx_word' id='word_1_419' title='bbox 1230 2935 1354 2959; x_wconf 88' lang='lat' dir='ltr'><strong>unam</strong></span> <span class='ocrx_word' id='word_1_420' title='bbox 1378 2922 1512 2961; x_wconf 88' lang='lat' dir='ltr'><strong>omnia</strong></span> <span class='ocrx_word' id='word_1_421' title='bbox 1540 2937 1677 2962; x_wconf 89' lang='lat' dir='ltr'><strong>rerum</strong></span> 
     </span>
     <span class='ocr_line' id='line_1_86' title="bbox 946 2979 1677 3032; baseline 0.003 -14"><span class='ocrx_word' id='word_1_422' title='bbox 946 2979 1159 3032; x_wconf 84' lang='lat' dir='ltr'><strong>imaginem</strong></span> <span class='ocrx_word' id='word_1_423' title='bbox 1176 2980 1492 3020; x_wconf 70' lang='lat' dir='ltr'><strong>revocabuntur.</strong></span> <span class='ocrx_word' id='word_1_424' title='bbox 1518 2981 1555 3020; x_wconf 94' lang='lat' dir='ltr'>N</span> <span class='ocrx_word' id='word_1_425' title='bbox 1556 2995 1600 3020; x_wconf 84' lang='lat' dir='ltr'><strong>ec</strong></span> <span class='ocrx_word' id='word_1_426' title='bbox 1614 2982 1677 3020; x_wconf 85' lang='lat' dir='ltr'><strong>sa-</strong></span> 
     </span>
    </p>
   </div>
  </div>
 </body>
</html>
