1768 3320
317 226 750 307 nen-omna
784 228 886 277 nc
902 230 956 279 L.
993 229 1059 291 11,
1095 234 1322 284 26-32

1518 243 1582 290 87

5 353 112 403 Ο
143 361 352 417 tantun
368 351 531 402 libeat
548 368 768 402 mecum
790 352 887 402 tibi
912 353 1129 403 sordida
1149 372 1271 405 rura

57 425 246 494 Atque
254 421 474 472 humilis
489 421 729 472 habitare
746 439 914 487 casaS,
953 432 1007 472 et
1028 422 1195 489 figere
1218 441 1418 490 cerv05,

55 485 479 573 Haedorumque
494 507 715 557 gregem
733 492 891 542 viridi
912 493 1222 560 conpellere
1243 495 1478 548 hibisco!
1515 505 1581 550 30

54 565 272 612 Mecum
290 578 397 612 una
416 562 472 611 in
492 561 631 611 silvis
653 562 932 612 imitabere
950 566 1091 614 Pana
1111 564 1372 617 canendo

54 635 166 721 Plau
188 632 397 699 primus
427 631 656 682 calamos
678 649 798 682 cera
819 634 1149 700 coniungere
1170 633 1338 702 pluris

98 762 148 798 28
171 763 202 795 0
217 730 331 796 Ιὶὲεαε
345 769 491 796 tantum
507 761 578 795 duo
592 762 709 796 Burin.
757 763 803 799 31
823 763 888 796 Me
913 775 959 797 ue
977 776 1055 797 una
1072 764 1197 808 fragm.
1216 764 1347 798 Moret.
1372 765 1483 798 Deest
1498 778 1580 799 ver—

52 820 111 842 sus
133 807 323 842 inZulich.

395 808 444 843 82
461 821 522 855 Ρη
518 810 619 842 'mum
639 811 740 843 Rom.
763 815 799 842 et
819 810 928 843 Got.

947 823 1016 844 sec.
1054 823 1162 844 cerae
1180 810 1283 844 Leid.
1330 812 1462 845 Locum
1480 813 1580 846 multi

48 857 552 900 expressa-eumenum,
581 854 641 893 24.
668 862 709 889 ut
733 856 835 890 Ovid.
861 858 947 890 Met.
974 859 1039 898 Χῐ,
1061 857 1140 893 154.
1170 858 1215 891 αῖ.
1243 857 1376 892 Tibull.
1402 860 1444 901 11,
1463 861 1500 902 5,
1518 860 1576 896 31.

51 903 131 964 ω,
157 903 214 936 Ita
231 913 372 949 quoque
391 913 475 936 mox
491 900 540 940 40
555 914 609 950 sq.
627 903 788 950 expressi
810 916 868 951 ap.
887 904 989 939 Ovid.
1008 906 1096 938 Met.
1122 905 1222 946 xm,
1250 904 1322 941 834
1341 919 1395 952 sq.

95 1022 166 1063 28.
191 1020 395 1059 Otantum
411 1019 544 1070 hbeat,
552 1027 601 1059 ut
613 1020 784 1060 Theocr.

841 1021 907 1071 111,
932 1025 997 1063 12.
1019 1023 1090 1061 Ge.
1100 1023 1168 1073 IV,
1181 1021 1404 1065 404-413.
1423 1023 1574 1063 Colum.

50 1078 123 1128 xl,
142 1078 211 1121 65.
244 1076 407 1116 sordida
433 1093 550 1127 rum,
582 1078 622 1117 h.
650 1079 677 1118 l.
699 1093 784 1117 non
840 1079 924 1129 VII,
968 1083 1033 1122 12.
1082 1081 1260 1133 Geopon.
1307 1082 1418 1131 XIX,
1466 1084 1574 1123 1-3.

47 1137 94 1176 in
109 1136 260 1176 vitium
278 1135 433 1175 dictum
445 1165 457 1185 ‚
495 1136 662 1189 sedpro
677 1137 782 1186 vilis,

48 1207 215 1248 pauper.
248 1219 260 1239 2
281 1193 446 1232 Servius
495 1193 569 1231 tila·
619 1195 782 1232 sordida

47 1252 192 1306 iungrt,
211 1264 315 1304 quae
331 1251 413 1291 tibf
427 1251 605 1291 sordent.
667 1251 781 1306 (Sor-

48 1311 149 1350 dida
172 1324 289 1360 mm,
327 1308 422 1361 quia
447 1316 587 1348 carent
612 1310 779 1348 mundi-

48 1369 128 1407 tiae
156 1368 337 1407 urbanae
362 1367 489 1406 cultu.
519 1367 693 1407 Martial.
723 1370 777 1418 X,

48 1429 129 1468 96.:
144 1427 222 1476 „Et
230 1431 412 1479 repetam
424 1431 584 1464 saturae
607 1440 625 1463 s
638 1441 661 1464 o
673 1440 695 1464 r
704 1426 777 1464 di-

47 1484 227 1524 darura
243 1485 396 1523 casae.“
428 1482 516 1537 Sp.)
567 1484 776 1536 29.figere

46 1556 200 1592 cmm,
229 1543 263 1581 si
289 1542 398 1580 ferae
429 1547 546 1591 sunt,
588 1542 693 1591 telo,
714 1542 774 1580 ia—

47 1600 160 1650 culo,
198 1600 340 1652 Georg.
378 1599 409 1648 I,
443 1601 540 1640 308.
594 1599 694 1639 Aen.
726 1600 774 1650 V,

46 1659 145 1701 516.
164 1657 232 1708 Vl,
250 1660 347 1700 803.
365 1657 415 1695 cs.
433 1657 663 1697 Busm.l1.l.
692 1658 774 1697 Ve-

45 1716 220 1757 nationis
250 1721 390 1755 tumen
418 1715 600 1754 studium
634 1730 657 1753 a
687 1717 774 1755 vita

44 1781 257 1826 pastorum
279 1773 455 1812 alienum
481 1786 563 1812 esse
598 1773 775 1813 videtur.

44 1833 228 1871 Praestat
243 1831 439 1872 haetenus
459 1831 643 1882 alterum,
664 1832 776 1884 quod

45 1891 210 1930 Sex-vina
226 1890 368 1929 habet:
387 1895 488 1939 „aut
505 1891 651 1939 fiiroas,
672 1904 775 1942 quae

43 1948 227 2001 figuntur
259 1949 315 1988 ad
355 1961 469 1987 casae
510 1949 774 1988 sustentatio-

45 2020 164 2045 nem:
213 2020 315 2058 quae
348 2006 481 2045 dictae
509 2013 607 2046 sunt
650 2008 773 2056 cervi,

44 2065 99 2103 ad
129 2065 431 2105 similitudinem
459 2077 658 2103 cornuum
685 2079 775 2103 cer-

43 2123 244 2162 vinorum.
246 2126 271 2146 “
291 2130 334 2162 et
342 2130 611 2175 praecesserat
624 2123 775 2161 mentio

45 2194 180 2230 casae;
195 2182 272 2220 nisi
282 2181 359 2220 alia
377 2194 428 2219 ex
445 2187 562 2233 parte
572 2181 617 2219 id
630 2195 775 2233 pamm

44 2211 273 2292 opportune
301 2245 641 2277 commemoratur
667 2239 774 2278 inter

46 2304 180 2336 cetera
210 2298 263 2336 ad
295 2297 405 2336 vitae
446 2297 621 2335 rusticae
661 2311 774 2336 com—

42 2355 352 2394 mandationem.
389 2355 618 2393 Probarunt
639 2362 775 2394 tamen

43 2413 123 2452 hoc
149 2413 254 2466 Lips.
282 2421 326 2452 et
355 2414 502 2452 Duker.
530 2413 575 2451 in
605 2414 772 2466 Specim.

43 2473 136 2510 Not.
155 2472 209 2510 ad
230 2474 343 2510 Serv.
363 2473 435 2510 To.
455 2471 484 2510 I.
501 2471 609 2521 virg.
634 2473 771 2510 Burm.

44 2531 90 2568 In
116 2543 163 2568 re
186 2529 350 2569 militari
381 2529 500 2568 obvia
527 2536 587 2566 est
607 2543 705 2578 vox,
730 2544 770 2568 v.

44 2588 98 2626 ad
115 2588 260 2627 Tibull.
279 2588 346 2637 IV,
368 2591 406 2637 1,
427 2586 482 2630 84
504 2594 545 2625 et
562 2587 695 2639 Intpp.
719 2587 773 2625 ad

43 2646 283 2695 Liv..XLIV,
305 2648 371 2687 10.
400 2646 447 2683 In
463 2645 549 2683 vita
569 2646 772 2684 communi

46 2710 118 2742 aut
155 2703 367 2756 pastoritia
402 2717 488 2742 vox
527 2717 612 2741 nou
648 2716 772 2754 aeque

46 2761 243 2809 occurrit,
281 2768 323 2799 et
348 2761 510 2799 omnino
539 2768 660 2812 poeta
688 2775 772 2799 non

45 2820 140 2857 satis
160 2824 276 2857 caute
293 2819 477 2870 dilogiam
495 2819 654 2857 intulit:
673 2819 771 2857 dum

0 2873 2 2876 ’
33 2877 168 2928 figere
184 2891 317 2914 cervo-s·
332 2876 449 2916 dixit.
491 2874 771 2929 (venationem

45 2935 221 2973 serarum
257 2934 311 2971 ad
346 2934 471 2971 vitam
518 2935 770 2985 pastui-itiam

45 2993 247 3045 pertinere
262 3021 272 3040 ‚
316 2990 459 3038 docere
487 2999 656 3042 possunt
689 2993 769 3031 Ecl.

840 1137 1010 1176 Theocr.
1035 1138 1083 1188 V,
1116 1141 1211 1181 106.
1270 1139 1407 1191 Neque
1432 1139 1486 1177 ad
1512 1139 1570 1177 la-

839 1195 992 1245 borem,
1023 1197 1092 1247 qui
1112 1203 1172 1235 est
1190 1197 1231 1235 in
1254 1197 1376 1236 furcis
1395 1197 1573 1249 figendis,

840 1253 909 1291 sed
931 1254 984 1292 ad
1014 1254 1268 1307 voluptatem
1297 1254 1433 1293 Alexis
1465 1255 1572 1294 invi—

837 1317 976 1361 tatum
1012 1318 1101 1350 tum
1130 1313 1295 1351 iubetur
1321 1326 1413 1352 cum
1442 1313 1571 1365 Cory-

836 1369 942 1408 done
973 1368 1220 1408 habitare
1271 1370 1353 1410 iam
1395 1377 1572 1409 structas

835 1441 967 1476 casas,
990 1442 1071 1465 non
1102 1429 1368 1467 exstruendas
1395 1429 1568 1466 demum.

836 1486 974 1536 322-
993 1485 1142 1524 Similia
1164 1486 1343 1525 invenies
1371 1500 1433 1539 ap.
1458 1488 1568 1525 Serv.

835 1550 877 1581 et
898 1543 1095 1582 Vossium.
1130 1542 1244 1598 Wr.)
1304 1547 1373 1586 30.
1403 1544 1565 1582 hibisco.

832 1601 1019 1641 Hibiscus
1049 1615 1070 1639 e
1096 1602 1324 1641 malvarum
1354 1603 1568 1653 agrestium

830 1673 974 1711 genere
996 1673 1079 1698 esse
1107 1658 1301 1709 creditur,
1321 1661 1569 1698 Graecorum

829 1717 998 1755 althaea
1014 1733 1028 1755 :
1059 1718 1155 1767 etsi,
1185 1731 1287 1769 quae
1323 1717 1374 1755 de
1407 1730 1453 1755 ea
1483 1717 1566 1755 dis-

831 1781 1035 1829 putantur
1055 1790 1078 1813 a
1106 1776 1204 1814 viris
1233 1775 1384 1825 doctis,
1421 1789 1567 1827 parum

833 1839 945 1872 certa
973 1840 1081 1873 sunt.
1111 1834 1196 1872 vid.
1222 1833 1385 1873 Μαι-1111.
1415 1833 1499 1872 Iam
1524 1832 1563 1871 h.

831 1892 859 1930 l.
889 1891 1040 1944 duplici
1062 1891 1185 1930 modo
1208 1892 1293 1930 eius
1320 1891 1434 1930 notio
1463 1905 1565 1939 con-

832 1949 1036 1988 stituitur:
1077 1956 1150 1988 aut
1186 1963 1278 1988 cum
1316 1950 1478 1999 Servio,
1516 1955 1565 1988 ut

832 2008 907 2057 sit,
948 2008 1008 2045 ad
1029 2007 1248 2057 hibiscum,
1286 2013 1479 2058 tanquam
1512 2007 1563 2044 ad

832 2065 998 2103 herbam
1012 2066 1263 2117 pabularem:
1285 2065 1398 2116 quod
1417 2079 1467 2102 ex
1486 2078 1565 2102 usu

831 2123 1023 2174 loquendi
1043 2124 1144 2161 bene
1170 2123 1304 2173 fieret3
1335 2129 1407 2161 aut
1431 2129 1480 2161 ut
1498 2122 1563 2159 hi-

832 2182 930 2219 bisci
953 2181 1078 2219 caulis
1105 2187 1147 2219 et
1165 2181 1277 2232 virga
1306 2179 1563 2232 intelligenda

832 2240 896 2288 sit,
915 2252 994 2290 qua
1012 2245 1152 2291 pastor
1168 2239 1302 2278 utitur
1323 2238 1377 2276 ad
1385 2238 1562 2290 compel—

830 2297 996 2335 lendum
1015 2310 1183 2350 gregem.
1241 2296 1365 2336 Haud
1387 2296 1562 2334 diffiteor

831 2354 930 2393 mihi
954 2369 1065 2394 nunc
1094 2354 1402 2408 praeferendum
1431 2354 1561 2393 viden·

829 2413 942 2466 prius
982 2413 1106 2463 illud3
1155 2419 1216 2452 est
1247 2413 1354 2451 enim
1388 2411 1562 2449 hibiscus

829 2471 967 2523 pabuli
983 2485 1107 2523 genus
1125 2478 1166 2509 et
1179 2472 1320 2523 planta
1338 2470 1560 2508 esculenta2

830 2529 1018 2581 Calpurn.
1055 2529 1137 2566 Ecl.
1172 2529 1239 2577 IV,
1273 2530 1328 2569 32
1365 2527 1561 2578 vitulique

816 2587 983 2640 famem
997 2587 1149 2624 solarer
1161 2586 1326 2624 hibisco.
1362 2583 1558 2638 (lliba'eco.

830 2645 957 2683 dativ.
987 2659 1062 2696 pro
1087 2644 1148 2682 ad
1162 2643 1384 2690 hibiscunz;
1415 2642 1498 2680 wid.
1527 2642 1558 2678 si

830 2717 930 2755 opus
957 2703 1144 2751 videtur,
1174 2703 1286 2740 Voss.
1316 2707 1358 2738 et
1379 2700 1557 2737 Gronov.

830 2761 900 2798 Dia
907 2767 956 2799 tr.
968 2775 1007 2814 p.
1020 2763 1046 2802 8
1065 2773 1122 2811 sq.
1139 2761 1264 2798 Recte
1277 2758 1386 2796 idem
1396 2757 1557 2795 Vossius

828 2825 962 2870 negat,
982 2819 1215 2868 compellere
1236 2816 1455 2868 significare
1477 2815 1500 2850 i.
1519 2827 1555 2862 q.

828 2891 963 2927 agere,
996 2876 1136 2913 (lucere
1145 2891 1161 2922 ,-
1193 2874 1263 2912 sed
1283 2874 1416 2912 valere
1438 2883 1557 2920 agere

828 2935 966 2987 aliquo
975 2950 990 2981 ‚·
1013 2933 1163 2983 requiri
1179 2932 1302 2983 igitur
1320 2930 1465 2975 locum,
1475 2939 1556 2976 quo

829 2998 1079 3043 agantur.-—
1097 2992 1164 3030 31.
1185 2991 1227 3026 in
1255 2988 1390 3025 sum.-
1425 2996 1555 3022 comes
