1768 3320
562 254 566 255 ff
603 197 1131 253 ..ARGUMENTA
1552 220 1637 255 cm

773 324 811 358 N
834 325 863 358 Ο
884 325 922 359 Ν
944 326 962 359 1

102 383 255 441 Atque
273 396 326 426 ea
343 380 517 426 diversa
535 381 717 441 penitus
734 380 847 425 dum
868 390 999 442 parte
1017 391 1254 441 geruntur,

98 439 184 484 Iris
210 439 356 493 adest3
385 448 544 483 monet
566 455 696 483 arma
716 440 799 484 sibi
818 441 1042 484 contraria
1070 449 1235 493 sumat,
1579 448 1636 491 50

38 549 42 553 ,
99 497 362 542 Caeduntur
384 497 534 554 vigiles
557 505 601 541 et
618 505 781 541 mutua
800 514 999 557 corpora
1020 498 1235 551 fratrum,

75 554 232 599 ‘Nisus
253 563 299 599 et
317 554 568 614 Euryalus,
596 563 749 599 morte
771 564 815 599 et
834 557 1000 615 pietate
1015 556 1200 608 fideles;

94 612 313 671 Dumque
372 616 451 656 etit
466 612 671 665 laudem,
701 614 888 658 vincunt
905 615 1129 658 contraria
1155 613 1261 659 fata.

96 671 329 715 Audacem
390 670 598 715 emulum
616 671 708 715 leto
727 672 803 715 dat
826 672 985 732 pujcer
1001 671 1141 716 Iulus.

723 777 1004 812 DECIMI

95 844 318 889 Panditur
334 845 503 889 interea
524 845 702 889 caelum
721 846 938 905 sedesque
957 847 1192 890 Tonantis.
1575 851 1632 895 55

92 903 308 948 Alternus
330 911 518 962 questus
537 904 693 948 Venus
712 920 762 948 ac
785 904 994 948 Saturnia
1014 914 1252 964 promunt.

40 966 43 967 ⁷
92 960 177 1004 llla
197 960 352 1014 dolos,
383 960 489 1005 haec
505 961 639 1014 bella,
670 970 848 1015 movet3
875 962 951 1006 sed
972 962 1166 1006 vincitur
1182 965 1248 1007 ira

92 1018 257 1064 Mater.
315 1021 374 1062 At
397 1021 564 1063 Aeneas
583 1019 704 1063 bello
723 1035 817 1063 non
835 1021 1017 1079 segnior
1031 1021 1178 1063 instat.

60 1098 63 1100 “
92 1076 293 1120 Vulnere
312 1077 535 1121 Mezenti*
556 1077 755 1121 laedaem
778 1093 885 1121 nam
906 1077 1073 1122 fecerat
1090 1079 1222 1130 iram,

95 1133 252 1190 Quem
271 1135 417 1193 tetigit
439 1135 610 1189 virtus,
650 1143 835 1195 superat
855 1151 942 1196 per
959 1135 1051 1180 fata
1074 1135 1314 1197 periclum.
1573 1141 1629 1181 60

659 1241 1060 1276 UNDECIMI

90 1308 320 1353 Oceanum
344 1309 512 1354 interea
530 1309 739 1355 Phoebus
754 1318 1044 1370 superaverat
1065 1318 1188 1354 ortu.

89 1366 303 1411 Exstruit
327 1369 497 1412 Aeneas
518 1368 677 1412 dextra
696 1370 895 1428 quaesita
915 1377 1116 1427 tropaea,

91 1425 260 1469 Condit.
280 1425 411 1469 humi
430 1426 598 1479 socios,
628 1425 780 1470 fatum
801 1442 917 1484 quos
937 1427 1134 1470 condidit
1155 1432 1270 1469 ante.

89 1483 243 1541 Legati
263 1498 481 1542 responsa
502 1482 680 1537 ferunt,
711 1485 980 1541 veniamque
1007 1485 1195 1543 petitam

89 1539 196 1584 Non
216 1549 371 1599 negat,
402 1549 446 1584 et
470 1549 628 1585 contra
648 1550 826 1601 pugnat
842 1557 998 1586 secura
1019 1541 1223 1595 Camilla,
1567 1547 1623 1588 65

89 1597 274 1644 Femina
292 1599 424 1643 caede
442 1607 605 1658 potens
617 1632 632 1655 ,
660 1615 766 1644 casu
784 1600 1022 1643 temeraria
1037 1607 1178 1643 tanto.

636 1704 1084 1740 DUODECIMI

88 1771 278 1816 Turnus
298 1780 351 1816 ut
365 1772 580 1822 infractos
605 1775 711 1819 vidit
731 1776 911 1819 cessisse
930 1774 1126 1827 Latinos,

86 1829 234 1874 Instat
251 1838 386 1874 atrox
405 1846 606 1891 pugnae,
639 1838 787 1876 *neces
804 1833 885 1875 sibi
904 1831 1100 1891 percipit
1117 1832 1279 1885 hostis,

86 1887 272 1932 Pectore
293 1897 466 1933 secreto
484 1890 681 1934 violatur
709 1890 894 1934 vulnere
917 1889 1011 1942 teli,

86 1946 258 1990 Aeneas
274 1962 429 1990 caussa
450 1955 527 1992 est.
586 1947 658 1991 Illi
676 1947 869 1991 Iuturna
889 1946 1070 2006 neganti
1564 1953 1620 1991 70

87 2003 249 2047 Adfuit
266 2004 486 2063 obsequio
500 2038 513 2058 ,
542 2021 689 2064 quum
711 2022 840 2050 mors
859 2005 1067 2049 finiverat
1085 2005 1217 2048 iram.

86 2061 177 2105 Sed
196 2077 278 2106 sua
297 2061 390 2107 fata
408 2064 559 2107 virum
581 2072 823 2108 traxerunt
842 2079 1057 2122 quaerere
1077 2071 1290 2107 mortem.

874 2193 938 2241 II

86 2270 150 2315 In
176 2270 433 2317 Aeneidem
462 2194 753 2318 Monostich
782 2192 1117 2326 giliiPmale
1150 2273 1274 2332 apud
1312 2271 1423 2317 alios
1457 2272 1615 2317 Ovidii.

669 2343 782 2388 ibid.
811 2344 903 2403 Ep.
937 2347 1033 2388 190.

84 2409 264 2453 Primus
282 2409 439 2464 habet,
468 2411 687 2470 Libycam
709 2413 888 2456 veniant
915 2420 969 2456 ut
986 2412 1133 2455 Troes
1150 2412 1196 2454 in
1214 2410 1388 2456 urbem.

83 2466 253 2512 Edocet
267 2468 497 2512 excidium
516 2470 706 2523 Troiae,
736 2471 1004 2529 clademque
1024 2469 1258 2514 secundus.

129 2571 178 2607 50
199 2581 343 2617 sumat,
376 2573 454 2609 scil.
483 2575 636 2610 Turnus.
649 2574 730 2613 >nisi
748 2581 821 2609 est:
879 2574 1067 2621 quicquam
1089 2574 1167 2609 sani
1185 2582 1252 2609 est.
1282 2575 1436 2610 Videtur
1453 2573 1615 2608 deLausi

85 2628 246 2654 sumant.
883 2630 919 2657 et
940 2622 1108 2660 Mezentii
1125 2623 1234 2656 caede
1250 2623 1310 2668 agi
1329 2623 1473 2657 debere.
1522 2668 1545 2701 d

236 2699 246 2708 ,
334 2701 344 2710 ,
461 2702 472 2711 ,
546 2702 555 2710 ,
777 2702 786 2710 ,
810 2672 828 2710 ,“
1024 2683 1048 2703 u
1103 2682 1148 2703 ae
1173 2683 1219 2703 ue
1241 2672 1344 2704 vices
1372 2670 1443 2704 iam
1466 2671 1519 2702 Ou
1547 2680 1613 2701 en—

131 2699 176 2752 (31
200 2701 363 2756 Dssceffif
381 2714 403 2736 ³
424 2702 580 2748 Vlrgfllo
608 2702 822 2758 S⁶h⁰lfilsnc¹
879 2670 1028 2763 d06r18>i1ss
1047 2682 1277 2759 {zenziaviu
1302 2723 1339 2751 et
1365 2728 1447 2751 mox
1461 2724 1614 2763 pectore

86 2744 233 2788 humi
257 2756 388 2803 Rarum
405 2751 595 2785 verborum
610 2757 820 2797 propneta'
878 2764 949 2797 sed
965 2772 1077 2798 recto.
1110 2765 1206 2807 Quid
1222 2765 1272 2798 si:
1292 2775 1474 2812 percussa
1490 2764 1613 2796 inter-

86 2799 160 2825 tem
175 2793 320 2830 desent-
876 2812 968 2857 cipit
999 2811 1119 2845 hostis
1146 2812 1331 2846 Foedera:
1366 2818 1507 2845 secreto
1526 2809 1611 2842 vio-

877 2858 982 2891 latur
999 2859 1156 2892 vulnere
1180 2860 1248 2892 teli
1263 2862 1422 2894 Aeneas.
1472 2859 1612 2889 Caussa

877 2912 934 2938 est
967 2905 1026 2938 illi
1056 2908 1249 2939 Iuturna:
1292 2904 1451 2951 neganti
1490 2901 1611 2947 Affuit

132 2942 190 2979 57.
221 2945 269 2979 58
302 2947 369 2980 sed
398 2949 561 2983 vincitur
587 2951 649 2984 ira
683 2951 820 2984 Macer.
878 2950 1062 2998 ohsequio.
1086 2955 1169 2988 Iam
1178 2955 1288 2988 Mars
1293 2953 1481 2999 finiverat
1496 2950 1608 2988 iram3

84 2991 166 3032 Quo
204 2998 343 3036 spectet
384 2995 528 3037 nescim
567 3008 633 3032 nec
658 2996 695 3030 in
720 3008 820 3042 seqq.
879 2999 947 3032 sed
965 3011 994 3033 s.
1008 2998 1044 3045 fi

132 2872 182 2909 53
203 2873 287 2908 Sine
304 2876 426 2921 dubio,
445 2887 595 2925 petunt.
