1734 3320
147 205 253 254 374
474 203 529 253 Ρ.
565 202 927 254 VIRGILII
962 202 1341 254 MARONIS

143 329 419 397 Denique,
460 328 591 396 quid
610 346 804 396 vesper
827 346 976 379 serus
995 328 1179 394 vehat,
1217 329 1367 380 unde
1391 318 1611 381 serenas'

143 403 351 452 Ventus
377 408 493 465 agat
515 399 711 464 nubeS‚
751 399 883 467 quid
909 399 1107 465 cogitet
1125 399 1384 451 humidus
1407 403 1618 466 Auster,

146 469 243 520 Sol
267 470 363 519 tibi
386 471 534 535 signa
561 469 731 521 dabit:
771 469 960 520 Solem
982 471 1100 537 quis
1122 470 1302 522 dicere
1327 469 1526 522 falsum

142 539 386 592 Audeat?
422 540 512 590 ille
547 540 709 591 etiam
724 557 910 590 caecos
934 541 1131 591 instare
1150 541 1414 592 tumultus

145 612 318 679 Saepe
359 620 581 675 monet,
636 608 1097 729 fraudemqissesset
1134 620 1323 679 operta
1371 595 1675 734 tumescgrg

978 697 1006 730 e
1049 698 1090 732 a.
1369 692 1371 697 ⁴
1607 688 1638 735 6

187 783 255 821 461
282 785 380 832 quod
399 797 507 819 serus
533 784 667 820 Zulich.
699 784 817 867 dsiet-at
839 784 968 820 Medic.
995 797 1016 819 a
1039 798 1086 819 m.
1114 797 1168 831 pr.
1193 786 1373 820 Romanus
1407 793 1445 821 et
1473 786 1674 834 Cantabrig.

141 831 267 879 (ferat
297 840 350 867 est
377 833 478 877 prior
505 833 614 866 lectio
636 834 696 866 Me
724 832 803 867 icei.
843 832 938 877 Wr.)
1034 832 1103 868 461
1132 833 1222 879 qaid
1249 846 1385 881 vesper
1413 845 1521 868 serus
1549 836 1674 869 vehat.

138 879 284 914 Dixerat
298 881 366 914 iam
384 882 499 914 Varro
521 880 556 913 in
575 883 703 925 Satyra
722 880 933 926 Menippea:
959 881 1081 915 nescis
1099 880 1187 927 quid
1207 893 1341 927 vesper
1361 881 1489 915 vehat.
1515 894 1572 927 ap.
1590 884 1675 917 Ma·-

139 927 238 961 crob.
268 931 339 962 Sat.
366 928 417 969 ΙΙ,
450 928 482 962 8.
577 926 649 962 462
672 929 753 975 agit
780 929 869 973 Reg.
897 927 1039 961 Martin-
1092 927 1191 961 unde
1218 940 1400 962 serenans
1426 931 1556 963 Eurus
1583 938 1676 977 agat

139 974 354 1009 coniiciebat
379 973 564 1016 Reiskius‚
599 981 721 1017 acute,
755 982 793 1008 ut
818 982 912 1008 esset
937 975 1034 1020 quod
1061 979 1204 1010 Austro
1233 975 1488 1021 responderet3
1528 982 1565 1010 et
1592 977 1675 1023 quia

136 1029 280 1067 poetam
300 1021 450 1054 decebat
465 1021 575 1066 magis
588 1048 597 1064 ‚
622 1025 765 1055 Eurum
786 1035 890 1068 quam
907 1030 1059 1055 ventam
1075 1022 1241 1056 excitare.
1283 1022 1399 1056 Etiam
1415 1024 1466 1056 Io.
1485 1024 1672 1059 Schrader.

138 1069 229 1103 coni.
255 1081 411 1102 serenus
424 1071 570 1102 Eurus:
603 1076 642 1102 ut
669 1081 753 1115 opp.
802 1070 976 1103 humidus
994 1074 1146 1103 Auster.
1195 1069 1404 1113 Enimvero,
1436 1071 1537 1105 unde
1560 1073 1672 1106 Eurus

136 1116 273 1158 veniat,
298 1116 454 1160 ignorari
476 1115 617 1161 nequit;
649 1117 733 1160 sed,
757 1117 851 1150 unde
868 1124 992 1151 ventus
1013 1123 1181 1151 venturus
1204 1117 1272 1160 sit,
1305 1128 1374 1162 quo
1402 1118 1514 1151 nubes
1532 1119 1672 1165 dispel-

135 1162 274 1205 lantur,
299 1163 369 1196 hoc
389 1162 545 1196 dubitari
565 1170 695 1208 potest.
745 1165 833 1210 quid
855 1165 993 1210 cogitet
1015 1164 1213 1209 accipiebat
1230 1164 1415 1207 Reiskius,
1439 1166 1558 1210 quasi,
1585 1178 1672 1200 coa—-

136 1210 225 1255 gitet
247 1216 284 1243 et
305 1210 514 1254 compellat3
548 1210 601 1244 uti
627 1219 720 1258 agat
746 1211 792 1245 sit
818 1212 919 1256 quasi
947 1210 1076 1255 abigat.
1125 1212 1259 1245 Locum
1285 1211 1477 1247 declaravit
1502 1213 1671 1259 Spencius

134 1257 309 1303 Polymet.
330 1259 434 1301 XIII,
467 1269 503 1302 p.
522 1259 605 1294 203.
654 1258 744 1304 quid
764 1267 876 1305 cogat
897 1267 934 1292 et
953 1258 1035 1291 edd.
1052 1258 1159 1292 Aldd.
1181 1270 1236 1303 pr.
1263 1265 1298 1292 et
1324 1271 1393 1292 sec.
1416 1271 1493 1293 cum
1514 1262 1605 1295 lunt.
1629 1274 1671 1295 ex

134 1306 234 1352 cogit
261 1313 298 1338 et
322 1316 390 1350 pro
422 1304 577 1350 cogitet,
613 1311 652 1338 ut
676 1317 786 1350 saepe
818 1312 982 1339 erratum.
1018 1304 1087 1339 vid.
1114 1306 1230 1339 Burm.
1280 1307 1345 1352 qui
1366 1307 1509 1353 cogitat
1536 1309 1670 1343 Moret.

134 1358 249 1397 quart.
269 1351 420 1396 Kingius
438 1352 475 1386 in
496 1365 580 1397 app.
605 1352 691 1386 edit.
709 1352 852 1387 Martin.
872 1350 917 1388 τὸ
939 1354 1078 1400 cogitet
1104 1364 1177 1386 non
1202 1353 1387 1386 ferendum
1407 1365 1484 1387 esse
1501 1355 1652 1400 putabat
1659 1370 1669 1398 3

132 1398 254 1444 itaque
281 1399 436 1433 malebat
462 1408 572 1454 cogat
597 1408 635 1433 et
656 1407 714 1433 aut
732 1402 900 1435 concitet.
949 1401 1028 1434 Hoc
1052 1406 1122 1433 est:
1147 1399 1260 1433 minus
1283 1400 1464 1445 poeticum
1485 1403 1669 1446 praeferre

133 1445 257 1490 alteri,
292 1447 388 1492 quod
417 1454 580 1492 poeticae
602 1447 733 1481 rationi
762 1454 817 1481 est
849 1453 1134 1482 consentaneum.

131 1493 202 1530 465
225 1502 357 1542 aperta
377 1494 515 1529 Bodlei.

189 1588 268 1633 461
291 1613 349 1620 —
364 1589 461 1633 463.
502 1590 662 1642 Verbo,
699 1604 750 1630 ex
787 1591 870 1630 sole

129 1649 336 1702 praesagia
351 1649 514 1688 omnino
533 1650 707 1703 petimus
726 1650 870 1688 certis-

131 1707 249 1757 sima,
281 1721 383 1759 quae
410 1708 515 1746 circa
537 1722 749 1760 vesperam
771 1709 870 1747 caeli

129 1765 269 1816 facies,
301 1779 442 1804 serena
465 1780 515 1805 an
535 1767 694 1817 nubila,
725 1767 869 1805 futura

130 1823 203 1874 sit3
252 1838 275 1861 a
310 1837 391 1875 qua
429 1824 527 1863 caeli
562 1831 680 1877 parte
718 1831 867 1864 ventus

131 1881 345 1935 dispellens
384 1883 512 1921 nubes
558 1896 611 1923 an
658 1882 865 1922 adducens

128 1939 287 1993 pluvias
305 1946 505 1980 venturus
527 1941 590 1980 sit.
641 1940 739 1983 462.
767 1942 869 1995 quid

129 2000 277 2050 cogitet
294 1998 456 2049 Auster,
486 1999 715 2052 praeclare3
739 2006 864 2039 vento

127 2056 172 2095 in
189 2070 404 2110 personam
423 2064 604 2097 mutato:
626 2064 676 2097 ut
694 2072 755 2110 ap.
775 2058 865 2097 H‘o—

126 2121 205 2154 rat.
246 2115 511 2169 quodcunque
527 2116 749 2155 minabitur
772 2117 865 2154 Eu-

127 2189 194 2212 rus
204 2189 220 2222 ;
253 2180 313 2212 et:
345 2187 439 2213 cum
460 2175 587 2214 amnis
611 2176 742 2214 saevit
766 2174 864 2213 hor-

126 2232 368 2284 rendamque
399 2234 516 2271 cultis
546 2234 741 2271 diluviem
776 2248 863 2271 me·-

126 2289 281 2328 ditatur
297 2292 426 2342 agris.
491 2291 699 2344 Expressit
725 2298 864 2331 tamen

126 2353 169 2386 et
210 2362 275 2387 ars
307 2355 479 2388 ventos:
515 2350 638 2401 inque
678 2349 742 2390 his
773 2349 863 2389 Au—

126 2412 279 2456 strum,
310 2407 410 2445 facie
427 2408 674 2458 truculenta,
700 2408 862 2459 minaci,

125 2464 386 2517 superciliosa
417 2463 518 2519 (vid.
553 2481 615 2519 ap.
647 2468 862 2506 Stuartum

123 2522 371 2575 Antiquities
402 2524 456 2575 of
471 2524 630 2563 ‘Athens
667 2538 699 2563 e.
728 2525 784 2564 ΙΙΙ
818 2525 862 2564 in

124 2581 233 2620 turri
266 2586 465 2633 octogona
498 2581 723 2621 Andronici
756 2583 861 2635 Cyr—

123 2637 283 2677 rhestae
300 2645 340 2677 et
361 2641 408 2678 cf.
429 2641 646 2692 Spencium
663 2641 859 2693 Polymet.

122 2696 224 2736 Dial.
244 2697 353 2746 XHI,
377 2696 461 2752 13).
502 2697 600 2740 463.
621 2698 730 2737 Hinc
746 2699 858 2737 color

125 2755 273 2794 ductus
289 2755 427 2795 Manil.
443 2756 492 2806 H,
515 2755 610 2798 134.
637 2757 718 2799 135
740 2757 861 2808 Quod

124 2815 305 2853 Fortuna
324 2822 459 2852 ratum
474 2814 642 2866 faciat,
678 2816 767 2867 quis
789 2814 857 2852 di-

123 2886 207 2910 cere
227 2871 395 2923 falsum
420 2872 607 2921 Audeat,
647 2880 685 2910 et
718 2880 856 2910 tantae

122 2930 329 2983 suff'ragt'a
354 2932 507 2969 vincere
527 2931 669 2968 sortis!
711 2930 856 2970 Noster

109 2987 277 3039 falsum
292 3002 368 3041 pro
386 2988 541 3029 fallenti
564 2987 681 3027 dixit.

1229 1447 1301 1483 463
1325 1448 1428 1482 dedit
1452 1450 1585 1485 Mox-et.
1613 1464 1669 1497 pr.

986 1589 1085 1633 464.
1124 1590 1355 1643 Ingeniosus
1384 1591 1585 1631 transitus
1615 1593 1668 1632 ad

928 1650 1124 1688 emblema
1160 1649 1349 1688 carminis
1364 1679 1375 1700 ,
1424 1663 1499 1690 seu
1534 1651 1668 1704 episo-

929 1708 1062 1758 dium‚
1084 1722 1167 1747 non
1188 1708 1400 1760 inelegans,
1421 1722 1666 1761 quamquam

928 1767 980 1805 ad
999 1772 1141 1806 nostra
1155 1773 1341 1819 tempora
1353 1766 1488 1805 minus
1505 1781 1666 1807 accomd

925 1824 1167 1875 modatum3
1214 1838 1294 1876 quo
1334 1831 1455 1877 poeta
1490 1831 1529 1863 et
1562 1824 1666 1866 illud

926 1883 1073 1933 effecit,
1114 1889 1161 1922 ut
1196 1883 1393 1922 varietate
1427 1884 1562 1935 aliqua
1599 1885 1666 1924 di-

925 1942 1198 1994 stingueretur
1219 1942 1446 1993 argumenti
1467 1948 1599 1994 tenor,
1623 1952 1665 1983 et

924 2006 1049 2050 esset,
1095 2000 1167 2038 ubi
1200 1999 1412 2052 ingenium
1443 2007 1587 2053 poetae
1623 2016 1663 2041 se

922 2058 1075 2097 iactare
1097 2064 1241 2111 posset.
1297 2059 1446 2097 Caecos
1470 2062 1664 2099 tumultus

925 2116 1030 2156 dixit
1057 2116 1220 2155 bellicos
1252 2130 1304 2155 ex
1334 2117 1496 2156 occulto
1522 2125 1641 2158 natos
1650 2135 1661 2170 3

924 2175 1086 2214 eosdem
1108 2189 1207 2213 mox
1225 2175 1405 2227 fraudes
1430 2182 1471 2214 et
1496 2176 1661 2216 insidias

924 2234 1228 2273 conjurantium
1242 2263 1252 2283 ,
1301 2239 1343 2272 et
1372 2242 1516 2285 operta
1553 2234 1661 2275 bella

923 2292 1111 2345 explicat.
1169 2292 1364 2331 Nostrum
1396 2298 1490 2331 ante
1522 2294 1659 2333 oculos

921 2350 1068 2389 habuit
1100 2350 1236 2389 Manil.
1267 2350 1307 2400 Ι,
1344 2352 1428 2393 893
1477 2352 1587 2402 Quin
1622 2361 1660 2391 et

922 2408 1029 2447 bella
1044 2417 1196 2447 canunt
1213 2410 1329 2460 ignes
1348 2407 1573 2462 subitosque
1591 2418 1658 2448 tu-

921 2468 1071 2505 multus
1084 2496 1095 2516 9
1131 2468 1186 2505 Et
1203 2466 1465 2505 clandestinis
1485 2482 1657 2520 surgen-

920 2526 979 2563 tia
1002 2524 1227 2577 fraudibus
1257 2538 1388 2562 arma.
1445 2533 1656 2565 tumescere

919 2595 1016 2622 vero
1036 2582 1255 2634 elegantius
1276 2595 1397 2633 quam
1417 2583 1535 2633 oriri,
1562 2598 1656 2623 sur—

890 2649 900 2655 ·
916 2654 1008 2692 gere
1020 2655 1030 2691 5
1067 2639 1293 2678 trahuntur
1320 2640 1426 2678 enim
1456 2642 1655 2681 attributa

916 2699 1038 2737 maris
1068 2711 1115 2736 ac
1141 2698 1412 2750 procellaran
1445 2700 1498 2738 ad
1522 2700 1653 2740 bello-

915 2770 1010 2795 rum
1041 2761 1189 2794 motus.
1250 2757 1316 2795 Sic
1348 2758 1507 2808 fluctus
1519 2789 1531 2807 ,
1579 2773 1652 2797 ae-

915 2822 1012 2852 stus.
1058 2814 1124 2852 Sic
1144 2820 1184 2852 et
1207 2813 1339 2872 οἶδᾷν.
1381 2815 1652 2855 Ruhnkenius

916 2871 968 2910 ad
987 2872 1124 2911 Vellei.
1142 2872 1198 2921 II,
1227 2873 1302 2923 15,
1328 2887 1368 2925 p.
1393 2874 1474 2917 115
1508 2875 1557 2913 ab
1581 2888 1651 2913 ar-

912 2929 1060 2968 borum
1080 2936 1121 2968 et
1138 2931 1373 2982 plantarum
1390 2933 1553 2984 gemmis
1571 2932 1651 2972 du-

915 3001 1005 3027 cere
1023 2988 1211 3028 malebat.
