1768 3320
197 233 295 284 172

469 227 478 235 ’
518 230 573 279 Ρ.
611 229 971 300 VIRGILII
1005 225 1390 277 MARONIS

189 360 256 408 Et
273 355 442 422 gravis
464 354 652 412 adtrita,
670 354 944 421 pendebat
964 352 1243 402 cantharus
1264 369 1399 404 ansa.

190 425 460 492 Adgressi,
497 442 623 475 nam
645 442 802 491 saepe
828 427 988 473 senex
1010 439 1103 489 spe
1133 422 1380 472 carminis
1403 421 1573 490 ambo!

188 501 432 561 Luserat,
470 496 712 546 iniiciunt
733 495 857 561 ipsis
880 510 941 543 ex
961 491 1169 542 vincula
1189 493 1362 546 sertis».¹

238 617 283 653 17
306 619 359 651 Aa
374 615 502 662 gravis
519 613 645 646 Moret.
665 619 817 657 quartus.

191 671 226 697 et
240 664 379 708 plures;
405 660 466 694 alii
484 659 616 694 ambos.
637 672 668 693 v.
686 658 806 691 Heius.

188 769 269 802 nag.
296 769 366 791 sec.

190 864 415 905 Tursellino
437 863 554 916 plane
571 861 734 914 ignotus
746 891 757 911 ,
787 857 915 898 raris-

190 924 312 962 simus
342 929 381 961 et
414 936 437 959 a
465 920 605 960 Vossio
633 920 764 959 Valer.
785 918 916 957 Flacc.

188 982 230 1032 I,
261 980 356 1024 546.
393 980 586 1032 probatus
632 983 718 1016 est:
769 976 918 1014 addere

188 1053 348 1094 possum
383 1038 506 1076 Cicer.
530 1037 602 1089 Ep.
638 1035 691 1074 ad
716 1035 804 1073 Div.
833 1034 916 1084 VII,

190 1101 278 1140 23.:
299 1099 507 1147 „Tantum
525 1110 571 1133 ex
584 1094 779 1145 Arpinati
797 1107 917 1131 vene-

190 1170 301 1204 ram,
335 1169 426 1192 eum
445 1154 547 1191 mila·
566 1167 593 1190 a
613 1161 648 1190 le
671 1153 808 1189 literae
824 1151 916 1189 red-

189 1214 298 1251 ditae
315 1221 419 1250 sunt.
435 1214 465 1233 “
527 1210 629 1260 Sed,
659 1215 788 1248 testor
805 1208 917 1247 iudi-

191 1271 240 1310 cii
260 1270 338 1309 Tui
361 1269 607 1321 elegantiam,
639 1267 737 1319 quid
753 1266 916 1305 lectoris

187 1330 383 1368 intererat
418 1327 537 1377 scire,
576 1332 719 1365 utrum
734 1332 917 1377 tempore

188 1387 305 1439 longo
329 1401 379 1424 an
407 1385 526 1424 brevi
549 1391 641 1422 ante
663 1390 770 1422 serta
785 1382 916 1436 capite

189 1444 444 1483 deciderint?
473 1444 615 1482 Nonne
636 1441 715 1481 hoc
733 1441 916 1494 fi-iget‘?“

194 1505 264 1543 JV
257 1501 304 1557 r.)
343 1502 458 1541 Dicas
473 1501 622 1553 procul
634 1500 800 1539 relative
823 1499 916 1549 dici,

187 1575 262 1600 nec
284 1574 437 1613 semper
455 1565 656 1599 remotum
684 1573 731 1597 ac
755 1558 917 1610 longin-

189 1634 312 1672 quum
341 1618 580 1670 significare3
622 1616 782 1655 definiri
813 1629 918 1668 quo-

190 1691 266 1729 quc
289 1691 334 1715 ac
364 1675 634 1715 circumscribi
661 1689 733 1728 per
758 1671 801 1716 τό
821 1683 917 1712 tan-

190 1744 298 1773 tum.-
339 1741 387 1774 ut
414 1734 486 1784 sit,
522 1735 687 1785 procul,
730 1745 874 1785 nempe
893 1746 917 1770 a

189 1795 321 1844 capile
355 1801 510 1831 lantum
555 1791 750 1843 delapsa,
789 1803 916 1843 prope

190 1857 323 1903 caput.
382 1849 574 1902 Exempla
595 1863 692 1888 usus
725 1849 847 1888 huius
871 1848 916 1886 in

187 1909 331 1960 procul
377 1907 533 1959 collegit
576 1908 752 1946 Ouwens
798 1907 915 1945 Noct.

190 1967 288 2018 Hag.
313 1981 352 2019 p.
374 1965 469 2008 415.
528 1965 589 2003 Ita
620 1966 782 2004 Servius
808 1964 915 2003 acci—-

189 2025 325 2077 piebat
349 2023 447 2062 Aen.
470 2024 522 2074 X,
551 2024 632 2066 835
663 2023 826 2063 Arboris
842 2038 916 2061 ae-

191 2084 306 2121 clim's
333 2090 467 2120 trunco
476 2097 492 2130 ;
526 2083 675 2133 procul
697 2097 815 2120 aerea
844 2096 915 2119 ra—

191 2142 267 2178 mis
289 2140 498 2191 Dependet
523 2140 663 2191 galea.
725 2140 785 2178 [ta
813 2147 916 2177 serta

184 2199 332 2250 procul
346 2197 528 2235 iacebant
537 2213 552 2245 ;
586 2212 677 2236 cum
688 2197 915 2236 restrictio-

191 2269 241 2295 ne
259 2262 415 2305 tamen,
447 2269 565 2307 quam
584 2249 749 2306 vocan't,
782 2262 831 2294 ut
849 2268 914 2293 es-

191 2320 280 2353 sent
300 2315 428 2365 eapiti
448 2322 603 2351 tantum
619 2316 801 2366 delapsa.
832 2314 914 2353 Ve-

189 2386 282 2412 rum
303 2372 421 2410 etiam
441 2370 541 2409 haec
564 2371 697 2410 ieiuna
727 2378 842 2422 sunt,
874 2377 915 2409 et

191 2430 333 2482 quovis
349 2431 455 2468 bono
469 2436 587 2482 poeta
603 2430 784 2482 indigna,
805 2429 915 2481 quod

190 2501 326 2526 sensus
367 2501 561 2540 quemque
601 2502 695 2527 suus
741 2488 913 2527 docebit.

191 2546 356 2595 Quanto
384 2546 523 2584 melius
554 2546 602 2584 de
633 2545 915 2585 Andromache

189 2604 302 2643 Iliad.
330 2620 372 2658 χ,
414 2603 497 2646 468
524 2600 670 2655 ”Home
703 2601 746 2645 δ’
784 2604 915 2655 ἐξοπί-

192 2675 249 2703 σω
278 2685 322 2690 --
363 2665 465 2714 Τῆλε
497 2657 536 2702 δ’
567 2658 646 2703 eino*
678 2660 822 2715 κρατός
853 2660 916 2715 χέε

192 2719 366 2774 δέσματα
410 2717 646 2774 σιγαλόεντα
668 2749 677 2768 ,
725 2717 917 2772 ’Ἀμπυκα

191 2784 289 2828 etc.,
331 2783 372 2816 ct
401 2777 548 2829 Hymn.
585 2777 627 2815 in
666 2777 826 2830 Dionys,
859 2780 910 2819 13

190 2833 263 2877 τόν
303 2832 345 2876 δ’
385 2832 463 2876 ου’κ,
492 2834 628 2887 ἰ’σχανε
658 2834 806 2888 δεσμοὶ,
838 2832 912 2875 λύ-

190 2910 256 2948 γοι
285 2889 330 2935 δ’
357 2890 438 2934 ἄπο
466 2887 607 2944 τηλόσ’
640 2891 805 2933 ἔπιπτον
836 2908 912 2946 χει-

192 2955 277 3005 ρῶν
321 2947 396 3005 η’δὲ
442 2951 595 2991 ποδῶν.
669 2950 788 3002 longe
848 2952 914 2989 la-

187 3025 311 3062 psum
339 3019 489 3048 temone
517 3020 676 3059 quoque
703 3007 807 3047 dixit
840 3022 914 3047 no—

913 611 958 647 18
984 609 1106 651 ambo;
1139 610 1188 645 ita
1206 609 1317 644 Pierii
1336 617 1373 644 et
1391 609 1514 645 Heius.
1543 609 1708 644 meliores

904 659 947 693 19
973 671 1017 692 ex
1036 659 1128 705 ipsis
1145 659 1249 693 Voss.
1271 670 1325 702 pr.

189 712 264 753 IX,
288 711 362 746 36.:
397 715 568 753 „argutos
593 707 715 740 inter
739 712 898 750 strepere
916 717 1018 738 anser
1039 705 1169 739 olores.
1179 707 1201 725 “
1227 705 1303 752 Sp.)

1377 658 1480 705 (ipsis
1500 669 1555 699 ex,
1578 664 1619 690 ut
1635 652 1708 691 1301.

1398 712 1437 739 et
1460 704 1610 739 vincula
1627 705 1709 738 Me-

975 867 1059 900 ster
1089 859 1188 899 Aen.
1213 860 1302 910 XII,
1332 857 1430 909 470,
1458 864 1500 897 et
1521 858 1594 909 IX,
1623 861 1703 900 771

979 920 1080 957 C'um
1103 919 1231 971 galea
1261 919 1381 970 longe
1406 918 1532 956 iacuit
1553 916 1705 968 dapum

977 983 1018 1016 et
1041 977 1340 1026 catullianum,
1391 974 1442 1014 de
1466 973 1585 1027 pinu:
1623 974 1708 1013 Illa

972 1037 1120 1089 procul
1134 1035 1329 1074 radicitus
1348 1032 1556 1072 exturbata
1569 1034 1707 1071 Prona

976 1094 1087 1132 cadit
1104 1110 1115 1132 :
1159 1091 1294 1146 Epith.
1320 1094 1415 1134 107.
1472 1090 1555 1130 Nec
1575 1090 1707 1130 minus

975 1157 1116 1191 coacta
1163 1157 1281 1201 sunt,
1341 1149 1374 1188 si
1422 1148 1707 1202 interpuugas:

976 1211 1090 1248 Serta
1107 1210 1268 1262 procul.
1329 1209 1508 1246 Tantum
1535 1222 1574 1245 c.
1590 1236 1602 1257 ,
1635 1213 1708 1246 aut

974 1268 1009 1307 si
1038 1268 1097 1307 ita
1133 1267 1355 1320 iungantur
1391 1265 1538 1304 verba:
1575 1265 1707 1304 videre

973 1328 1168 1365 iacentem
1186 1356 1198 1375 ,
1250 1325 1454 1376 inflatum.
1531 1324 1708 1363 Tantum

973 1392 1077 1423 serta
1111 1385 1242 1435 capiti
1269 1382 1442 1433 delapsa
1465 1381 1614 1433 procul
1639 1382 1707 1419 ia-

973 1442 1114 1481 cebant
1131 1457 1148 1490 ,·
1192 1447 1242 1480 ut
1273 1439 1355 1480 Ecl.
1381 1439 1430 1489 H,
1458 1442 1484 1481 3
1532 1441 1708 1478 Tantum

974 1503 1077 1539 inter
1097 1500 1243 1538 densas
1256 1529 1267 1548 ,
1309 1497 1494 1536 umbrosa
1524 1498 1706 1536 cacumi-

974 1574 1030 1597 na
1043 1589 1054 1608 ,
1075 1558 1212 1611 sagos
1231 1555 1392 1595 assidue
1412 1555 1624 1603 veniebat5
1656 1561 1706 1593 ut

976 1616 1282 1670 supprimantur
1318 1614 1476 1666 reliqua
1494 1644 1505 1664 ,
1553 1612 1705 1652 scilicet

977 1689 1044 1714 eos
1060 1674 1118 1713 illi
1146 1673 1243 1723 soli,
1282 1672 1483 1711 neminem
1501 1671 1703 1721 comitem,

973 1733 1132 1772 nullum
1162 1732 1350 1770 Faunum
1395 1730 1477 1774 vel,
1498 1731 1702 1783 Satyrum,

972 1790 1161 1840 habenti,
1199 1788 1496 1842 supervenisse,
1535 1794 1586 1827 ut
1603 1787 1704 1826 adeo

973 1850 1130 1890 vincire
1158 1848 1272 1887 sertis
1313 1847 1535 1900 potuerint.
1593 1847 1704 1885 Tan-

972 1914 1063 1947 tum
1090 1913 1197 1954 serta
1222 1919 1245 1943 a
1271 1905 1402 1958 capite
1427 1903 1643 1958 pendentia
1662 1909 1703 1942 et.

975 1965 1193 2005 cantharus
1223 1977 1315 2002 cum
1330 1976 1375 2002 eo
1396 1968 1524 2002 erant.
1584 1963 1627 2002 Si
1650 1961 1703 2001 ad

974 2025 1168 2064 Graecam
1192 2021 1392 2061 rationem
1416 2020 1610 2072 refingere
1628 2033 1703 2060 ve-

972 2083 1044 2133 lis,
1081 2087 1152 2121 aut
1186 2086 1289 2119 esset
1330 2075 1553 2132 πόῤῥωθεν
1590 2075 1702 2129 ὅσον,

974 2147 1023 2180 ut
1044 2154 1106 2193 ap.
1128 2138 1298 2178 Theocr.
1314 2138 1345 2188 I,
1366 2136 1421 2180 45
1469 2134 1632 2178 Τυτθόν
1662 2132 1704 2178 δ’

975 2196 1100 2240 ὅσσον
1126 2195 1298 2238 ἄπωθεν
1327 2193 1418 2249 (pro
1447 2193 1570 2236 τόσον
1590 2191 1701 2236 ἄπω-

970 2262 1070 2306 θεν,
1111 2253 1209 2297 ’ὅσον
1244 2251 1438 2306 τυτθὸν),
1486 2258 1528 2291 et
1553 2252 1623 2302 25,
1646 2255 1702 2295 37

973 2310 1054 2356 οἷπὸ
1083 2310 1234 2368 χθονὸς
1254 2308 1381 2353 ὅσσον
1401 2305 1576 2364 οἷείρωνς
1606 2317 1702 2349 tan-

970 2379 1072 2422 tum,
1104 2376 1302 2424 quantum
1328 2384 1351 2407 a
1368 2375 1491 2419 terra,
1520 2367 1562 2408 h.
1582 2368 1702 2422 paul-

971 2431 1077 2480 lum3
1108 2435 1180 2468 aut
1197 2431 1293 2482 τῆλε
1309 2423 1444 2477 τόσον,
1462 2429 1556 2480 τῆλε
1575 2431 1701 2477 τοῖον,

971 2495 1020 2528 ut
1059 2487 1111 2527 sit
1149 2488 1357 2534 δεικτικῶς
1395 2484 1569 2535 dictum,
1609 2498 1702 2524 eum

971 2553 1097 2600 gestu,
1116 2551 1166 2583 ut
1185 2557 1300 2597 saepe
1310 2542 1570 2582 Homericum
1589 2547 1703 2584 τοῖον

972 2605 1039 2644 vel
1055 2599 1194 2648 τόσον,
1226 2616 1266 2642 v,
1284 2615 1316 2640 c,
1336 2601 1413 2640 od.
1430 2616 1464 2649 o,
1496 2598 1593 2642 404.
1603 2599 1700 2651 450,

972 2662 1014 2701 l1.
1031 2675 1063 2700 e.
1095 2661 1320 2709 tantillum,
1351 2672 1435 2698 non
1453 2657 1553 2697 adeo
1571 2658 1701 2711 longe,
1730 2690 1733 2691 γ

974 2719 1210 2774 paullulum.
1288 2716 1503 2757 Homerico
1564 2716 1701 2768 itaque

969 2791 1080 2817 more
1101 2776 1281 2816 efferres:
1319 2772 1461 2828 κρατὸς
1491 2771 1573 2816 ἄπο
1604 2771 1699 2816 τόσ-

972 2849 1044 2877 σον
1064 2830 1334 2887 πολυάνθεμοι
1351 2826 1544 2885 στέμματ’
1563 2831 1700 2873 ἔκειτο.

972 2891 1144 2947 (Nollem
1162 2892 1275 2932 hunc
1285 2890 1530 2931 versiculum
1542 2889 1700 2943 Heynio

972 2951 1177 2990 excidisse.
1203 2947 1316 3005 Wr.)
1361 2949 1451 2988 Hoc
1472 2949 1612 2987 saltem
1631 2954 1717 2998 tog

972 3009 1157 3060 lerabile,
1196 3007 1271 3048 etsi
1300 3006 1365 3047 vel
1398 3007 1454 3046 sic
1482 3012 1602 3060 poeta
1634 3005 1701 3045 hic
