1734 3320
139 185 244 235 402

476 184 532 234 Ρ.
569 183 929 235 VIRGILII
975 183 1356 236 MARONIS

142 309 318 360 Tarda
334 309 505 375 venit,
544 310 674 360 seris
692 307 895 360 factura
919 311 1212 378 nepotibus
1234 311 1516 375 umbram;

138 384 419 448 Pomaque
440 379 771 446 degenerant
789 398 976 431 succos
998 381 1160 431 oblita
1177 383 1414 449 priores;

137 453 206 502 Et
227 452 395 518 turpis
418 451 600 502 avibus
622 451 883 519 praedam
900 450 1007 502 fert
1024 470 1126 502 uva
1151 469 1411 504 racemos,

1605 459 1673 506 60

142 521 354 572 Scilicet
382 522 636 572 omnibus
660 531 738 572 est
758 521 914 572 labor
946 522 1356 589 inpendendUS,
1397 532 1450 573 et
1481 539 1673 574 omnes

142 592 432 657 Cogendae
453 593 508 642 in
537 592 769 657 sulcum,
800 609 858 642 ac
877 592 1048 643 multa
1072 593 1330 643 mercede
1353 593 1672 646 domandae.

142 663 251 713 Sed
276 663 478 713 truncis
502 663 655 713 oleae
683 662 900 724 melius,

937 664 1234 730 propagine
1255 664 1390 714 vites

139 733 524 800 Respondent,
562 732 736 782 solido
760 732 994 799 Paphiae
1014 733 1084 783 de
1106 733 1310 784 robore
1333 742 1562 798 myrtus;

212 822 293 869 61.
329 831 720 877 1NPENDENDUS3

188 934 234 970 59
254 932 370 980 sucos
386 932 481 968 Toll.

142 1029 188 1063 ad
215 1028 347 1062 Tibull.
368 1029 395 1070 I,
418 1030 449 1071 1,
471 1030 504 1064 2.

141 1088 230 1110 unus
243 1076 412 1110 Arundel.
423 1102 433 1119 ,
467 1087 486 1109 e
503 1075 623 1121 glossa
643 1074 735 1108 inter
751 1074 876 1109 lineas.

142 1171 265 1210 modo
290 1170 444 1210 dictum
461 1171 536 1222 sit,
568 1177 799 1223 exponetur
829 1170 880 1220 Q.

142 1230 189 1269 V.
220 1229 427 1280 XXVIIII,
453 1230 493 1273 5.
536 1229 642 1268 adde
668 1229 880 1280 XXXHII,

143 1290 182 1330 3.
216 1289 288 1328 W
282 1286 331 1343 r.)

202 1346 322 1389 57-
341 1349 408 1389 62.
440 1345 631 1397 Sequitur
665 1346 793 1385 altera
811 1359 882 1385 ra-

141 1404 202 1443 tio
221 1405 418 1444 naturalis
444 1404 793 1456 procreandarum
813 1418 882 1443 ar-

142 1462 291 1501 borum
320 1461 461 1517 (supra
486 1476 526 1502 v.
562 1461 684 1504 14—
706 1462 800 1517 16),
833 1476 884 1501 ex

145 1520 295 1560 semine
333 1522 376 1560 in
420 1521 551 1559 solum
592 1520 748 1571 delato,
800 1535 884 1560 una

146 1593 239 1618 cum
258 1579 389 1618 modis
408 1592 496 1618 eam
528 1585 615 1617 arte
642 1579 884 1619 emendandi

147 1644 188 1676 et
223 1637 456 1677 adiuvandi.
524 1637 588 1676 Ex
614 1637 656 1677 h.
677 1638 702 1677 1.
736 1638 884 1677 diluci—

147 1696 306 1735 dandus
336 1696 437 1735 Plin.
474 1695 612 1746 XVII,
651 1699 725 1746 10,
755 1711 785 1735 s,
817 1699 882 1738 10.

146 1755 293 1807 Egerat
308 1754 358 1792 de
379 1753 593 1792 semine—
609 1753 761 1792 Omnia
782 1754 884 1793 haec

147 1813 266 1851 tarda
279 1820 480 1864 proventu
511 1819 562 1850 ae
593 1812 884 1864 degenerantia

147 1879 185 1909 et
226 1872 344 1909 insito
376 1869 636 1909 restituenda.
709 1872 776 1913 57.
818 1885 884 1908 se-

147 1928 322 1967 minibus
351 1930 489 1978 iactis,
522 1941 593 1966 seu
613 1934 775 1978 temere,
812 1942 882 1966 ca-

149 1986 339 2025 dentibus
360 1987 407 2025 iis
426 1987 469 2025 in
487 1986 638 2037 solum,
670 1999 742 2025 seu
759 2000 884 2026 manu

147 2045 262 2084 iactis
286 2060 295 2084 :
344 2051 567 2096 utrumque
613 2045 720 2084 enim
773 2059 884 2084 nunc

150 2104 434 2156 complectitur
470 2109 638 2156 propter
676 2116 817 2156 parem
838 2117 883 2142 e-

148 2167 331 2201 ventum.
393 2162 461 2204 58.
481 2162 600 2209 tarda
620 2164 741 2201 venit.
764 2162 884 2201 tarde

149 2220 350 2273 provenit.
382 2220 437 2258 Ut
459 2220 539 2259 Ecl.
556 2221 628 2270 IX,
647 2221 703 2263 50
735 2222 882 2271 Insere,

149 2278 329 2329 Daphni
344 2308 355 2328 ,
403 2280 518 2329 piros
535 2293 552 2326 ;
604 2287 768 2329 calpent
812 2287 884 2317 tua

144 2350 275 2387 poma
296 2344 468 2387 nepotes.
492 2337 542 2375 cf.
561 2338 711 2375 Seneca
732 2337 885 2389 Ep.86.

150 2393 320 2433 Ursinus
347 2402 506 2445 nepotes
525 2394 575 2433 de
606 2395 800 2434 arborum
817 2409 886 2434 so-

150 2452 242 2490 bole
279 2446 523 2504 accipiebat;
571 2466 690 2505 quem
735 2453 885 2492 refellit

150 2510 289 2549 Burm.
348 2512 416 2552 59.
448 2510 596 2549 oblita:
631 2511 682 2549 de
701 2511 760 2561 iis,
782 2524 884 2563 quae

153 2568 272 2606 aliam
293 2574 484 2607 naturam
511 2569 707 2620 induunt,
749 2570 887 2609 suavi-

151 2632 239 2676 ter3
279 2625 475 2664 haustum
510 2640 561 2665 ex
611 2628 781 2680 perenni
816 2628 885 2667 illo

153 2684 268 2723 fonte
315 2684 568 2736 poeticorum
621 2684 887 2739 phantasma-

152 2748 266 2781 tum:
314 2756 405 2781 cum
429 2743 735 2782 transferuntur
754 2743 807 2782 ad
822 2757 886 2782 res

153 2800 395 2839 inanimatas
414 2813 470 2850 ea,
492 2813 596 2853 quae
619 2802 887 2841 animantium

154 2865 259 2898 sunt.
300 2859 405 2898 conf.
437 2859 530 2898 Ern.
566 2859 619 2897 ad
656 2859 808 2899 Gallim.
843 2860 887 2899 in

152 2917 235 2955 Del.
249 2915 317 2967 34,
347 2917 418 2956 ubi
438 2917 487 2955 de
505 2917 664 2956 insulis:
694 2913 885 2971 ἠπείροιο

152 2970 379 3016 λάθωνται.
446 2978 513 3018 60.
554 2984 687 3027 turpes
735 2978 887 3014 racemi

529 934 667 980 prioris
685 932 832 966 Mentel.
854 940 889 966 et
905 931 1007 965 Leid.

141 982 289 1016 nendus
306 981 427 1014 laudat
445 980 600 1025 Philarg.
622 980 667 1013 ad
684 991 716 1013 v.
735 981 822 1022 288,
847 980 949 1014 male.

1090 934 1137 968 60
1163 946 1240 967 una
1255 934 1396 979 Menag.
1485 934 1530 969 61
1556 935 1675 982 impo-

1045 981 1092 1015 62
1117 993 1255 1028 magna
1273 981 1439 1015 mercede
1461 981 1584 1015 Franc.
1604 981 1676 1015 vid.

602 1027 649 1062 64
674 1035 710 1060 et
737 1028 906 1074 Paphiae
932 1029 1021 1064 Ven.
1070 1029 1316 1075 Respondent
1347 1029 1481 1063 melius
1509 1029 1678 1076 Paphiae

938 1171 1157 1223 praeclare,
1182 1170 1393 1210 deficiente
1406 1171 1533 1222 cultu,
1553 1185 1677 1224 squa—

938 1229 1037 1279 lidi,
1094 1229 1255 1282 rugosi5
1310 1235 1358 1268 ut
1393 1236 1538 1269 contra
1572 1244 1677 1268 uvae

939 1288 1073 1326 cultae
1090 1318 1101 1338 ,
1134 1290 1319 1338 nitentes,
1344 1289 1531 1340 pulcrae.
1583 1289 1678 1327 Uva

940 1345 981 1385 h.
1000 1346 1027 1385 l.
1045 1360 1121 1399 pro
1142 1346 1245 1396 vite,
1278 1360 1380 1398 quae
1409 1347 1559 1385 nostris
1585 1347 1677 1398 qui-

941 1404 1033 1443 dem
1067 1405 1110 1443 in
1146 1405 1267 1443 terris
1305 1417 1357 1443 ex
1390 1405 1558 1444 acinulis
1594 1407 1694 1444 non'

940 1468 1200 1515 procreatum
1232 1469 1274 1501 at
1293 1463 1336 1501 in
1355 1463 1499 1503 insulis
1518 1463 1677 1503 Ameri-

943 1534 1011 1559 cae
1033 1520 1169 1560 adhuc
1184 1521 1229 1560 id
1250 1521 1338 1560 fieri
1357 1527 1562 1561 narratur.

1002 1582 1070 1621 61.
1103 1582 1171 1622 62.
1206 1579 1447 1620 Artificiales
1471 1580 1584 1619 modi
1608 1593 1678 1618 ar-

941 1637 1090 1677 borum
1126 1651 1147 1676 e
1184 1638 1333 1677 semine
1369 1645 1679 1691 procreatarum

940 1697 1191 1734 incrementa
1207 1696 1479 1747 accelerandi3
1511 1699 1580 1749 qui
1594 1711 1678 1736 non

940 1754 1075 1792 minus
1099 1754 1237 1793 locum
1263 1754 1416 1794 habent
1445 1756 1489 1794 in
1514 1755 1678 1807 reliquis

941 1811 1154 1852 arboribus
1167 1844 1178 1862 ,
1213 1813 1296 1853 sive
1316 1819 1461 1867 sponte
1475 1844 1486 1864 ,
1524 1814 1608 1853 sive
1627 1827 1679 1852 ex

940 1870 1164 1910 viviradice
1184 1871 1287 1910 natis
1298 1887 1309 1923 3
1347 1873 1486 1924 itaque
1503 1885 1591 1911 rem
1608 1885 1679 1925 ge-

940 1929 1116 1968 neralius
1156 1930 1383 1982 proponit,
1427 1944 1505 1969 nec
1541 1937 1679 1969 tamen

947 1985 1070 2041 (conf.
1092 1987 1297 2041 Theophr.
1321 1989 1371 2028 de
1393 1989 1529 2028 Causs.
1544 1990 1677 2029 Plant.

940 2045 972 2095 I,
994 2044 1052 2101 6),
1083 2052 1133 2085 ut
1157 2053 1320 2099 poetam
1352 2047 1542 2098 decebat,
1575 2059 1678 2087 eun-

942 2103 1036 2142 dem
1081 2118 1128 2143 ac
1165 2119 1245 2145 vss.
1286 2108 1343 2148 22
1371 2119 1453 2159 seq.
1494 2106 1679 2145 ordinem

942 2163 1061 2201 anxie
1093 2170 1241 2203 servat.
1302 2163 1499 2215 Arbores,
1530 2165 1678 2217 inquit,

941 2221 1144 2260 silvestres
1185 2236 1323 2261 omnes
1372 2223 1680 2262 transferendae

944 2286 1040 2318 sunt
1059 2281 1103 2318 in
1135 2280 1259 2320 alium
1277 2295 1419 2334 agrum
1442 2282 1544 2320 et'in
1565 2295 1680 2321 scro-

942 2338 1060 2377 bibus
1082 2336 1142 2392 (hi
1162 2346 1259 2378 sunt
1275 2341 1379 2378 sulci
1389 2370 1400 2390 ,
1434 2340 1530 2379 vide
1548 2354 1589 2380 v.
1603 2339 1678 2394 24)

944 2396 1199 2448 defigendae,
1238 2404 1279 2437 et
1320 2399 1451 2436 multa
1483 2398 1676 2448 mercede,

942 2455 1063 2494 multi
1088 2455 1240 2494 laboris
1268 2456 1498 2509 impendio,
1541 2457 1681 2495 colen-

946 2512 1034 2552 dae.
1090 2514 1309 2567 Praecepta
1329 2521 1518 2554 veterum
1547 2514 1598 2553 de
1617 2514 1680 2554 his

946 2570 1156 2623 diligenter
1190 2572 1380 2625 exposuit
1412 2573 1514 2612 Plin.
1551 2573 1680 2624 XVII,
1729 2568 1731 2570 ¹

945 2643 975 2668 s.
1001 2628 1053 2670 14
1065 2644 1122 2682 sq.
1153 2629 1308 2669 Habuit
1321 2636 1441 2683 poeta
1464 2637 1558 2670 ante
1579 2645 1680 2671 ocu-

944 2687 1005 2725 los
1025 2687 1187 2727 Lucret.
1206 2688 1254 2738 V,
1277 2691 1387 2731 1360
1400 2711 1452 2719 —-
1469 2692 1592 2733 1377.

1005 2747 1059 2787 63
1078 2767 1137 2775 -
1157 2748 1224 2788 68.
1262 2746 1334 2785 Est
1368 2754 1506 2787 tamen
1537 2749 1682 2801 cuique

945 2802 1083 2842 arbori
1111 2818 1230 2842 suum
1252 2805 1438 2845 culturae
1466 2819 1592 2859 genus
1610 2820 1682 2845 ac—

946 2862 1374 2904 commodatissimum.
1441 2864 1567 2904 Oleae
1594 2879 1683 2903 me-

944 2920 1024 2957 lius
1044 2921 1304 2972 respondent,
1338 2922 1446 2962 votis
1459 2953 1470 2973 ,
1502 2923 1682 2973 consilio,

942 2977 1096 3017 felicius
1127 2981 1398 3032 proveniunt,
1451 2993 1474 3019 e
1507 2983 1681 3020 truncis.-
