1734 3320
177 220 282 269 674
479 216 569 266 .P.
607 214 974 267 VIRGILII
1007 213 1390 266 MARONIS

175 343 335 395 Haud
370 337 644 412 quaquam
675 342 748 393 ob
780 342 1042 393 meritum
1071 358 1304 409 poenas,
1350 341 1407 392 ni
1437 343 1564 392 Fata
1594 342 1727 392 resi-

979 421 1144 477 stant,
1622 416 1726 466 455

177 485 432 547 suscitat,
472 493 526 535 et
552 492 704 552 rapta
728 482 960 549 graviter
982 499 1084 550 pro
1112 483 1343 548 coniuge
1368 482 1548 534 saevit.

174 556 271 607 Illa
305 554 557 624 quidem,
601 555 736 605 dum
760 563 815 604 te
837 551 1054 618 fugeret
1081 570 1182 621 per
1199 551 1427 613 flumina
1447 570 1725 621 praecepS,

164 630 463 678 ‘Inmanem
487 635 611 676 ante
627 625 800 694 pedes
818 623 1058 688 hydrum
1079 625 1344 674 moritura
1362 623 1545 692 puella

177 700 498 749 Servantem
523 697 664 763 ripas
689 695 791 746 alta
815 711 931 744 non
954 694 1088 745 vidit
1108 695 1164 744 in
1187 694 1374 748 herba.

173 772 243 820 At
269 768 467 819 chorus
491 766 727 834 aequalis
746 765 1026 831 Dryadum
1050 765 1289 816 clamore
1309 781 1597 832 supremos
1620 769 1724 817 460

174 839 460 907 Inplerunt
479 837 706 899 montis3
744 835 949 887 flerunt
966 835 1331 904 Rhodopeiae
1351 851 1523 900 arem,

245 934 362 986 455.
400 947 682 997 MERITUM,
756 934 875 984 456.
916 933 1206 994 SUSCITAT3

220 1072 292 1111 455
317 1085 539 1121 quamquam
568 1074 694 1108 Franc.
726 1080 763 1107 et
791 1073 943 1108 Gudian.
966 1086 987 1107 a
1018 1086 1063 1108 m.
1081 1085 1137 1119 pr.
1165 1085 1243 1107 cum
1267 1072 1342 1107 Erf.
1392 1070 1564 1119 quodque
1587 1069 1723 1105 Zulich.

171 1121 223 1156 ad
240 1122 430 1164 meritum,
463 1120 547 1155 satis
567 1133 635 1167 pro
657 1121 805 1164 merito,
841 1121 1086 1156 couiectabam
1104 1117 1318 1167 aliquando,
1352 1131 1430 1154 cum
1449 1117 1616 1160 Reiski03
1642 1118 1725 1152 dum

170 1169 264 1204 male
283 1168 493 1214 iungebam:
528 1182 675 1216 poenas
694 1171 854 1203 suscitat
883 1169 988 1203 haud
1013 1181 1198 1215 quaquam
1228 1167 1272 1203 ob
1298 1169 1488 1209 meritum,
1523 1165 1613 1200 duce
1636 1169 1724 1201 Ser-

170 1216 244 1251 vio.
291 1217 363 1252 Sed
382 1217 478 1262 iung.
500 1216 722 1251 miserabilis
740 1217 846 1251 haud
869 1229 1056 1263 quaquam
1075 1216 1118 1251 ob
1135 1217 1330 1259 meritum3
1364 1215 1488 1261 itaque
1509 1214 1633 1247 Manes
1652 1216 1724 1247 Or—

169 1263 258 1311 phei
274 1264 444 1311 placandi
461 1271 563 1307 sunt3
595 1277 628 1298 v.
648 1264 738 1306 5453
777 1271 813 1298 et
842 1271 896 1298 est
918 1259 1012 1309 ἄγος
1033 1264 1278 1307 commissum,
1316 1263 1414 1298 cuius
1437 1273 1572 1309 poenas
1594 1260 1724 1295 Furiae

171 1318 365 1358 expetunt,
389 1324 457 1346 nec
477 1312 548 1346 nisi
570 1312 779 1359 expiatione
795 1313 891 1347 facta
910 1311 1094 1346 recedunt.
1143 1313 1220 1346 nisi
1235 1311 1298 1346 alt.
1313 1310 1486 1346 Rottend.
1521 1310 1573 1355 (et
1593 1309 1726 1344 Medic.

170 1360 385 1395 testantibus
413 1360 590 1405 Fogginio
632 1366 669 1394 et
699 1360 908 1405 Freytagio.
959 1360 1057 1404 Wr.)
1118 1361 1303 1393 resistunt
1331 1359 1487 1406 quidam.
1536 1357 1727 1391 resultant

170 1415 284 1454 quart.
316 1409 445 1442 Moret.
541 1405 613 1444 457
632 1421 706 1456 per
727 1407 875 1454 funera
907 1413 992 1441 tert.
1021 1407 1219 1451 Rottend.,
1252 1407 1316 1441 sed
1344 1406 1415 1441 vid.
1439 1407 1556 1439 Burm.
1653 1402 1726 1440 458

169 1456 329 1501 hydram
351 1467 422 1489 sec.
446 1461 483 1489 et
505 1461 621 1501 quart.
640 1456 770 1490 Moret.
794 1468 815 1489 a
838 1467 884 1489 m.
903 1467 958 1500 pr.
1042 1455 1113 1491 459
1138 1457 1177 1489 in
1201 1453 1331 1489 umbra
1353 1454 1548 1488 Zulichem.
1572 1464 1649 1487 am.
1668 1464 1724 1497 pr.

168 1504 242 1539 460
266 1503 418 1549 aequali
438 1504 587 1538 Roman.
685 1503 850 1537 clamore
878 1515 1051 1550 supremo
1077 1504 1256 1536 Romanus
1292 1509 1329 1536 et
1357 1502 1419 1536 alii
1445 1500 1579 1542 Pierii;
1613 1506 1653 1533 ut
1676 1500 1725 1533 sit

170 1551 304 1585 clamor
332 1550 396 1583 ille
417 1550 453 1584 in
482 1551 609 1584 funere
640 1550 699 1584 edi
734 1550 881 1592 solitus3
908 1551 973 1584 sed
996 1550 1085 1585 haec
1106 1550 1213 1585 statii
1235 1550 1384 1584 alicuius
1412 1548 1593 1595 elegantia
1616 1553 1725 1590 esset,

168 1610 241 1633 non
277 1597 445 1643 Virgilii3
487 1611 569 1633 nam
595 1597 657 1632 hic
696 1598 741 1632 de
779 1597 1053 1632 discurrentium
1083 1598 1333 1644 Nympharum
1362 1597 1555 1638 eiulatibus
1595 1595 1725 1641 agitur.

168 1647 281 1680 Recte
322 1646 501 1691 vulgatam
537 1646 723 1680 confirmat
757 1646 897 1680 Nonius
925 1645 964 1679 in
996 1658 1204 1694 supremus·-
1321 1645 1391 1682 461
1426 1647 1459 1680 Ι.
1487 1643 1605 1679 colles
1632 1644 1724 1678 ven.

167 1693 336 1734 Parrhas.
380 1696 547 1739 (montes
572 1693 701 1728 Medic.
732 1693 839 1740 Wr.)
898 1694 1153 1742 Rhodopaeae
1177 1705 1233 1739 pr.
1264 1693 1456 1738 Rottend.,
1494 1691 1600 1726 male.
1659 1691 1725 1724 Est

166 1735 406 1786 Ῥοδοπήϊος.

166 1849 248 1888 iam
278 1854 372 1888 tum
417 1848 666 1901 subsequuta
715 1856 804 1889 erat
846 1850 920 1889 inf.
981 1849 1083 1888 derl.
1113 1849 1204 1890 coll.
1236 1864 1296 1890 vs.
1326 1847 1449 1901 504.;
1489 1848 1614 1901 idque
1641 1847 1725 1902 ipse

167 1908 253 1951 520
278 1921 336 1960 sq.
366 1907 487 1946 haud
507 1923 723 1962 quaquam
751 1908 801 1947 ob
830 1923 920 1946 me-
977 1922 1137 1960 sequor.
1175 1907 1297 1964 Wr.)

165 1968 308 2016 ritum,
339 1966 489 2006 merito
522 1980 596 2006 suo
610 1997 621 2017 ‚
653 1966 915 2017 miserabilis,
1039 1966 1138 2010 457.
1157 1966 1330 2020 fiageret
1347 1980 1570 2019 praeceps,
1600 1979 1724 2019 prae-

167 2026 337 2063 suscitat
377 2024 450 2063 tibi
491 2024 571 2063 has
592 2040 751 2077 poenas
766 2056 776 2075 ‚
811 2026 919 2064 forte

166 2079 492 2138 ποιητικώτερον
524 2085 715 2135 Poenas,
755 2083 797 2124 h.
826 2085 915 2124 Fu-

163 2142 269 2194 rias3
299 2144 346 2180 ni
363 2144 475 2181 Fata
492 2144 680 2181 resistant
693 2174 705 2193 ‚
748 2142 791 2183 h.
813 2143 916 2183 Par-

165 2213 254 2240 cae:
280 2202 385 2241 conf.
403 2200 555 2255 Spanh.
574 2201 624 2240 de
643 2207 795 2255 praest.
826 2203 917 2242 Nu-

164 2259 295 2299 mism.
315 2260 361 2300 T.
389 2260 448 2310 11,
476 2274 516 2314 p.
537 2263 621 2303 639
648 2275 720 2313 sq„
746 2261 824 2301 nisi
857 2262 917 2301 ita

165 2318 372 2368 evenerit,
403 2325 453 2358 ut
483 2319 559 2358 tibi
594 2320 917 2360 avertendarum

165 2376 350 2416 dirarum
372 2383 412 2415 et
430 2378 657 2430 expiandae
680 2379 824 2432 culpae
846 2394 918 2419 ra-

163 2435 223 2474 tio
244 2436 367 2475 aevia
381 2443 647 2477 monstretur.
678 2437 777 2481 456.
793 2447 918 2490 rapta

155 2509 236 2546 pro
275 2497 449 2547 coniuge
470 2525 481 2546 ,
523 2496 758 2541 verecunde
796 2503 918 2550 poeta

161 2552 247 2591 vim
268 2560 432 2603 narrat,
465 2567 588 2605 quam
617 2555 828 2595 Aristaeus
849 2556 913 2595 in·

161 2611 268 2650 serre
288 2611 421 2651 voluit
442 2611 598 2665 Orphei
618 2613 790 2666 coniugi.
823 2615 911 2653 Ob-

161 2670 401 2709 scuritatem
462 2672 628 2711 vatibus
684 2673 908 2712 sollennem

162 2728 388 2768 affectatam
417 2742 499 2768 esse
521 2744 544 2767 a
564 2730 734 2769 Marone
763 2732 909 2771 existi-

159 2787 300 2827 mabat
316 2788 534 2828 Meierotto
552 2787 596 2828 in
612 2789 754 2828 Dubiis
775 2803 815 2843 p.
839 2793 907 2832 11.

159 2846 312 2886 Saltem
343 2860 417 2900 per
454 2847 640 2901 ambages
682 2848 904 2888 sciscitanti

979 2025 1093 2079 cipiti
1121 2039 1267 2077 cursu;
1310 2040 1391 2078 per
1416 2027 1608 2078 flumina
1622 2056 1633 2076 ,
1676 2024 1722 2066 lh

974 2085 1108 2138 ripam
1134 2084 1337 2134 fluminis,
1376 2090 1541 2138 praeter
1555 2084 1723 2124 flumen.

978 2143 1094 2198 (dum
1096 2143 1283 2196 sugeret,
1312 2143 1338 2183 i.
1359 2156 1392 2183 e.
1420 2156 1520 2197 prae
1542 2140 1723 2197 fugiendi

976 2202 1138 2253 studio;
1169 2202 1255 2242 vid.
1289 2201 1384 2242 Not.
1412 2202 1468 2242 ad
1496 2201 1596 2242 Aen.
1624 2202 1654 2253 I,
1681 2201 1723 2246 5:

982 2263 1047 2302 W
1047 2259 1096 2316 r.)
1128 2261 1286 2301 Nomen
1304 2261 1485 2301 fluminis
1503 2267 1626 2315 poeta
1638 2271 1723 2300 non

974 2321 1220 2373 pronuntiat
1228 2335 1239 2371 ;
1261 2321 1487 2373 cogitabam
1508 2320 1558 2359 de
1575 2320 1720 2371 Peneo,

977 2379 1030 2417 ad
1053 2393 1175 2432 quem
1195 2379 1407 2419 Aristaeus
1426 2378 1641 2418 habitabat
1659 2392 1719 2419 vn.

977 2441 1077 2488 316,
1102 2438 1168 2477 alii
1191 2438 1241 2478 de
1262 2438 1415 2479 Hebro.
1446 2437 1608 2492 hydrus
1632 2443 1722 2478 ser?-

977 2497 1103 2536 vabat
1124 2498 1270 2550 ripam,
1294 2504 1334 2537 et
1349 2497 1503 2538 latebat
1521 2499 1566 2536 in
1583 2496 1719 2548 herba,

971 2569 1055 2594 non
1075 2557 1118 2595 in
1142 2570 1273 2596 amne.
1334 2557 1525 2596 Ceterum
1552 2568 1720 2610 compar

969 2620 1066 2653 rent
1091 2615 1278 2655 cultioris
1303 2614 1454 2668 ingenii
1480 2615 1719 2655 adolescens*

970 2679 1031 2711 tes
1058 2687 1153 2712 cum
1174 2688 1260 2726 sqq.
1281 2673 1403 2714 ovid.
1422 2673 1585 2714 Metam.
1601 2674 1717 2726 Xpr.

969 2732 1345 2772 Hermesianactem
1406 2732 1520 2785 apud
1585 2731 1734 2787 Athe-ff·¹

967 2804 1116 2830 naeum
1147 2792 1264 2842 XIII,
1310 2805 1350 2844 p.
1385 2791 1472 2835 597
1505 2788 1725 2845 (nuperoeff

962 2849 1214 2889 Ruhnkenio
1257 2849 1556 2906 illustratum).
1597 2848 1716 2891 Adde

157 2904 297 2946 iuveni
316 2905 372 2956 id,
404 2906 518 2959 quod
537 2905 780 2959 quaesierat,
803 2921 903 2961 ape—
963 2909 1158 2947 Senecam
1201 2908 1323 2949 Herc.
1360 2909 1444 2948 fur.
1485 2909 1572 2952 569
1606 2919 1727 2963 seqqi·

156 2963 225 3030 rit.
257 2962 399 3018 (rapta
414 2978 494 3032 pro
517 2974 656 3018 erepta
670 2995 681 3016 ‚
721 2975 898 3016 mortua,
966 2966 1088 3007 Herc.
1109 2967 1207 3035 Oet.⁸
1231 2970 1339 3011 1031
1354 2981 1441 3034 Stqq.
1503 2966 1603 3011 459·
1621 2966 1716 3035 ⁴3⁶5

157 3021 313 3062 dictum
340 3030 547 3078 acciplunt
564 3024 679 3066 Voss.
701 3030 743 3064 et
762 3024 902 3066 Wun-
967 3035 1135 3066 vantem
1170 3041 1286 3080 rapas
1302 3057 1314 3078 ,
1361 3025 1631 3078 incolentem,
