1734 3320
158 201 262 250 378

489 200 545 252 P.
580 199 944 252 VIRGILII
979 200 1359 253 MARONIS

156 328 281 379 Non
303 325 425 377 alias
447 327 601 378 coelo
629 327 941 378 ceciderunt
960 327 1115 395 plura
1137 345 1333 379 sereno

155 397 413 464 Fulgura3
449 414 553 449 nec
579 397 681 449 diri
702 400 861 449 toties
886 415 1063 449 arsere
1087 408 1345 451 cometae.

154 470 299 535 Ergo
323 469 464 519 inter
478 485 596 520 sese
619 469 837 537 paribus
858 486 1182 520 concurrere
1201 469 1320 521 telis

202 569 451 611 487'sinistro
471 575 562 610 Gud.
582 587 603 610 a
622 588 668 610 m.
690 587 759 610 sec.

156 672 241 698 esse
249 658 505 699 Infinitivum
516 658 770 698 historicum.
787 659 895 698 Ora—

155 717 215 757 tio
247 717 305 756 sic
331 717 541 770 procedit:
586 719 679 756 Nec
708 732 894 757 cessave-

155 783 247 815 runt
266 775 403 826 fibrae
423 778 603 814 minaces
630 790 829 828 apparere
858 784 895 814 et

156 834 270 873 urbes
294 848 498 873 resonare.-
532 847 789 886 praegressae
816 847 893 873 au-

155 899 241 932 tem
270 891 446 945 negandi
468 892 693 944 particulae
722 906 894 931 sexcen—

154 951 232 990 ties
273 960 311 990 et
344 952 403 990 ita
447 950 660 990 subiicitur
673 981 685 1001 ,
737 957 787 990 ut
825 951 895 990 illa

154 1010 315 1063 negatio
352 1009 405 1048 ad
437 1015 660 1062 utrumque
699 1009 894 1048 orationis

154 1068 384 1107 membrum
409 1067 633 1119 reseratur3
662 1068 746 1107 vid.
771 1068 822 1117 Q.
845 1069 893 1108 V.

154 1127 300 1178 XXX,
333 1130 371 1170 6.
418 1124 539 1182 Wr.)
610 1126 709 1169 487.
751 1127 895 1165 Sereno

154 1187 295 1225 tonuit.
354 1184 450 1224 Huc
468 1185 577 1225 refer
597 1185 743 1224 Horat.
761 1186 894 1225 Carm.

152 1244 183 1294 I,
207 1247 249 1295 2,
269 1247 308 1286 3.
330 1242 370 1285 4.
431 1242 531 1286 488.
562 1243 653 1285 Vid.
676 1244 814 1283 Cicero
843 1244 893 1283 de

150 1302 200 1342 N.
218 1303 267 1341 D.
287 1301 335 1353 II,
358 1301 398 1352 5,
423 1300 466 1355 §2
491 1301 558 1344 14.

211 1359 311 1403 489.
348 1360 462 1399 Haec
486 1360 670 1414 prodigia
697 1360 893 1412 insequu-

151 1425 243 1458 tum
266 1432 349 1458 esse
367 1419 425 1458 ait
441 1419 595 1459 bellum
615 1419 745 1469 civile,
770 1432 893 1472 prae—

151 1478 208 1517 lio
246 1478 300 1517 ad
339 1477 547 1532 Philippos
567 1509 578 1529 ,
631 1477 892 1517 Macedoniae

152 1536 355 1588 adiectae,
387 1537 483 1577 olim
503 1536 719 1587 Thraciae,
746 1537 892 1576 urbem

152 1596 364 1635 commisso
384 1626 394 1646 ,
446 1602 488 1635 et
532 1596 654 1635 Bruti
692 1596 894 1647 Cassiique

151 1668 250 1694 nece
289 1653 564 1694 nobilitatum.
623 1654 788 1693 Poetica
822 1668 894 1693 ra-

150 1714 263 1752 tione
283 1711 489 1766 Philippos
520 1713 619 1753 dicit
635 1713 785 1752 vidisse
805 1713 892 1751 Ro-

150 1786 291 1811 manas
320 1771 423 1810 acies
447 1786 674 1810 concurrere
684 1778 700 1822 ‘,
735 1777 775 1809 et
799 1771 893 1823 qui-

153 1830 246 1869 dem
277 1832 421 1868 iterum
450 1844 677 1868 concurrere
692 1860 702 1879 ,
736 1830 891 1868 Roma-

150 1903 226 1928 nos
248 1888 423 1926 alterum
444 1888 654 1941 praelium,
673 1894 768 1940 post
787 1887 892 1926 illud

150 1947 194 1987 in
214 1947 351 2000 priore
377 1947 483 1986 bello
511 1947 620 1986 civili
642 1947 695 1985 ad
714 1946 892 1986 Pharsa-

149 2006 237 2045 lum
264 2005 475 2055 habitum,
527 2005 633 2044 inter
671 2019 711 2043 se
742 2005 891 2044 secisse.

150 2065 243 2103 Nec
282 2064 361 2102 diis
379 2064 473 2116 ficit
485 2094 496 2114 ,
541 2064 677 2103 visum
705 2070 784 2114 est,
825 2065 893 2101 in·-

150 2123 345 2174 dignum,
378 2122 586 2174 ianuum,
617 2136 705 2175 pro,
736 2122 783 2161 iis
800 2122 893 2174 pla-

151 2181 249 2231 cuit,
265 2180 310 2219 in
328 2181 470 2219 eodem
480 2180 739 2220 Macedoniae
753 2194 890 2232 regno,

148 2240 270 2279 latius
297 2246 486 2292 accepto,
517 2240 577 2278 bis
607 2246 781 2292 stragem
802 2239 890 2277 Ro-

148 2311 366 2337 manorum
384 2298 484 2337 fieri.
531 2298 732 2336 Emathia
753 2298 890 2336 Mace-

151 2356 297 2395 doniae
315 2362 375 2394 est
390 2371 497 2408 pars,
518 2356 570 2394 ad
584 2370 705 2407 quam
724 2356 890 2410 proprie

147 2428 225 2454 nec
234 2414 450 2454 Pharsalus
470 2428 545 2453 nec
556 2415 729 2468 Philippi
744 2414 889 2453 referri

147 2479 339 2527 possunt;
359 2474 430 2512 sed
444 2480 589 2526 poetae
605 2474 726 2513 latius
744 2487 790 2512 eo
809 2487 888 2512 no-

146 2532 257 2570 mine
278 2532 398 2570 etiam
422 2546 498 2584 pro
520 2530 727 2570 Thessalia
756 2538 888 2570 utun-

146 2596 231 2629 tur.
262 2592 453 2628 Haemas-
470 2605 586 2628 mons
607 2597 668 2628 est
679 2589 887 2639 Thraciae,

148 2648 214 2687 cui
233 2648 391 2701 poetica
411 2649 571 2687 ratione,
595 2649 693 2687 urbs
714 2647 890 2700 Philippi

147 2707 355 2747 subiacere
382 2706 462 2745 dici
483 2712 627 2759 potest.
686 2707 836 2745 Lucan.
857 2706 888 2757 Ι,

148 2765 234 2809 675
272 2767 454 2818 latosque
484 2766 643 2803 Haemi
678 2764 751 2802 sub
786 2779 886 2815 rupe

146 2824 382 2876 Philippos.
431 2823 514 2873 IX,
543 2825 625 2864 271
670 2822 885 2861 Emathios

147 2882 366 2934 Philippos
412 2881 529 2920 dixit.
604 2880 750 2932 Magna
790 2895 884 2933 pars

146 2940 346 2980 Thraciae
374 2939 469 2978 olim
490 2938 779 2978 Macedonibus
808 2953 884 2991 pa-

145 3001 244 3039 ruit.
276 2999 380 3038 Satis
397 2998 514 3038 nobis
531 2997 752 3037 declarasse
766 2996 884 3037 vide-

952 673 1047 698 mur
1070 659 1150 698 loci
1177 659 1431 699 sententiam.
1489 656 1557 698 Ad
1572 657 1691 706 yiro-

952 731 1047 757 rum
1066 717 1284 756 doctorum
1308 717 1590 757 contentiones
1617 716 1691 755 de—

952 775 1144 814 scendere
1175 790 1260 814 non
1293 790 1506 830 possumus
1525 806 1537 827 ,
1588 788 1692 827 quae

951 834 1129 873 maxime
1160 834 1292 874 errori
1317 835 1539 885 debentur,
1579 834 1692 885 quod

951 891 997 934 τὸ
1012 895 1155 931 iterum
1181 906 1275 931 cum
1300 894 1434 934 videre
1453 893 1690 945 iungebant,

951 965 1037 990 non
1064 953 1207 989 iterum
1231 966 1472 991 concurrere.
1533 951 1692 991 Inserta

953 1015 1014 1048 est
1056 1023 1235 1063 nuperae
1273 1011 1480 1050 Romanae
1522 1010 1692 1049 editioni

954 1069 1074 1107 etiam
1091 1067 1172 1107 hoc
1193 1068 1242 1107 de
1261 1068 1351 1108 loco
1370 1069 1452 1109 viri
1472 1068 1584 1108 docti
1604 1069 1690 1108 dis-

951 1127 1131 1180 putatio,
1162 1134 1203 1166 et
1221 1127 1299 1166 alia
1316 1126 1603 1167 Holdsworthi
1631 1125 1691 1182 (in

952 1187 1071 1224 Diss.
1104 1200 1214 1237 upon
1238 1188 1286 1225 V
1280 1187 1380 1238 irgil
1400 1201 1440 1239 p.
1463 1186 1546 1229 375
1570 1184 1689 1241 sqq.),

954 1241 1056 1297 (vid.
1087 1245 1209 1283 etiam
1228 1244 1339 1284 Cort.
1360 1244 1414 1283 ad
1433 1244 1584 1284 Lucan.
1603 1245 1689 1295 VII,

953 1303 1050 1345 853.
1086 1300 1206 1355 Wr.)
1247 1303 1316 1354 qui
1343 1302 1460 1342 binos
1483 1303 1689 1356 Philippos

949 1360 1071 1399 fuisse
1097 1375 1202 1400 cumv
1216 1360 1490 1413 observasset,
1520 1362 1690 1403 alteram

950 1419 1096 1458 urbem
1125 1419 1179 1458 ad
1208 1420 1491 1472 Strymonem,
1518 1421 1690 1459 alteram

949 1492 1035 1517 non
1062 1478 1179 1531 longe
1200 1491 1223 1515 a
1239 1477 1434 1517 Pharsalo
1463 1478 1690 1519 Thessaliae

950 1536 1059 1575 circa
1074 1536 1232 1575 Thebas
1253 1536 1444 1588 Phthiae,
1470 1545 1689 1590 utramque

951 1609 975 1633 a
1003 1602 1125 1649 poeta
1161 1595 1306 1648 respici
1339 1596 1540 1648 putabat3
1585 1597 1690 1636 mira

949 1668 1118 1707 prorsus
1163 1654 1426 1706 ambiguitate
1446 1685 1458 1706 ,
1514 1662 1556 1694 et
1595 1656 1689 1694 lusu

949 1718 1066 1751 tanto
1088 1719 1212 1766 poeta
1229 1712 1409 1765 indigno.
1457 1714 1504 1752 In
1522 1713 1687 1766 Virgilio

949 1777 1087 1809 tamen
1116 1785 1236 1810 nemo
1274 1770 1477 1822 haerebit,
1521 1773 1592 1825 qui
1619 1773 1687 1811 in—

948 1829 1285 1882 terpretationem
1314 1836 1425 1868 recte
1449 1830 1686 1870 instituerit.

948 1887 1157 1938 Manilius,
1179 1888 1250 1940 qui
1267 1887 1379 1926 hunc
1395 1889 1532 1928 locum
1547 1890 1592 1928 in
1611 1903 1686 1929 ex—

946 1952 1079 1985 trema
1094 1946 1191 1985 libri
1204 1946 1325 1999 primi
1341 1953 1459 1999 parte
1474 1954 1568 1986 ante
1585 1962 1686 1988 ocu-

948 2004 1009 2044 los
1048 2004 1194 2045 habuit
1215 2035 1225 2055 ,
1273 2005 1442 2044 eandem
1486 2007 1686 2060 poeticam

949 2063 1148 2102 rationem
1169 2063 1378 2116 amplexus
1397 2065 1534 2118 paullo
1557 2065 1685 2106 licen-

949 2122 1030 2161 tius
1061 2122 1228 2162 extulit:
1269 2122 1416 2162 Civiles
1442 2125 1567 2162 etiam
1594 2139 1685 2163 mo-

950 2189 1012 2219 tas
1032 2189 1287 2234 cognataque
1309 2180 1416 2220 bella
1439 2182 1686 2234 Significant

951 2237 1149 2294 (cometae
1173 2240 1256 2279 sive
1277 2239 1352 2278 alia
1372 2239 1586 2296 meteora),
1611 2256 1684 2279 nec
1726 2252 1728 2257 ’

940 2299 1070 2349 plura
1115 2299 1225 2336 alias
1276 2299 1467 2337 incendia
1507 2299 1684 2338 mandas

949 2357 1147 2394 &asanaa
1164 2386 1175 2405 ,
1228 2371 1354 2409 quam
1388 2371 1481 2395 cam
1517 2357 1684 2396 dzwibzcs

945 2417 1082 2453 iurata
1101 2417 1270 2453 cruentis
1288 2415 1421 2454 Ama
1439 2415 1683 2467 Philippeos

946 2474 1164 2524 implerant
1182 2475 1348 2525 agmine
1365 2487 1545 2524 campos.
1596 2475 1643 2513 V
1639 2476 1682 2512 ix

946 2533 1069 2568 etiam
1090 2533 1199 2570 sicca
1219 2532 1335 2569 miles
1354 2533 1569 2570 Romanas
1588 2546 1681 2570 are-

944 2603 1000 2626 na
1028 2589 1134 2627 Ossa
1150 2590 1282 2629 viram
1309 2590 1539 2642 lacerosque
1561 2592 1681 2641 prias

944 2647 1221 2698 saper-adstitit
1243 2655 1368 2685 artas.
1418 2647 1551 2687 Licuit
1579 2661 1680 2701 poe—

944 2711 1032 2754 tae,
1065 2718 1308 2756 quamquam
1328 2706 1465 2758 paullo
1497 2706 1679 2757 crassius,

943 2763 987 2801 in
1007 2763 1150 2802 eodem
1177 2764 1266 2803 loco
1297 2764 1497 2817 praelium
1525 2765 1680 2803 sactum

945 2820 1097 2871 dicere,
1129 2823 1241 2874 quod
1267 2823 1310 2861 in
1335 2823 1413 2862 illis
1438 2823 1678 2875 regionibus,
1727 2843 1734 2873 χ

943 2879 987 2918 in
1014 2893 1061 2918 eo
1085 2893 1210 2937 regno
1239 2887 1311 2920 aut
1338 2881 1476 2934 plaga,
1511 2882 1678 2921 factum.
1729 2927 1734 2929 ⁴

942 2938 998 2976 Ut
1026 2938 1127 2977 adeo
1158 2952 1210 2977 ne
1231 2946 1321 2978 tum
1343 2939 1507 2991 quidem
1533 2939 1678 2979 vitiose
1726 2938 1734 2971 “.

943 2995 1097 3036 dictum
1120 2997 1251 3038 videri
1275 2997 1441 3048 debeat,
1473 2998 1506 3037 si
1522 2997 1677 3050 Philip-
1724 3021 1734 3055 ⁴5
