1768 3320
294 246 396 323 nE
441 245 815 311 CARMINE
859 245 1285 298 Bucomco
1488 253 1551 302 15

26 374 244 427 tei-dun
268 381 451 423 tamen
480 380 591 422 tam
618 371 841 422 sollicite
872 370 1148 423 Theocriti
1184 373 1399 437 vestigia
1426 390 1551 440 pre-

24 446 150 512 mit,
190 451 259 496 ut
283 441 568 507 sublegere
598 443 779 511 potius
811 441 884 493 illi
914 459 1034 507 sua,
1091 451 1146 492 et
1180 457 1364 494 versus
1391 442 1551 492 undi-

25 530 134 583 que
163 512 492 580 conquisitos
518 511 680 562 latine
710 521 1051 577 convertere,
1089 528 1253 580 quam
1280 528 1380 562 suo
1403 511 1552 576 inge-

24 585 119 635 nio
149 583 230 637 uti
254 581 515 637 videatur.
579 581 699 633 *Sed
729 582 800 633 de
827 581 911 633 his
940 583 1010 632 ita
1042 583 1287 651 quisque,
1320 582 1400 632 uti
1431 581 1552 631 libi-

22 663 143 705 tum
171 660 275 718 est,
303 652 508 705 sentiat.
582 653 638 702 Si
664 661 849 707 tamen
877 652 1051 720 aliqua
1077 651 1282 717 Virgilii
1311 668 1375 705 ea
1406 651 1464 702 in
1490 668 1552 702 re

24 723 180 791 culpa
211 731 315 788 est,
350 721 504 790 quod
531 721 877 774 Theocriteas
911 721 1124 781 lacinias
1155 721 1552 787 consarcinavit,

23 794 145 858 satis
172 807 357 865 graves
387 806 591 859 poenas
619 792 793 857 dedit,
831 809 967 847 cum„
986 800 1113 861 post
1143 809 1272 843 eum
1294 793 1376 843 vix
1407 792 1552 860 quis—

25 879 191 932 quam
225 871 316 914 aut
340 871 589 914 veterum
617 872 707 914 aut
731 864 1099 915 recentiorum
1125 861 1402 931 bucolicos
1429 876 1551 912 ver-

23 950 112 984 sus
136 932 456 998 condiderit,
492 933 624 1000 quin
657 950 721 984 ex
737 933 957 999 Virgilio
977 950 1176 984 novam
1202 929 1552 1001 rhapsodiam

24 1002 399 1055 bucolicorum
434 1018 691 1054 versuum
730 1012 785 1055 et
823 1002 1223 1055 sententiat-”um
1244 1002 1550 1058 adornaret.

23 1073 262 1124 Facilitas
300 1072 436 1123 haec
485 1073 542 1123 in
590 1073 864 1124 nonnullis
894 1072 1328 1125 .vitae-n1sticae
1377 1073 1551 1140 parvis

21 1151 299 1211 tamquam
328 1141 534 1193 tabellis
562 1144 772 1194 musivo
804 1160 971 1211 opere
1003 1143 1440 1210 coagmentandis
1467 1144 1552 1194 ine

24 1213 225 1270 ducere
251 1211 576 1280 plerumque
604 1213 742 1263 solet
777 1223 1128 1265 nascentes
1164 1222 1377 1282 poetaS,
1410 1213 1549 1264 utin

23 1282 211 1348 idylliis
242 1282 541 1333 condendis
563 1283 762 1349 ingenii
781 1284 1083 1351 periculum
1109 1283 1374 1350 faciant*).
1409 1286 1551 1336 Cum

0 1352 337 1403 ¹tabellarum
362 1353 583 1418 harum,
616 1362 678 1404 ut
702 1354 771 1403 ita
802 1353 1001 1419 dicam,
1041 1371 1102 1404 ex
1131 1355 1247 1406 vita*
1262 1355 1549 1422 pastoritia,

23 1439 161 1490 quae
179 1421 391 1493 placere
411 1423 633 1490 possint,
650 1424 967 1490 perexiguus
987 1424 1054 1473 sit
1071 1441 1355 1485 numerus;
1374 1423 1548 1474 multo

22 1492 111 1543 ille
150 1493 312 1543 etiam
351 1494 535 1542 minor
569 1491 807 1558 suturuS,
861 1494 963 1544 nisi
1002 1511 1032 1544 e
1064 1495 1168 1545 vita
1194 1495 1366 1562 prisca
1406 1503 1459 1544 et
1488 1511 1548 1545 ex

21 1562 243 1630 antiquo
299 1579 554 1613 sermone
606 1563 845 1629 mythico
894 1563 1062 1614 multa
1109 1564 1165 1619 in
1211 1565 1546 1631 pastoritium

20 1648 335 1683 sermonem
362 1634 700 1698 migrassentz
737 1631 958 1684 difficile
980 1642 1060 1683 est
1087 1633 1256 1684 multa
1283 1635 1339 1685 in
1358 1634 1442 1684 his
1458 1652 1545 1685 va-

20 1702 182 1767 riare,
226 1710 288 1753 ut
321 1718 423 1753 nec
452 1711 635 1754 tamen
671 1719 699 1753 a
729 1703 1088 1770 simplicitate,
1141 1705 1257 1755 sine
1296 1722 1401 1773 qua
1440 1703 1561 1755 hoc

19 1788 194 1838 genus„
221 1771 434 1839 placere
472 1774 688 1841 nequit,
740 1774 974 1824 recedas,
1049 1774 1153 1838 Qui
1188 1774 1348 1842 primi
1383 1792 1414 1825 e
1446 1791 1549 1825 no-

20 1841 268 1892 stratibus
306 1843 361 1892 in
391 1843 515 1894 hoc»
530 1858 700 1909 genus
733 1844 1060 1909 involarunt,
1115 1843 1304 1896 saltem
1334 1853 1548 1895 verten-

21 1911 103 1962 dis
123 1928 182 1962 ac
198 1913 510 1979 repetendis
523 1914 751 1982 antiquis
775 1915 1055 1980 ingenium
1072 1915 1372 1983 approbare
1390 1924 1544 1983 pote-

18 1991 151 2033 rant.
220 1985 377 2035 Nunc
412 1981 530 2035 fere
566 1984 807 2036 taedium
834 1984 1064 2051 faciunt,
1113 1985 1207 2053 qui
1237 1987 1438 2037 centies
1467 1985 1548 2036 di-

21 2061 103 2102 cta
128 2061 407 2120 repetunt,
428 2071 602 2122 ,quae
634 2054 768 2105 dum
806 2055 1084 2121 ingeniose
1112 2056 1312 2107 variare
1342 2056 1547 2121 volunt,

19 2122 76 2172 in
104 2123 329 2188 argutias
350 2132 405 2173 et
420 2123 566 2174 lusus
593 2125 851 2178 incidunt.
893 2127 1172 2178 Romanae
1208 2127 1331 2177 artis
1369 2126 1548 2177 omni-

19 2200 95 2242 no
136 2209 250 2242 non
290 2193 473 2258 exigua
510 2211 633 2261 pars
670 2195 726 2245 in
760 2212 827 2246 eo
869 2195 1260 2262 continebatur,
1293 2205 1371 2261 ut,
1408 2213 1547 2265 quae

19 2279 50 2311 a
82 2262 295 2313 Graecis
336 2264 562 2315 naturali
598 2264 772 2332 aliqua
811 2282 935 2317 cum
966 2275 1240 2318 venustate
1272 2276 1326 2318 et
1356 2266 1546 2335 lepore

22 2331 161 2383 dicta
197 2333 526 2400 acciperent,
574 2352 636 2385 ea
666 2336 921 2387 orationis
949 2353 1075 2387 suae
1105 2336 1382 2403 dignitate,
1427 2353 1545 2403 gra-

20 2402 204 2467 vitate,
268 2419 328 2453 ac
366 2405 518 2472 copia
557 2415 826 2459 ornarent.
912 2409 1031 2457 Hoc
1074 2424 1249 2458 unum
1284 2409 1546 2473 moneb0,

20 2473 122 2522 nisi
148 2474 476 2538 memineriS,
513 2475 568 2524 in
594 2475 813 2541 Virgilio
849 2476 969 2544 plus
1001 2478 1139 2542 artiS,
1174 2478 1230 2527 in
1251 2478 1543 2529 Theocrito

20 2541 140 2608 plus
168 2544 373 2593 nativae
413 2544 733 2610 elegantiae,
790 2563 931 2612 esse,
987 2555 1042 2597 te
1070 2564 1185 2597 non
1211 2549 1393 2599 mirari
1429 2565 1544 2598 non

22 2627 207 2677 posse,
251 2630 378 2664 cum
405 2614 608 2679 videas,
648 2617 809 2666 etiam
836 2618 1314 2685 praestantissimos
1348 2636 1410 2668 ex
1435 2618 1545 2669 hoc

21 2694 220 2745 genere
269 2693 455 2751 poetas
504 2687 872 2737 recentiorum
912 2697 1227 2755 temporum
1262 2688 1544 2755 Virgilium

68 2818 95 2861 ⁸)
128 2818 219 2853 Hinc
243 2821 348 2856 etiam
373 2822 410 2855 in
430 2824 595 2858 bucolicis
623 2826 753 2859 carmi-
807 2827 889 2860 dam
923 2827 981 2860 vel
1015 2828 1215 2873 Martynum
1250 2835 1335 2873 post
1364 2827 1541 2860 Ursinum.

20 2864 123 2898 nibus
154 2866 249 2910 apud
273 2869 489 2914 Interpretes
524 2878 623 2905 tanta
649 2873 752 2917 copia
805 2874 976 2919 Equidem
992 2886 1063 2908 non
1078 2875 1146 2909 nisi
1174 2887 1216 2909 63
1233 2874 1406 2919 apposui,
1451 2884 1541 2918 quae

18 2909 179 2945 locorum
204 2911 366 2947 similium
389 2922 426 2948 et
450 2919 668 2962 comparatio
687 2931 752 2953 ea-
808 2927 870 2953 aut
886 2921 1025 2955 Maroni
1049 2928 1131 2955 ante
1152 2922 1272 2955 oculos
1298 2922 1397 2953 fuere
1418 2927 1476 2952 aut
1495 2919 1539 2951 il-

18 2958 167 2991 rundem
194 2960 448 2995 sententiarum
471 2964 590 2998 afferri
617 2978 659 2999 ac
685 2978 750 2999 cu-
807 2967 1026 3002 lustrationis
1047 2969 1118 3003 vim
1135 2968 1270 3003 habere
1287 2972 1447 3013 possunt·

19 3004 144 3039 malari
169 3005 275 3041 solet.
321 3007 489 3052 Inspiciat
516 3010 640 3056 aliquis
662 3012 750 3046 cer-
