1734 3320
276 188 376 237 GE
388 184 941 271 pRfilssssoN-fflss.
967 187 1041 251 11,
1084 192 1375 259 ηερ-183

1483 195 1587 246 425

19 352 34 359 ,
66 312 198 376 Quis
219 312 409 376 color,
431 320 486 362 et
513 328 649 379 quae
669 311 736 360 sit
754 311 919 363 rebus
938 321 1127 363 natura
1145 312 1399 368 ferendis,

0 420 4 423 -
61 381 325 447 Difficiles
344 382 586 450 primum
605 390 804 445 terrae,
844 381 1118 449 collesque
1141 384 1375 449 maligni,

65 453 268 503 Tenuis
284 450 381 503 ubi
405 451 584 516 argilla
606 460 659 502 et
677 451 918 501 dumosis
941 451 1171 503 calculus
1192 456 1340 519 arviS,

1488 463 1586 510 180

61 521 546 588 Palladiaigaudent
565 520 693 571 silva
710 522 901 572 vivacis
920 521 1106 574 olivae.

61 591 273 679 ln‘diciq
289 593 372 643 est
389 600 563 642 tractu
584 607 808 657 surgens
828 592 1059 643 oleaster
1080 593 1281 644 eodem

62 650 356 727 PlurimuS,
392 671 449 713 et
463 662 610 712 strati
627 662 803 712 baccis
821 662 1147 713 silvestribus
1171 664 1293 730 agri.

137 750 250 798 182
283 759 405 809 Es'r,

111 849 181 885 178
214 858 283 884 aut
312 862 409 896 quae
434 848 603 883 Amndel.
639 856 677 883 et
714 849 796 883 edd.
827 856 914 884 vett.
945 862 1023 884 cnm
1054 851 1162 886 Goth.
1193 863 1250 896 Ρ.1·
1308 849 1478 884 serendis
1501 854 1587 882 tres.

61 897 237 935 creandis
262 903 351 931 unus
371 896 539 930 Arundel.
557 895 731 943 serendus·
756 897 811 930 vel
833 905 1024 942 propterea
1044 898 1318 944 praeferendum
1339 909 1417 931 esse
1442 896 1589 930 videbat

60 939 238 987 Reiskius,
261 944 342 990 quia
361 944 486 980 v.195
509 952 682 977 armenta
701 951 904 989 sequuntur.

1001 946 1071 981 180
1100 946 1240 979 Tenuis
1257 943 1320 979 ubi
1334 944 1495 990 argillae
1513 944 1588 977 du-

60 991 175 1033 mosis
199 991 370 1031 calculus
394 1003 498 1025 arms
524 990 660 1024 Probus
686 994 773 1025 Arte
800 993 988 1026 Grammat.
1044 993 1115 1027 Sed
1136 992 1315 1037 vulgatum
1339 998 1457 1025 tuetur
1484 990 1588 1024 etiam

60 1036 200 1075 Nonius
217 1037 440 1090 Marcellus
427 1050 465 1071 m
486 1039 623 1072 Tenue.
669 1050 786 1081 arva,
820 1051 910 1084 quae
931 1046 1009 1072 sata
1027 1046 1109 1073 sunt
1126 1047 1245 1082 arata,
1280 1049 1352 1073 non
1380 1050 1488 1084 posse
1509 1049 1588 1071 esse

61 1085 220 1119 dumosa
241 1079 393 1130 putabat
413 1084 600 1128 Baianus,
646 1084 768 1130 itaque
795 1085 1026 1141 conficiebat,
1066 1087 1231 1120 dumosis
1257 1085 1424 1120 calculus
1451 1086 1587 1119 oneris.

59 1133 197 1166 Ancrae
213 1138 253 1166 et
267 1138 392 1167 ann-ae
408 1139 490 1166 sunt
509 1128 702 1176 αυλῶνες,
732 1131 857 1167 στενοὶ
876 1129 1004 1176 τόποι,
1029 1134 1251 1179 confragosa,
1275 1133 1445 1177 abrupta,
1469 1144 1587 1174 curva,

61 1178 205 1213 sinuosa
221 1179 302 1213 loca
316 1179 480 1216 saltuum.
516 1179 683 1212 Eandem
711 1190 834 1213 vocem
853 1180 1044 1225 Propertio
1078 1182 1108 1222 1,
1132 1183 1166 1223 1,
1191 1182 1247 1215 11.
1278 1181 1306 1222 1,
1330 1181 1365 1222 2,
1389 1180 1432 1214 11
1459 1179 1588 1213 obtru—

25 1253 30 1256 .
63 1226 175 1260 debat
190 1225 368 1272 Scaliger,
393 1238 414 1260 ο
433 1226 571 1261 Glossis
588 1225 729 1259 Isidori.
777 1226 847 1260 Sed
865 1240 936 1260 art
939 1240 998 1260 um
1014 1235 1144 1272 poetae
1163 1234 1219 1261 est
1233 1238 1416 1260 commune
1434 1226 1589 1260 omnium

60 1280 224 1318 agrorum
242 1284 383 1308 nomen.
414 1272 496 1307 vide
513 1272 571 1307 vel
590 1274 740 1327 11,1775

815 1275 881 1309 181

934 1275 1049 1308 audet
1073 1275 1201 1308 Medic.
1228 1274 1319 1308 Gud.
1339 1281 1411 1307 tres
1427 1273 1489 1307 alii
1509 1285 1588 1308 cnm

60 1320 170 1355 Goth.
189 1332 272 1364 sec„
289 1319 424 1357 sdlicet
440 1321 523 1366 quia
539 1319 737 1354 calculus
725 1331 763 1353 m
779 1320 895 1355 auimo
942 1334 1002 1355 aei
1004 1322 1098 1356 ebat.
1147 1324 1215 1367 (—
1233 1323 1313 1357 182.
1331 1330 1387 1354 est
1401 1320 1438 1356 in
1455 1319 1587 1355 Medic.

59 1367 258 1411 omissum,
254 1366 341 1402 sed
359 1379 466 1414 supra
483 1367 664 1414 scriptum.
695 1367 792 1412 Wr.)

59 1477 107 1502 ac
135 1464 269 1504 virtus
293 1464 487 1516 cuiusque
512 1463 587 1502 soli
606 1463 680 1512 sit,
711 1477 792 1515 qua

59 1522 315 1575 potissimum
360 1522 472 1561 valet
517 1519 794 1575 (Claudianus

60 1581 194 1631 XVII,
227 1582 311 1623 178
358 1581 495 1619 Nosse
525 1580 605 1618 soli
640 1578 761 1635 vires)
775 1595 793 1628 ;

60 1640 153 1691 quis
186 1638 319 1688 color,
361 1638 479 1690 quale
517 1650 571 1676 ex
598 1637 796 1690 adspectu

58 1696 259 1736 iudicium
295 1696 385 1735 fieri
413 1695 562 1749 possit,
601 1702 642 1734 et
670 1709 795 1748 quam

58 1761 251 1794 naturam
271 1767 344 1794 seu
371 1754 601 1793 naturalem
624 1754 710 1793 vim
740 1753 793 1792 ad

58 1826 125 1852 res
143 1812 333 1852 ferendas
363 1811 526 1851 habeat.
558 1810 661 1867 (vid.
690 1825 794 1864 quae

58 1872 201 1911 notavi
224 1871 282 1910 -ad
313 1870 344 1921 1,
364 1873 403 1913 3.
438 1869 559 1925 Wr.)
619 1871 794 1915 Videtur

58 1930 102 1969 in
111 1943 196 1982 sqq.
209 1936 301 1968 ante
313 1929 451 1968 oculos
460 1928 648 1968 habuisse
662 1928 795 1967 Th'eo-

60 1987 218 2041 phrast.
236 1988 285 2026 de
297 1988 433 2026 Causs.
447 1987 579 2026 Plant.
595 1988 644 2037 ΙΙ,
663 1988 689 2030 5
701 1994 741 2026 et
753 1990 793 2036 6,

33 2096 35 2099 ι
59 2047 103 2085 in
121 2046 208 2085 aliis
223 2045 414 2099 Xenoph.
435 2045 585 2084 oecon.
613 2060 699 2097 cap.
724 2048 791 2094 16,

59 2107 88 2146 2
109 2118 194 2156 sqq.
209 2105 317 2143 conf.
343 2104 476 2143 Varro
502 2104 551 2142 R.
572 2104 621 2143 R.
642 2104 673 2153 Ι,
694 2106 734 2145 9.
752 2109 794 2141 et

59 2162 222 2202 Vitruv.
242 2161 346 2211 VIII,
367 2165 406 2204 1.

121 2222 204 2262 179
221 2242 281 2249 —
300 2221 396 2269 183.
445 2218 587 2257 80111111
630 2218 792 2271 argilla-

61 2291 179 2316 ceum
197 2284 239 2317 et
260 2277 506 2317 calculosum
525 2278 581 2315 ait
600 2290 684 2315 esse
698 2276 794 2316 ido-

60 2332 186 2375 neum
214 2336 323 2376 oleis.
365 2344 491 2374 terrae
508 2335 701 2389 difficiles
717 2349 795 2387 pa-

59 2408 155 2434 rum
206 2395 357 2433 feraces
365 2424 377 2443 ,
436 2395 551 2446 quasi
599 2407 795 2444 morosae,

61 2466 229 2506 parcae,
258 2458 308 2491 ut
340 2458 483 2491 contra
496 2452 653 2504 sac-iles
667 2482 679 2501 ,
710 2452 796 2491 fer-

59 2511 176 2561 tiles,
204 2510 319 2563 quasi
338 2511 540 2559 liberales,
570 2510 796 2549 munificae.

48 2569 230 2621 sncgum
255 2569 408 2621 facilis
448 2577 553 2607 terra
585 2568 796 2607 Claudian.

61 2626 216 2676 XXIX,
227 2626 295 2669 54.
325 2627 555 2678 Iunguntur
572 2627 692 2665 etiam
710 2628 797 2666 col-

62 2685 121 2722 les
147 2686 326 2736 maligni
350 2685 493 2723 eodem
521 2698 640 2724 sensu
672 2691 712 2723 et
727 2699 797 2724 re-

64 2748 207 2794 spectu
240 2742 293 2780 ad
312 2743 612 2787 „liberalitatem
644 2743 718 2782 soli
744 2758 791 2782 ac

62 2799 330 2838 fertilitatem:
370 2802 427 2839 sic
466 2815 627 2853 quoque
660 2803 793 2840 solum

63 2857 293 2908 benignum.
325 2859 373 2896 es.
388 2859 541 2909 Burm„
563 2860 634 2911 qui
652 2860 696 2898 in
714 2874 793 2898 no-

61 2916 175 2954 tione
194 2914 378 2953 finienda
404 2917 589 2955 laborare
614 2918 792 2957 videtur.

61 2973 325 3026 Praeceptum
332 2973 345 3011 i
348 2974 651 3025 psumillustrat
660 2975 795 3015 Theo-

898 1369 967 1404 183
991 1366 1110 1403 bachs
1130 1366 1375 1403 studentibus
1399 1368 1502 1402 Leid.
1530 1379 1587 1415 pr.

849 1463 1040 1518 phrastus
1071 1464 1122 1503 de
1150 1464 1285 1503 Causs.
1309 1464 1440 1503 Plant.
1466 1464 1516 1514 H,
1548 1466 1586 1505 1.

851 1523 952 1562 Cato
972 1536 1005 1561 e.
1027 1525 1074 1573 65
1103 1521 1233 1574 neq‘ue
1246 1528 1460 1576 repugnat,
1475 1521 1588 1574 quod

852 1582 1034 1620 olearum
1054 1581 1184 1620 qutui
1206 1581 1273 1620 alii
1290 1581 1422 1620 solum
1439 1582 1588 1634 pingue

853 1639 1076 1692 adsignant.
1122 1639 1230 1678 Caeli
1248 1639 1355 1678 enim
1378 1641 1587 1679 locorum-

853 1711 932 1750 que
958 1697 1116 1736 indoles
1152 1711 1201 1735 ac
1224 1698 1324 1736 situs
1354 1698 1449 1736 alibi
1474 1697 1588 1736 aliud

850 1755 1036 1795 suadent.
1068 1756 1118 1794 cf.
1136 1756 1240 1795 Plin.
1268 1756 1358 1805 XII,
1379 1758 1446 1805 18,
1467 1769 1497 1794 s,
1517 1758 1585 1797 30.

851 1817 920 1857 31.
930 1813 1117 1866 Virgilius
1127 1814 1177 1852 de
1191 1814 1422 1867 regionibus
1433 1815 1587 1852 Trans-

850 1872 1020 1926 padanis
1039 1872 1256 1924 cogitabat,
1278 1886 1478 1924 aquarum
1496 1872 1587 1910 elu-

850 1931 931 1970 viei
949 1931 1157 1981 obnoxiis,
1175 1937 1221 1970 ut
1234 1930 1338 1970 bene
1355 1931 1462 1971 vidit
1473 1931 1586 1969 Mar-

850 1989 974 2028 finus.
1037 1992 1132 2031 180.
1171 2003 1284 2042 ager,
1324 1987 1488 2038 λεπτός,
1519 1993 1588 2030 λε·-

850 2043 1054 2101 πτὸγειος,
1096 2047 1181 2085 solo
1210 2061 1281 2086 seu
1308 2048 1495 2100 argilloso
1515 2060 1587 2086 seu

852 2119 1009 2144 saxoso.
1082 2107 1230 2143 Tenuis
1259 2107 1415 2159 argilla
1443 2106 1585 2145 Servio

852 2166 937 2201 sine
967 2163 1132 2200 humore
1147 2193 1158 2211 ,
1201 2166 1302 2215 quia
1330 2172 1389 2202 est
1417 2162 1487 2218 (ex
1508 2178 1584 2216 op-

850 2222 982 2274 posito
995 2251 1006 2270 ,
1036 2220 1155 2275 puta)
1186 2229 1223 2259 et
1250 2223 1437 2273 pinguis.
1497 2222 1587 2260 Sci-

850 2279 947 2318 licet
971 2285 1032 2317 est
1050 2279 1187 2328 exilis,
1216 2279 1373 2330 ieiuna,
1403 2279 1586 2332 adeoque

850 2338 935 2375 sine
955 2351 1089 2387 succo,
1118 2337 1276 2377 sterili&
1336 2341 1434 2380 181.
1464 2341 1586 2378 viva-

852 2398 910 2433 cis
940 2396 1084 2434 olivae.
1124 2395 1225 2435 Plin.
1249 2396 1362 2446 XVI,
1392 2395 1463 2447 44,
1481 2412 1511 2436 S.
1528 2399 1585 2438 90

854 2455 1132 2492 Firmissimae
1161 2468 1256 2506 ergo
1283 2455 1343 2493 ad
1367 2455 1587 2494 vivendum

854 2513 984 2562 oleae,
1014 2521 1060 2550 ut
1090 2527 1194 2564 quas
1213 2512 1359 2550 durare
1377 2516 1500 2551 annis
1521 2513 1593 2551 CC

854 2572 957 2608 inter
989 2579 1171 2608 auctores
1205 2573 1431 2609 conveniat.
1478 2572 1584 2610 conf.

855 2628 1182 2681 Theophrastum
1210 2628 1261 2667 de
1294 2630 1430 2668 causs.
1453 2630 1583 2668 Plant.

854 2687 912 2735 II,
969 2688 1034 2730 15.
1081 2687 1186 2726 Hist.
1230 2687 1360 2726 Plant.
1399 2688 1476 2737 IV,
1518 2688 1582 2729 15.

853 2746 949 2786 182.
997 2745 1196 2795 oleaster,
1238 2745 1422 2785 diversus
1447 2747 1496 2783 ab
1523 2758 1582 2795 eo,

851 2816 972 2854 quem
1002 2818 1075 2842 nos
1115 2817 1162 2842 eo
1200 2805 1364 2843 nomine
1404 2804 1583 2855 appella-

850 2875 953 2900 muS.
972 2862 1058 2900 vid.
1075 2861 1239 2900 Martin.
1271 2863 1501 2910 Plurimus,
1534 2867 1584 2899 ut

854 2919 997 2971 Georg.
1023 2914 1061 2969 I,
1086 2923 1170 2962 187
1200 2934 1293 2958 eum
1320 2934 1361 2957 se
1378 2934 1463 2956 nux
1481 2919 1583 2969 plu-

853 2979 959 3015 rima
996 2979 1110 3016 silvis
1148 2978 1295 3016 Indaet
1339 2979 1381 3014 in
1419 2977 1581 3027 florem.
