1734 3320
138 216 242 267 452

467 216 523 267 Ρ.
560 216 918 267 VIRGILII
964 217 1342 268 MARONIS

137 345 282 395 Vere
308 349 523 391 tument
547 350 723 392 terrae
752 352 805 392 et
828 342 1074 408 genitalia
1101 345 1305 393 semina
1332 354 1577 410 poscunt.

139 416 284 463 Tum
337 419 491 479 pater
545 414 897 480 omnipotens
950 411 1200 464 secundis
1255 414 1518 464 imbribus
1565 417 1671 465 Ae-

932 482 1058 533 ther
1568 488 1671 538 325

139 551 393 616 Coniugis
417 551 472 600 in
495 552 765 617 gremium
787 552 957 603 laetae
983 553 1291 618 descendit,
1330 562 1383 604 et
1409 570 1601 605 omnes

135 626 360 688 Magnus
382 621 495 686 alit,
533 638 730 687 magno
761 624 1058 673 conmixtus
1085 640 1341 690 corpore,
1377 621 1534 675 fetus,

136 694 264 744 Avia
289 701 407 742 tum
431 701 688 742 resonant
710 692 892 742 avibus
918 693 1142 758 virgulta
1168 694 1399 758 canoris,

135 765 203 814 Et
227 766 503 815 Venerem
529 763 684 811 certis
709 771 967 830 repetunt
994 772 1235 814 armenta
1263 763 1465 816 diebus,

209 860 325 910 324.
358 870 566 905 TERRAE
579 897 591 920 ,

182 994 253 1033 324
276 997 435 1030 Donatus
454 996 549 1042 apud
568 996 727 1031 Servium
751 997 990 1043 interpunxit:
1028 999 1124 1033 Vere
1144 1006 1286 1033 tument
1307 1000 1397 1045 (scil.
1418 1000 1561 1045 silvae):
1595 1008 1671 1034 ter-

136 1056 202 1077 rae
223 1052 260 1077 et
277 1044 460 1091 genitalia
489 1045 631 1078 semina
656 1054 829 1092 poscunt.
871 1045 1038 1093 genialia
1067 1046 1223 1089 Zulich.‚
1260 1054 1434 1093 perpetua
1462 1048 1670 1082 variatione.

132 1100 295 1137 pascunt
314 1091 445 1124 Medic.
467 1104 488 1124 a
505 1103 549 1125 m.
571 1104 626 1136 pr.

724 1092 794 1128 325
826 1095 930 1127 Tunc
950 1094 1052 1126 Rom.
1103 1095 1346 1140 omnipudens
1362 1096 1468 1129 Voss.
1501 1096 1671 1140 Ingenio—

119 1140 174 1171 ‘se
193 1138 336 1173 Wakef.
355 1138 399 1171 ad
420 1139 560 1172 Lucret.
576 1140 602 1180 I,
628 1139 696 1175 231
723 1139 814 1173 coni.
846 1142 938 1173 Tum
956 1142 1083 1182 Pater,
1109 1142 1334 1187 omniparens
1346 1140 1526 1189 fecundis
1542 1141 1670 1176 imbri-

136 1183 222 1227 bus,
246 1186 387 1219 Aether
406 1185 450 1219 ad
470 1186 667 1232 exemplum
686 1187 867 1231 Calpurnii
885 1189 986 1230 VIII,
1011 1188 1057 1223 35
1083 1190 1328 1235 omniparens
1345 1190 1485 1224 Aether
1507 1196 1543 1223 et
1561 1190 1671 1224 Avie-

134 1231 188 1265 ni:
215 1252 260 1257 --
284 1233 386 1266 Iovis
402 1234 686 1279 omniparentis:
717 1246 820 1280 quem
840 1235 963 1268 confer
983 1235 1020 1268 in
1038 1247 1092 1280 pr.
1114 1236 1213 1270 Arati
1232 1236 1423 1270 Phaenom.

133 1288 214 1359 ἰτιξ,
240 1280 328 1362 lage,
353 1280 521 1313 aberrant
545 1287 707 1326 quatuor.

148 1326 159 1359 i
187 1351 195 1360 .
217 1328 244 1369 I,
294 1352 301 1360 .

1518 1238 1589 1274 326
1608 1238 1671 1271 la-

779 1283 849 1318 327
870 1284 1078 1329 permixtus
1094 1284 1189 1328 apud
1208 1284 1372 1317 Lactant.
1392 1284 1436 1317 de
1459 1285 1550 1319 falsa
1567 1284 1669 1330 relig.

398 1328 467 1363 328
492 1340 573 1361 eam
593 1328 759 1362 Cantabr.
811 1337 901 1362 tunc
928 1331 1028 1363 Rom.
1078 1332 1176 1364 Avia
1205 1342 1329 1364 vocem
1349 1331 1488 1365 futilem
1506 1344 1670 1377 pronun-

133 1373 202 1407 tiat
220 1373 366 1409 Wakef.
393 1381 429 1408 et
459 1375 623 1409 emendat
640 1377 782 1410 Laevia
800 1376 846 1409 ad
867 1377 931 1410 Ge.
951 1378 994 1421 11,
1020 1377 1091 1413 596
1111 1384 1148 1411 et
1165 1377 1235 1412 hoc
1248 1391 1325 1412 esse
1343 1378 1438 1413 idem
1458 1379 1554 1426 quod
1572 1380 1669 1414 mol-

133 1420 182 1455 lia
192 1448 202 1465 ,
226 1427 362 1455 tenera.

132 1540 287 1579 tatione
306 1554 541 1593 expressum
554 1541 647 1581 vide
664 1541 775 1595 apud
792 1542 872 1581 Co-

132 1598 338 1638 lumellam
365 1600 428 1648 X,
465 1602 548 1642 197
572 1613 658 1652 sqq.
727 1602 871 1639 Terrae

133 1665 309 1707 tament,
347 1653 516 1713 ὀργῶσι,
548 1658 660 1709 quod
679 1664 722 1697 et
738 1659 871 1711 ipsum

133 1729 156 1752 a
174 1715 400 1767 pubertate,
415 1729 507 1754 cum
522 1722 662 1768 pectus
681 1723 722 1755 et
738 1731 871 1755 mam-

132 1787 220 1811 mae
241 1779 431 1825 turgent,
475 1787 567 1813 cum
592 1775 645 1813 ad
667 1775 869 1825 tellurem,

132 1837 223 1869 tum
254 1831 308 1869 ad
345 1832 478 1883 fruges
518 1846 647 1871 novas
684 1833 788 1871 lacte
822 1847 870 1872 ac

133 1903 252 1927 succo
273 1895 481 1942 turgentes
500 1892 757 1930 transfertur.
787 1892 869 1930 Lo-

133 1961 179 1985 ca
209 1947 365 1999 collegit
409 1947 551 1988 cerda.
588 1957 762 2000 poscunt
803 1964 868 1987 se-

132 2007 268 2054 mina,
299 2004 341 2044 h.
364 2006 531 2045 sationis
554 2013 713 2060 tempus
741 2007 867 2047 adest.

129 2064 333 2114 genitalia
347 2094 357 2114 ,
413 2064 559 2116 quibus
596 2073 867 2119 procreantur

131 2122 279 2173 fruges.

190 2179 287 2222 325.
304 2177 490 2218 Aetheris
504 2181 753 2221 connubium
774 2196 867 2222 cum

134 2237 281 2287 Terra,
312 2238 441 2277 imbre
466 2240 715 2279 fecundante
738 2254 866 2293 agros.

132 2297 350 2335 Servatum
379 2295 458 2335 hoc
491 2311 542 2336 ex
575 2298 748 2350 antiquo
780 2312 867 2338 ser-

130 2367 270 2403 mone,
310 2367 390 2406 quo
417 2362 558 2407 poetae
585 2356 771 2409 physicas
803 2371 868 2396 res

132 2412 390 2464 exponebant
419 2419 461 2451 et
499 2415 720 2465 ornabant,
757 2415 868 2454 unde

133 2469 280 2508 dehinc
325 2484 467 2521 magna
517 2472 716 2525 mythices
772 2487 867 2526 pars

131 2527 266 2566 fluxit.
325 2528 477 2567 Aether
504 2529 544 2569 h.
573 2531 599 2570 l.
623 2545 714 2569 cum
741 2532 867 2571 Terra

133 2586 298 2637 coniuge
333 2594 604 2639 memoratur,
656 2589 751 2627 alias
779 2590 868 2642 ple-

131 2657 303 2694 rumque
322 2644 429 2683 Iovis
447 2646 607 2684 nomine
626 2647 869 2699 insignieba-

131 2708 217 2740 tur:
247 2702 454 2741 interdum
471 2710 520 2742 ut
540 2705 735 2757 superior,
766 2706 868 2745 Iuno

132 2760 323 2810 inferior,
368 2760 479 2812 regio
505 2769 627 2812 esset,
658 2763 868 2802 interdum

131 2824 181 2857 ut
207 2818 362 2871 Iupiter
400 2819 563 2858 omnino
607 2833 766 2858 omnem
798 2834 867 2859 ae-

132 2889 230 2926 rem,
262 2876 442 2928 adeoque
454 2876 778 2929 atmosphaeram
791 2878 865 2917 de-

132 2934 326 2986 signaret,
365 2939 414 2973 ut
440 2933 481 2974 h.
499 2935 526 2974 1.
585 2935 692 2974 Hinc
720 2943 866 2975 natum

134 2992 454 3044 antiquissimum
501 2991 763 3046 phantasma,
818 3001 865 3034 ut

459 1422 530 1458 329
556 1431 724 1470 repetent
740 1424 871 1458 Moret.
890 1424 934 1458 fr.

931 1540 1079 1593 Amor,
1110 1543 1349 1596 Coniugium
1362 1574 1373 1595 ,
1406 1544 1667 1595 Concubitus,

929 1601 1129 1652 Naturae,
1179 1601 1364 1642 Aetheris
1412 1610 1453 1642 et
1499 1603 1663 1654 Terrae,

929 1660 1035 1699 Iovis
1056 1673 1148 1700 cum
1166 1660 1341 1711 Iunone,
1373 1675 1667 1701 commemora-

928 1724 1067 1769 retur,
1108 1720 1265 1771 quo'ties
1309 1720 1359 1759 de
1383 1720 1666 1760 secundatione

928 1782 1082 1826 terrae,
1123 1791 1226 1828 quae
1257 1777 1306 1817 fit
1322 1791 1418 1818 vere
1447 1785 1519 1818 aut
1536 1779 1667 1818 imbre

928 1848 1068 1886 agrum
1100 1842 1309 1875 recreante
1323 1867 1334 1886 ,
1376 1837 1521 1890 agitur.
1572 1837 1667 1883 >No-

926 1892 1015 1930 bilis
1029 1893 1256 1945 priscorum
1267 1900 1482 1948 poetarum
1497 1894 1666 1948 mythus

926 1949 1025 1989 hinc
1045 1951 1177 1990 dictus
1202 1951 1311 2006 ἱερὸς
1337 1949 1470 2007 γάμος
1498 1953 1665 1993 Iunonis

929 2006 1043 2062 (vid.
1062 2009 1157 2049 Exc.
1189 2010 1207 2049 I
1235 2011 1288 2050 ad
1314 2011 1412 2051 Aen.
1431 2009 1506 2066 ΙΙ).
1575 2012 1665 2065 Ipse

926 2066 1129 2107 Homerus
1148 2067 1246 2108 hinc
1264 2069 1430 2110 Iunonis
1448 2084 1543 2123 suae
1571 2084 1664 2110 cum

925 2125 1021 2164 Iove
1045 2140 1303 2179 congressum
1321 2129 1479 2169 effinxit
1497 2128 1611 2168 Iliad.
1626 2129 1660 2180 ξ,

926 2183 1011 2226 346
1031 2198 1116 2237 sqq.
1160 2186 1274 2234 Quos
1294 2201 1436 2227 versus
1458 2187 1663 2241 praeclare

926 2243 1131 2282 convertit
1148 2244 1310 2284 Petron.
1333 2260 1418 2300 cap.
1443 2248 1538 2288 127.
1575 2246 1664 2285 Ex-

924 2301 1071 2352 pressit
1092 2315 1191 2341 vero
1214 2309 1354 2343 noster
1371 2305 1556 2357 proxime
1577 2304 1662 2342 Lu-

926 2365 1025 2398 eret.
1050 2360 1079 2410 I,
1101 2360 1182 2403 251
1207 2375 1265 2413 sq.
1286 2362 1334 2412 Π,
1357 2365 1435 2405 991
1465 2376 1522 2415 sq.
1570 2362 1662 2406 Alia

927 2416 1070 2456 similia
1092 2432 1139 2457 ao
1157 2419 1361 2460 dissimilia
1383 2421 1473 2460 loca
1492 2421 1576 2461 vid.
1598 2434 1660 2474 ap.

927 2475 1120 2527 Cerdam,
1153 2478 1222 2529 qui
1243 2484 1284 2517 et
1315 2493 1408 2518 cum
1428 2479 1573 2518 Ursino
1594 2479 1661 2518 vi-

928 2532 1009 2583 dit,
1041 2534 1285 2588 Aeschylum
1302 2543 1342 2575 et
1363 2537 1595 2590 Euripidem
1616 2537 1660 2576 in

925 2589 1005 2630 hoc
1053 2593 1271 2645 praeivisse
1290 2609 1298 2632 :
1357 2607 1532 2646 quorum
1570 2595 1660 2634 loca

927 2649 1039 2701 apud
1071 2650 1325 2690 Athenaeum
1352 2653 1469 2704 XIII,
1504 2668 1543 2706 p.
1574 2657 1658 2696 600

927 2714 1036 2746 sunt.
1069 2708 1116 2747 cs.
1148 2723 1234 2762 sup.
1262 2710 1342 2749 Ecl.
1363 2710 1447 2761 VH,
1470 2714 1539 2754 60.
1569 2711 1659 2751 Ho-

927 2770 1005 2804 rat.
1039 2766 1167 2817 Epod.
1201 2767 1308 2817 XIII,
1344 2771 1378 2810 1.
1420 2767 1520 2822 (vid.
1537 2770 1658 2809 etiam

927 2822 1112 2862 Column.
1135 2824 1187 2862 ad
1208 2826 1382 2865 Ennium
1401 2841 1440 2880 p.
1465 2829 1560 2871 180.
1572 2841 1657 2880 sqq.

927 2879 989 2919 ed.
1019 2881 1171 2921 Hessel.
1215 2883 1339 2939 Wr.)
1406 2885 1545 2939 Nuper
1578 2885 1659 2925 hoc

924 2937 1032 2976 idem
1052 2940 1209 2992 copiose
1239 2942 1459 2982 illustravit
1488 2943 1658 2983 Werns-

925 2995 1030 3035 dorf.
1041 2997 1084 3035 in
1096 2998 1206 3038 Poet.
1218 3000 1313 3041 min.
1323 3001 1368 3041 T.
1376 3001 1443 3051 ΠΙ,
1455 3015 1495 3055 p.
1505 3001 1589 3045 536
1599 3015 1656 3054 Sq-
