1734 3320
258 281 746 336 GEORGICON
779 281 927 332 LIB.
952 281 1030 344 Π,
1066 282 1361 334 356—366

1467 284 1572 336 459

44 411 386 464 Parcendum
407 409 636 471 teneris3
674 395 753 473 et,
787 406 925 458 dum
950 423 1007 457 se
1030 406 1199 458 laetus
1226 407 1295 457 ad
1318 425 1468 458 auras

45 482 258 548 Palmes
280 482 411 548 agit,
445 480 569 530 laxis
589 495 691 547 per
711 495 914 546 purum
937 476 1187 527 inmissus
1210 477 1459 544 habeniS‚

45 555 73 604 Ι
111 569 167 603 sa
190 552 302 603 acie
324 550 577 603 nondum
598 548 747 599 falcis
768 547 1049 612 tentanda,
1086 547 1185 599 sed
1204 547 1359 598 uncis

1471 550 1577 601 365

97 621 367 691 arpendae
392 620 644 672 manibus
666 617 919 684 frondeS,
954 618 1205 687 interque
1227 617 1505 683 legendae.

93 739 168 777 363
188 737 423 775 Ponendum
448 747 506 772 est
528 738 597 773 duo
625 736 724 782 apud
755 738 894 779 nux-m„
932 742 970 770 et
1000 742 1148 782 uterque
1171 736 1312 777 Mead.;
1345 735 1438 769 alter
1455 734 1576 769 etiam:

50 787 141 822 dum
158 799 241 822 sese
257 798 328 832 pro
347 794 385 821 et
401 786 489 820 dum
506 798 558 820 se.

637 784 711 821 364
733 796 844 831 quum
861 797 957 818 se—
968 784 1050 830 agit
1066 783 1205 818 Nonius
1222 782 1381 817 Marcell.
1401 781 1439 816 in
1457 782 1578 817 laxus.

50 842 159 883 agee,
182 834 280 881 quod
293 833 333 868 in
351 832 513 879 pedestri
533 832 759 878 praeferres,
799 830 929 865 Medic.
947 829 1076 873 Pierii,
1110 837 1148 864 et
1171 837 1253 865 octo
1285 830 1381 876 apud
1398 829 1523 864 Heius·
1541 835 1579 863 et

50 882 169 916 Burm-
196 893 275 915 eum
299 880 397 915 Goth

400 905 410 914 .
440 892 512 914 sec.
541 892 562 914 a
589 892 635 913 m.
661 891 717 924 pr.
766 878 885 925 lapsis
904 877 1069 912 Parrhas-
1090 885 1126 911 et
1143 878 1232 923 Reg.
1255 876 1411 911 Martini.
1506 875 1578 912 365

49 930 143 984 Ipsa
160 930 240 963 acie
253 927 420 964 nondum
431 925 553 974 salcis·
577 926 762 960 tentanda
779 927 895 959 Burm-
911 924 1051 969 recepit
1062 951 1071 966 ‚
1108 932 1147 958 ut
1162 924 1271 971 plane
1289 924 1419 959 Medic.
1437 930 1474 958 et
1492 923 1579 958 Pie-

48 975 101 1015 ni,
116 975 318 1018 Romanus,
341 981 467 1022 utpote
486 973 720 1020 antiquissimi
733 999 743 1016 ‚
765 979 841 1006 tum
860 971 964 1006 multi
988 971 1070 1014 alii,
1106 971 1212 1006 etiam
1228 972 1367 1005 Probus
1387 973 1578 1006 Grammat.

48 1022 112 1057 lib.
131 1023 160 1064 Ι,
186 1028 225 1056 et
241 1023 333 1070 Ipsa
352 1022 432 1055 acie
458 1020 528 1054 iam
549 1020 683 1054 editum
710 1026 787 1054 erat
815 1031 925 1064 usqne
947 1019 994 1052 ad
1016 1018 1220 1053 Commelin.
1242 1025 1279 1053 et
1302 1019 1495 1061 Pulmann.,
1519 1017 1581 1064 qui

48 1069 201 1104 intulere
227 1067 266 1103 in
295 1067 356 1103 vul
405 1093 415 1102 .
438 1069 531 1116 Ipsa
552 1069 652 1102 acies
663 1066 783 1114 salcis
807 1066 972 1101 nondum
990 1074 1017 1100 t.
1064 1070 1111 1100 At
1128 1066 1250 1100 Heius.
1269 1066 1430 1100 ordinem
1450 1066 1579 1100 immu-

49 1123 166 1151 tarat:
191 1116 357 1150 nondum
391 1115 489 1150 alcis
505 1115 706 1156 tentanda,
731 1120 770 1147 ut
787 1120 844 1147 est
868 1113 904 1146 in
923 1112 1052 1146 multis.
1100 1114 1193 1161 Ipsa
1210 1114 1375 1147 nondum
1401 1111 1579 1160 aciesal-

50 1165 108 1198 cis
122 1162 294 1202 RottemL
311 1170 392 1197 tert.
440 1165 532 1196 Sane
552 1163 650 1195 acies
659 1159 799 1208 saleis,
824 1172 886 1194 seu
903 1160 1011 1202 ferri,
1034 1166 1157 1206 potest
1176 1162 1335 1203 tentari,
1369 1159 1435 1194 sed
1451 1160 1482 1193 si
1502 1171 1580 1193 eam

52 1209 239 1256 explores,
261 1215 304 1244 ut
321 1209 359 1243 in
375 1208 538 1244 Suetonii
550 1208 618 1242 illo
638 1207 720 1242 loco
736 1209 824 1242 Ner.
843 1205 901 1243 49.
949 1210 998 1241 At
1018 1206 1078 1241 hic
1098 1209 1176 1241 acie
1192 1206 1312 1254 salcis
1339 1206 1496 1253 (poetica
1513 1218 1581 1240 ve-

50 1263 197 1293 nustate
225 1267 295 1302 pro
319 1255 440 1304 falce)
467 1261 650 1289 tentantur
675 1254 809 1288 novelli
840 1254 1022 1299 palmites,
1058 1254 1141 1287 dum
1165 1261 1346 1299 putantur.
1380 1255 1474 1290 conf.
1491 1255 1580 1288 Not.

55 1306 136 1339 acie
161 1303 234 1338 inm
260 1303 299 1337 in
317 1303 469 1348 vulgatis
493 1310 574 1337 ante
591 1302 744 1336 Pieriam
760 1301 966 1347 legebatur3
999 1301 1034 1334 in
1052 1300 1184 1335 Medic.
1208 1302 1308 1335 acies
1325 1314 1346 1335 a
1362 1315 1408 1335 m.
1427 1313 1497 1335 sec.
1514 1313 1581 1335 ru-

51 1352 121 1385 bro
135 1350 285 1396 “adpima
303 1363 324 1385 s
341 1350 472 1384 littera.
500 1350 613 1394 (acies
631 1349 688 1386 14.
709 1349 802 1395 apud
819 1349 990 1390 Pottier.;
1012 1354 1207 1382 memorata
1226 1348 1294 1383 iam
1313 1348 1437 1384 Servio
1457 1348 1581 1383 diver-

53 1398 151 1434 sitas.
181 1398 278 1444 Wr.)
328 1396 397 1432 sub
416 1397 528 1431 undis
546 1396 584 1430 in
605 1396 676 1430 fine
692 1408 813 1430 versus
834 1395 979 1442 legebat
995 1395 1106 1430 Goth.
1124 1407 1179 1441 pr.

52 1508 139 1534 non
161 1494 274 1533 ferro
290 1493 362 1533 sed
380 1506 516 1546 ungue
535 1491 787 1543 tentandam,

51 1553 99 1592 in
134 1551 319 1591 adultam
358 1551 490 1591 vitem
532 1563 670 1590 severe
705 1563 789 1589 esse

53 1609 335 1653 exercendam.
385 1609 595 1662 Praecepti
614 1609 791 1662 primam

254 1667 470 1707 confimat
495 1666 702 1720 Theophr.
739 1666 790 1706 de

54 1729 192 1768 eausa.
216 1726 349 1769 Plant.
365 1725 433 1776 m,
450 1728 490 1768 9.
531 1726 630 1764 Cato
653 1727 722 1775 33,
746 1728 789 1775 2,

54 1791 100 1825 at
118 1784 267 1824 refellit
282 1784 504 1824 Columella
523 1797 616 1837 cum
635 1783 663 1823 l.
685 1797 719 1822 c.
738 1783 789 1833 V,

55 1846 97 1894 6,
128 1845 274 1895 22sq„
313 1848 406 1882 tum
436 1841 504 1892 IV,
545 1845 612 1892 11,
635 1843 657 1883 1
690 1855 791 1879 nam

55 1901 176 1941 illam
185 1906 355 1941 vetet-em
366 1898 597 1952 opinionem
614 1899 789 1938 damna-

56 1960 117 1998 vit
134 1971 232 1998 usus
243 1989 256 2009 ,
286 1972 369 1997 non
386 1973 471 1997 esse
479 1958 597 2011 ferro
612 1966 791 2010 tangen-

56 2016 131 2056 dos
157 2018 370 2059 anniculos
405 2017 639 2065 malleolos,
682 2015 795 2069 quod

58 2076 190 2114 aciem
206 2074 488 2128 reformident5
521 2073 793 2127 quodftnstra

65 2133 268 2185 Virgilius
290 2155 351 2162 —
386 2134 616 2170 timuerunt.
680 2131 794 2170 conf.

60 2191 187 2244 Geop.
202 2190 251 2241 V,
278 2193 347 2232 23.
375 2190 445 2232 25.
474 2188 718 2241 frondibus.-
743 2188 796 2227 de

59 2249 145 2288 vite
161 2248 255 2300 agit.
314 2247 380 2286 Sic
406 2261 505 2286 mox
524 2250 609 2292 366
627 2253 669 2286 et
688 2247 794 2285 alibi.

60 2307 203 2358 Itaque
219 2306 364 2359 putavi
384 2306 505 2344 etiam
510 2305 794 2357 frondator-em

62 2364 117 2403 ad
133 2364 240 2404 vites
266 2370 450 2417 spectare
475 2363 561 2402 Ecl.
579 2363 610 2414 1,
626 2364 695 2413 57,
719 2363 794 2402 etsi

62 2428 106 2462 et
144 2422 241 2461 alias
279 2422 444 2461 arbores
479 2421 705 2474 amputari,
752 2427 795 2459 et

62 2480 251 2520 frondem
280 2480 419 2533 pecori
457 2479 796 2519 substernendam

62 2540 199 2592 parari
234 2538 510 2588 meminerim,
550 2544 593 2577 et
617 2537 687 2590 qui
715 2536 796 2576 hoc

63 2597 182 2647 facit,
212 2598 378 2649 proprie
391 2596 677 2649 frondatorem
701 2595 794 2635 dici.

63 2655 167 2694 Plin.
183 2655 327 2707 XVIII,
346 2658 414 2704 31,
435 2668 465 2693 s.
496 2653 553 2697 74
599 2655 656 2692 Ee
666 2653 796 2706 smn-

66 2713 132 2752 dis
170 2712 490 2764 praeparandae
526 2720 682 2764 tempus
719 2711 796 2751 hoc

69 2777 138 2808 est.
207 2771 322 2809 Unus
356 2770 580 2823 frondator
623 2778 798 2822 quatuor

55 2827 302 2881 frondarias
319 2828 497 2877 fiscinas
529 2829 726 2879 complere
755 2829 801 2865 in

68 2886 136 2924 die
163 2887 314 2923 iustum
346 2885 480 2923 habet.
522 2885 668 2924 Catull.
706 2885 800 2924 LXI

71 2941 261 2997 (LXIV),
290 2941 344 2983 41
378 2944 481 2980 Non
493 2943 600 2995 salx
617 2951 800 2982 attenuat

57 3001 352 3053 frondatorum
397 2999 549 3039 arbori-s·
595 3000 795 3039 umbram.

71 3059 238 3098 Servius
273 3063 411 3097 tamen
437 3063 480 3096 et
515 3057 601 3111 ipse
631 3057 686 3096 ad
715 3057 800 3097 Ecl.

844 1491 885 1542 1,
907 1491 965 1534 57
989 1491 1276 1544 frondator-em
1316 1490 1368 1531 de
1403 1497 1583 1543 utroque

846 1562 996 1602 operae
1014 1563 1160 1603 genere
1180 1549 1430 1602 frequentari
1448 1549 1581 1589 docet.

846 1607 1015 1647 Accedit
1034 1607 1155 1647 Ovid.
1173 1607 1270 1648 Met.
1289 1609 1398 1659 XIV,
1426 1606 1511 1651 649
1530 1607 1582 1646 de

846 1666 1100 1707 Vertumno:
1130 1666 1258 1705 Falce
1278 1667 1381 1706 data
1402 1665 1582 1718 fronda-

848 1732 910 1763 tor
955 1732 1043 1763 erat
1086 1726 1260 1777 vitisque
1310 1732 1493 1777 putator.
1524 1745 1583 1755 —

848 1780 947 1825 364.
977 1783 1087 1821 laxis
1115 1784 1308 1821 inmissus
1334 1782 1504 1821 habenis
1531 1780 1583 1820 de

848 1839 1045 1879 celeribus
1076 1846 1118 1879 et
1143 1840 1277 1880 effusis
1302 1839 1584 1891 inm-ementis3

848 1913 873 1938 a
900 1899 1090 1938 Lucretio
1123 1896 1248 1938 habet
1280 1899 1338 1950 V,
1373 1899 1471 1942 785.
1506 1912 1587 1950 per

841 1971 999 2010 pamm
1012 1988 1023 2007 ,
1065 1970 1140 2010 per
1172 1971 1327 2009 aerem3
1363 1952 1485 1996 Lucri
1505 1962 1587 2008 'per

850 2030 1002 2063 auras5
1040 2021 1083 2054 et
1110 2029 1200 2069 sup.
1237 2029 1278 2055 v.
1306 2018 1393 2058 287
1433 2017 1478 2054 in
1505 2029 1586 2053 να-

850 2088 973 2111 cuum
985 2103 997 2122 ,
1031 2079 1074 2111 et
1095 2073 1192 2111 alias
1204 2088 1286 2125 per
1301 2076 1435 2113 inane.
1478 2071 1584 2126 (Ali-

850 2137 916 2170 ter
934 2130 1041 2170 dixit
1063 2131 1208 2170 Horat.
1240 2131 1290 2170 de
1316 2144 1458 2170 sereno
1474 2130 1584 2169 caelo

852 2189 984 2227 carm.
1013 2189 1061 2238 Ι,
1094 2187 1174 2239 34,
1206 2188 1262 2244 7.)
1332 2188 1430 2233 365.
1459 2189 1581 2240 Ipsa,

851 2246 935 2285 scil.
962 2247 1093 2299 prima
1118 2253 1249 2296 aetas,
1290 2247 1356 2286 cui
1385 2246 1587 2286 tribuitur

851 2310 1060 2357 tamquam
1089 2305 1195 2344 actio
1226 2305 1296 2355 id,
1334 2305 1447 2358 quod
1474 2305 1520 2343 in
1539 2318 1587 2343 ea

849 2362 912 2402 fit.
980 2364 1176 2415 Vngulta
1208 2376 1259 2402 ex
1284 2378 1324 2403 v.
1355 2362 1442 2407 346
1466 2376 1587 2416 repe-

850 2421 905 2460 tit
946 2422 1125 2461 Servius.
1182 2421 1392 2475 Expressit
1431 2422 1588 2473 reliqua

852 2479 1048 2528 Quinctil.
1068 2479 1168 2519 Inst.
1188 2480 1236 2529 H,
1257 2479 1299 2531 4,
1323 2483 1390 2522 10.
1415 2483 1483 2522 11.
1520 2482 1587 2518 irv-

853 2538 1040 2589 terlegere
1053 2554 1065 2575 :
1106 2537 1276 2579 videtur
1300 2537 1382 2577 hoc
1416 2550 1588 2578 novasse

852 2602 998 2648 poeta,
1028 2610 1103 2648 pro
1124 2596 1274 2649 legere3
1305 2597 1497 2648 quoniam
1514 2609 1588 2650 per

852 2654 1067 2693 intervalla
1083 2654 1271 2704 frondes,
1301 2655 1388 2692 aljis
1416 2654 1584 2702 omissis,

854 2718 1092 2764 carpuntur.
1142 2710 1269 2766 (inter
1303 2712 1589 2752 adverbialiter

856 2770 1047 2823 usurpari
1064 2776 1199 2809 censet
1218 2770 1429 2810 Wunderl.
1460 2770 1512 2808 ad
1527 2783 1588 2808 vs.

857 2828 956 2871 351.
992 2826 1122 2880 Wr.)
1182 2829 1372 2868 Ceterum
1404 2841 1590 2866 commu-

856 2886 926 2925 nia
958 2893 1055 2925 sunt
1082 2885 1183 2925 haec
1214 2893 1430 2939 praecepta
1468 2898 1590 2924 curae

858 2944 1028 2983 aliarum
1065 2944 1270 2983 arborum.
1329 2943 1427 2982 Mox
1478 2945 1589 2981 exie-

854 3003 949 3051 rint,
971 3002 1016 3040 in
1032 3002 1161 3041 altum
1181 3015 1222 3040 se
1241 3000 1489 3050 sustulerint,
1514 3013 1588 3039 ex·-

856 3059 1072 3099 creverint.
1090 3059 1142 3098 cf.
1153 3073 1240 3111 sup.
1249 3072 1289 3099 v.
1301 3060 1369 3101 81.
1399 3061 1496 3102 369.
1507 3058 1588 3098 dn-
