1768 3320
388 223 875 289 RER-—ANNOS
911 234 1217 284 chEsTA
1432 217 1608 287 ‘cxvn

2 350 26 403 ,³
63 366 208 421 §.102
221 379 320 406 nm
320 372 386 416 at,
399 365 488 418 ped
505 379 572 411 eos
588 361 693 403 mala
710 360 834 416 primi
844 375 1007 403 versus:
1039 364 1184 402 Rima
1204 364 1416 415 Syracosio
1431 368 1607 418 dignata

0 431 2 458 ἱ
63 434 124 466 est
142 425 279 465 ludere
298 439 440 474 versu,
475 423 738 475 acceptione,
770 435 863 462 cum
884 421 996 474 quod
1015 421 1068 459 ad
1092 428 1268 461 aetatem
1286 429 1430 474 poetae
1448 432 1604 477 specta-

61 483 155 533 bat,
182 479 247 522 ad*
257 482 486 523 carminum
519 481 707 521 ordinem
732 482 955 528 leserrent,
986 479 1179 519 inductos
1198 480 1321 519 fuisse
1338 482 1410 520 vix
1434 482 1605 522 dubites.

61 541 195 582 Aliam
204 541 434 591 rafionem,
461 553 588 594 quaie
613 546 709 579 ante
732 539 924 592 Tityrum
954 538 1114 577 Silenus
1137 540 1312 591 scriptus
1344 553 1428 578 esse
1450 540 1604 580 debue-

23 620 25 625 .
59 600 156 670 fit’a
173 600 370 639 Catroeus
392 611 445 638 ex
473 613 521 638 eo
547 599 734 652 petebat,
765 599 958 650 quoniam
973 598 1199 636 secundum
1217 598 1423 637 Donatum
1444 605 1487 637 et
1508 601 1605 638 Ser-

60 643 175 698 vium
212 672 236 697 a
261 657 484 711 Cytheride
512 658 558 697 in
586 671 704 696 scena
747 656 939 697 Cicerone
976 655 1113 695 adhuc
1139 655 1331 695 audiente
1360 670 1407 694 ea
1434 658 1605 696 recitata

42 716 198 756 'fuerit
255 716 323 756 Sic
349 730 440 755 eam
474 722 570 755 ante
597 730 633 755 a.
655 718 762 764 711,
804 729 886 767 quo
914 715 1054 754 Cicero
1079 728 1131 753 ex
1153 715 1452 767 proscriptione
1472 715 1604 755 intei-

60 775 193 814 fectus
208 780 282 824 est,
313 774 463 815 editam
480 775 615 824 fuisse,
646 787 806 813 necesse
827 779 941 813 esset.
1000 772 1057 811 At
1075 773 1125 812 de
1143 774 1337 812 Cicerone
1351 774 1463 812 illam
1485 775 1604 813 Eclo-

59 846 153 886 gam
177 833 344 874 recitari
371 833 563 873 audiente
592 831 760 886 explosa
786 833 868 871 iam
894 846 1019 885 supra
1050 831 1102 870 ad
1129 845 1166 872 a.
1192 835 1273 874 711
1305 838 1346 871 et
1375 832 1429 871 ad
1458 833 1602 872 Donat

59 889 104 945 §-
130 890 183 933 41
213 886 276 931 est
294 891 447 932 sabula.

175 959 244 1001 Ad
265 961 521 1001 firmandam
550 974 691 1014 pacem
720 961 927 1000 Brundisii
956 962 1065 1000 inter
1092 961 1300 1000 Caesarem
1331 966 1373 999 et
1392 958 1447 998 M.
1466 958 1602 999 Anto-

58 1018 176 1065 nium
197 1019 350 1060 factam
375 1020 591 1060 Octaviam
620 1019 799 1059 Antonio
832 1019 875 1059 in
900 1019 1207 1059 matrimonium
1230 1019 1368 1058 datam
1390 1031 1474 1056 esse
1491 1019 1601 1057 dixi-

58 1091 162 1117 mus·
186 1077 272 1117 vi‘c‘l.
292 1078 367 1118 Dio
389 1078 566 1129 XLVIII,
586 1081 655 1120 31.
685 1078 858 1131 Appian.
881 1078 967 1117 Civ.
992 1078 1041 1127 V,
1075 1078 1142 1128 65,
1161 1092 1202 1130 p.
1225 1080 1337 1120 1126
1355 1090 1442 1129 sqq·
1503 1077 1597 1116 Erat

60 1141 198 1175 autem
219 1135 393 1177 Octavia
419 1150 441 1176 e
467 1137 604 1190 priore
634 1137 802 1186 marito,
833 1137 876 1175 C.
896 1135 1066 1175 Claudio
1085 1135 1297 1185 Marcello,
1330 1135 1521 1188 gravida,
1551 1143 1600 1175 ut

59 1194 136 1233 Dio
157 1194 185 1234 l.
200 1194 228 1234 l.
246 1202 461 1235 memorat.
520 1195 645 1234 Cuius
670 1195 971 1234 laudatissimae
1002 1196 1173 1234 feminae
1198 1192 1266 1247 (de
1288 1208 1368 1245 qua
1387 1194 1471 1233 vid.
1491 1194 1595 1247 Bay-

7 1261 15 1272 ³
60 1253 183 1303 lium,
213 1264 291 1293 net:
308 1268 392 1294 non
412 1252 686 1293 Froelichium
700 1254 744 1292 in
762 1253 956 1292 Mantissa
966 1253 1163 1292 Numism.
1183 1266 1264 1292 rar.
1285 1252 1325 1291 in
1345 1252 1460 1291 Gorii
1478 1254 1598 1305 Sym-

58 1310 163 1351 bolis
183 1311 263 1351 litt.
280 1313 327 1352 Τ.
346 1312 432 1364 VII,
451 1326 494 1366 p.
521 1315 619 1361 123,
640 1312 710 1351 ubi
737 1312 888 1350 Tiberii
918 1312 1097 1350 Caesaris
1117 1325 1267 1350 numus
1291 1325 1383 1349 cum
1404 1310 1599 1350 Octaviae

59 1376 102 1409 et
129 1369 302 1423 Augusti
332 1374 403 1410 o're
434 1369 668 1424 exhibetur)
703 1370 872 1409 consilio
898 1376 940 1409 et
966 1369 1186 1423 prudentia
1216 1383 1310 1408 cum
1338 1383 1477 1408 omnes
1499 1370 1597 1408 boni

58 1441 201 1481 pacem
240 1435 283 1468 et
310 1429 573 1469 concordiam
611 1428 782 1467 tandem
820 1428 1043 1467 stabilitam
1086 1434 1126 1466 et
1160 1427 1392 1467 firmissimo
1433 1428 1597 1467 vinculo

60 1494 382 1540 coagmentatam
412 1487 650 1537 credet-,ent
696 1500 869 1539 cumque
899 1487 984 1525 eius
1019 1500 1112 1526 cum
1153 1485 1333 1525 Antonio
1366 1486 1597 1539 coniugium

59 1558 205 1598 magna
230 1546 375 1613 populi
404 1546 560 1584 laetitia
596 1551 638 1584 et
667 1545 954 1584 acclamatione
992 1551 1208 1598 exceptum
1252 1551 1380 1595 esset,
1421 1545 1506 1583 visa
1536 1551 1597 1584 est

0 1602 6 1650 ,³
57 1603 200 1643 multis
226 1604 327 1644 viris
353 1604 484 1644 doctis
514 1604 677 1655 Ecloga
709 1605 788 1644 JV
811 1603 865 1642 ad
886 1603 927 1643 h.
953 1617 988 1642 a.
1022 1602 1236 1643 referenda
1260 1616 1366 1652 esse,
1396 1608 1446 1642 ut
1463 1603 1596 1641 infans

2 1674 6 1705 j
58 1662 125 1701 ille
145 1663 399 1713 nasciturus,
437 1662 551 1702 cuius
576 1662 621 1700 in
647 1675 694 1700 eo
724 1662 902 1701 carmine
929 1667 1016 1700 tam
1043 1661 1253 1714 praeclara
1278 1662 1362 1700 fata
1390 1661 1596 1700 ominatm

0 1726 205 1774 ,·poeta,
244 1721 382 1761 nullus
409 1721 511 1760 alius
544 1720 618 1769 sit,
649 1734 772 1772 quam
799 1721 853 1771 is,
884 1732 1004 1772 quem
1031 1720 1202 1760 Octavia
1236 1725 1325 1758 tum
1346 1726 1464 1758 utero
1478 1733 1595 1772 gere-

0 1795 6 1809 ‹·
57 1778 141 1818 bat.
200 1779 275 1819 Est
298 1786 437 1818 tamen
467 1779 629 1818 difficile
660 1778 815 1829 dicere,
857 1778 1063 1831 quomodo
1102 1779 1152 1817 de
1179 1777 1359 1817 Marcelli
1390 1784 1594 1830 postumo,

0 1854 17 1892 {l

58 1837 144 1877 sive
167 1837 204 1877 is
236 1835 308 1892 (ex
333 1837 516 1889 catroei,
546 1837 738 1888 Martini,
778 1844 821 1877 et
853 1837 1016 1903 Spencii
1056 1836 1246 1890 opinione
1275 1836 1473 1889 Polymet.
1503 1850 1594 1889 pag.

60 1897 158 1946 189,
177 1895 251 1951 86)
281 1896 391 1936 idem
422 1896 490 1935 ille
516 1896 571 1935 M.
601 1895 840 1945 Marcellus,
880 1896 950 1948 qui
979 1896 1199 1935 immatura
1220 1901 1353 1934 morte
1372 1895 1420 1934 U.
1444 1895 1486 1933 C.
1508 1897 1587 1936 731

0 1988 2 1997 ,
58 1953 163 1993 obiit
184 1951 263 2008 (ad
284 1968 406 2007 quem
433 1969 588 1994 annum
619 1954 756 2008 vide),
792 1955 876 1993 sive
906 1954 1008 1993 alius
1039 1954 1175 1993 minor
1204 1959 1304 1992 natu
1333 1953 1439 2003 suit,
1468 1959 1534 1991 tot
1555 1958 1595 1991 et

0 2030 1 2033 ¹
56 2017 173 2051 tanta
190 2013 246 2052 ad
258 2027 461 2055 ,summam
490 2026 631 2052 rerum
659 2013 885 2066 spectantia
904 2013 1098 2065 augurari
1114 2018 1205 2051 tum
1235 2012 1379 2064 aliquis
1397 2011 1592 2064 potuerit.

57 2070 242 2111 Diximus
269 2072 407 2124 paullo
437 2078 531 2111 ante
545 2102 556 2122 ,
601 2071 676 2110 sub
702 2071 826 2111 huius
854 2071 951 2110 anni
969 2071 1087 2110 initia
1106 2070 1359 2109 Scriboniam
1379 2084 1402 2107 a
1421 2070 1588 2108 Caesare

0 2122 1 2125 ¹
57 2141 141 2167 esse
161 2129 341 2169 ductam.
399 2131 501 2170 Erat
522 2144 569 2169 ea
593 2130 668 2169 sub
698 2131 854 2169 exitum
879 2130 975 2168 anni
990 2129 1157 2181 gravida
1177 2142 1229 2167 ex
1249 2129 1431 2168 Caesare.
1489 2129 1594 2167 Pro-

56 2186 232 2227 habilius
259 2188 399 2241 itaque
428 2189 499 2239 fit,
539 2189 593 2228 ad
613 2189 791 2241 prolem,
825 2202 950 2240 quam
981 2200 1034 2226 ex
1065 2201 1112 2225 ea
1144 2187 1368 2226 tollendam
1403 2187 1592 2240 sperabat

0 2282 2 2286 ,
60 2245 227 2297 Caesar,
257 2247 339 2286 iam
363 2254 454 2286 tum
481 2247 534 2286 ad
563 2261 739 2286 summas
767 2247 811 2285 in
830 2246 990 2299 republ.
1005 2259 1101 2298 opes
1122 2252 1310 2296 evectus,
1339 2252 1503 2299 poetam
1522 2259 1592 2284 re-

0 2310 2 2314 ’
58 2305 235 2357 spexisse
261 2312 325 2355 et,
365 2306 541 2345 laetitiae
566 2306 752 2358 publicae
780 2306 977 2358 impetum
1002 2310 1242 2356 sequutum,
1272 2317 1361 2343 rem
1384 2303 1592 2342 sententiis

58 2366 275 2402 exornasse
302 2370 344 2403 et
373 2364 656 2417 amplificasse,
694 2378 794 2416 quas
815 2363 972 2417 poetica
991 2362 1101 2402 ratio
1117 2362 1430 2415 suppeditabat,
1458 2362 1592 2414 inpri—

12 2427 21 2434 ”
58 2421 152 2471 mis,
184 2436 278 2461 cum
298 2423 541 2476 Sibyllinum
565 2423 799 2472 oraculum,
830 2421 943 2474 quod
969 2427 1229 2473 sequeretur,
1258 2420 1442 2459 haberet.
1502 2421 1592 2459 Hoc

58 2486 169 2518 certe
192 2491 321 2531 anno,
351 2494 448 2534 pace
474 2481 553 2519 iam
583 2481 788 2530 confecta,
822 2481 1009 2532 Eclogam
1032 2479 1141 2518 hanc
1162 2479 1353 2532 scriptam
1374 2493 1477 2529 esse,
1510 2479 1590 2517 du-

57 2537 180 2576 bitari
200 2540 364 2591 nequit3
395 2553 488 2578 cum
514 2540 687 2578 Pollioni
711 2539 875 2579 Consuli
894 2539 1090 2591 inscripta
1118 2538 1170 2576 sit
1187 2551 1228 2577 v.
1252 2540 1292 2579 3.
1313 2541 1379 2579 11.
1404 2540 1471 2587 12,
1493 2537 1590 2576 orbe

51 2596 138 2634 >iam
158 2604 304 2649 pacato
321 2611 362 2637 v.
385 2601 450 2639 17.
472 2598 529 2637 Cf.
556 2597 723 2650 Argum.
757 2597 866 2636 illius
886 2597 1076 2649 Eclogae,
1115 2595 1185 2635 ubi
1205 2601 1247 2634 et
1267 2596 1371 2634 illud
1387 2602 1589 2645 notatum,

57 2655 163 2692 male
193 2656 346 2695 multos
374 2655 586 2707 arbitrari,
625 2656 798 2695 Pollioni
823 2655 953 2694 filium
981 2661 1125 2694 natum
1152 2668 1199 2692 eo
1232 2654 1411 2692 carmine
1428 2660 1590 2706 poetam

58 2713 262 2763 gratulant
321 2714 556 2754 Secundum
593 2714 669 2753 hos
702 2714 979 2766 Hieronymus
1009 2712 1160 2752 Chron.
1197 2712 1341 2751 Euseb.
1381 2712 1590 2750 MMXXX

61 2769 185 2809 dixit:
218 2772 263 2810 C.
298 2774 468 2811 Asinius
500 2774 673 2823 Gallus,
718 2773 880 2821 Orator,
918 2772 1058 2811 Asinii
1080 2771 1280 2809 Pollionis
1294 2770 1441 2820 filius,
1476 2770 1589 2808 cuius

61 2827 182 2865 etiam
202 2829 390 2882 Virgilius
414 2831 617 2881 meminit,
647 2831 748 2869 diris
764 2845 791 2868 a
815 2830 971 2868 Tiberio
988 2830 1202 2881 supplicii-s·
1218 2837 1417 2867 enecatur.

175 2897 268 2935 Non
295 2899 419 2939 modo
447 2901 753 2950 Brundisinam,
795 2913 939 2941 verum
970 2899 1093 2938 etiam
1119 2899 1407 2948 Puteolanam,
1448 2910 1588 2949 pacem

60 2955 140 2992 iam
172 2960 261 2992 tum
289 2959 512 2997 confectam
541 2959 686 3009 fuisse,
729 2973 822 2997 cum
851 2972 898 2996 ea
926 2958 1074 3009 Ecloga
1117 2957 1385 3004 scriberetur,
1427 2956 1588 2993 Ruaeus

0 3004 8 3014 '
62 3026 154 3051 cum
187 3012 274 3051 aliis
310 3023 534 3067 memorat,
572 3024 623 3056 ut
652 3030 749 3057 vere
785 3023 898 3055 totus
946 3016 1055 3055 orbis
1085 3021 1254 3068 pacatus
1283 3013 1414 3053 videri
1441 3018 1588 3065 posset.
