1734 3320
187 222 289 271 434

528 220 585 269 P.
634 217 1003 269 VIRGILII
1049 215 1432 267 MARONIS

185 349 468 414 Exspecta,
507 352 561 394 et
582 343 768 394 validis
792 353 991 394 terram
1014 341 1306 409 proscinde
1329 341 1577 393 iuvencis,

189 416 333 467 Salsa
358 423 538 465 autem
561 414 745 478 teIIUS,
786 424 839 464 et
868 430 1005 482 quae
1031 411 1352 480 perhibetur
1375 428 1576 476 amara,

186 485 449 551 Frugibus
473 482 683 549 infelix,
722 490 807 550 (ea
831 502 934 534 nec
956 483 1280 533 mansuescit
1305 481 1530 546 arando,

185 562 297 608 Nec
312 556 523 606 Baccho
540 571 728 621 genus,
749 564 839 604 aut
853 555 1030 622 pomis
1051 571 1144 603 sua
1160 553 1384 602 nomina
1402 558 1597 617 servat)
1613 555 1716 605 240

188 627 318 677 Tale
344 626 490 676 dabit
513 626 811 692 specimen:
847 634 907 674 tu
930 625 1098 691 spisso
1125 624 1326 673 vimine
1355 622 1565 690 quaIOS,

189 697 428 763 Colaque
451 695 762 763 praelorum
787 694 1013 745 fumosis
1041 694 1227 760 deripe
1253 694 1431 754 tectis;

185 771 303 817 Huc
332 783 455 832 ager
478 766 568 815 ille
593 765 766 815 malus
798 765 1093 831 dulcesque
1123 781 1150 812 a
1176 762 1419 812 fontibus
1445 761 1624 812 undae

187 837 271 888 Ad
295 837 523 904 plenum
551 835 842 886 calcentur:
881 852 1017 902 aqua
1044 833 1361 884 eluctabitur
1386 833 1563 882 omnis

189 908 422 971 Scilicet,
461 915 514 956 et
539 906 767 971 grandes
792 906 948 956 ibunt
969 921 1069 972 per
1096 905 1293 954 vimina
1318 912 1524 969 guttae3

850 1003 968 1052 240.
1009 1004 1272 1064 sEnvAT),

257 1007 372 1054 239.
409 1015 622 1050 INFELIX
656 1005 755 1065 (EA

324 1086 529 1136 UNDAE,

1611 903 1715 955 245

1361 1001 1478 1050 243.
1524 1010 1716 1060 MALus,

233 1176 304 1211 237
327 1179 377 1209 Et
397 1185 522 1223 specta
543 1176 684 1210 Servius
702 1175 858 1219 legerat3
893 1174 1012 1221 lapsus
1039 1176 1206 1220 frequens
1241 1180 1304 1207 est.
1352 1176 1492 1207 Exerce
1518 1180 1555 1205 et
1579 1172 1718 1206 validis

187 1224 287 1256 Rom.
305 1223 423 1257 Pierii.
472 1233 508 1258 eb
527 1231 606 1257 ante
626 1223 765 1257 validis
783 1222 817 1255 in
835 1223 964 1256 Medic.
997 1235 1015 1255 a
1034 1235 1078 1255 m.
1099 1234 1152 1266 pr.
1184 1222 1318 1254 aberat.
1378 1222 1447 1265 (—
1465 1220 1548 1255 239.
1572 1219 1716 1253 Iahnius

186 1271 412 1315 parenthesin
433 1283 454 1304 a
477 1269 665 1318 Frugibus
683 1270 849 1311 inchoat3
876 1277 910 1303 et
931 1269 1100 1311 dubitavi,
1125 1281 1167 1302 an
1186 1269 1256 1302 hoc
1278 1279 1465 1313 sequerer3
1495 1267 1559 1300 sed
1578 1274 1616 1300 ut
1636 1266 1717 1299 vul-

188 1330 308 1362 garem
335 1318 608 1363 interpungendi
643 1317 786 1350 modum
817 1317 1028 1359 retinerem,
1071 1327 1295 1349 numerorum
1326 1314 1502 1360 elegantia
1527 1314 1715 1359 persuasit.

193 1364 289 1409 Wr.)

383 1365 454 1400 240
478 1366 558 1399 Nec
574 1365 717 1399 Bacclzo
739 1365 852 1398 decus
871 1364 1007 1397 emend.
1030 1365 1080 1397 Io.
1101 1363 1302 1405 Schrader„
1338 1370 1376 1396 ut
1394 1366 1480 1396 Aen.
1506 1363 1548 1403 11,
1574 1361 1620 1397 89
1643 1374 1715 1395 no-

187 1425 339 1459 menque
364 1412 547 1458 decusque
577 1413 775 1446 Gesslmus.
823 1415 868 1445 At
893 1411 1028 1445 Colum.
1061 1412 1115 1452 X,
1143 1411 1191 1445 38
1216 1413 1295 1453 Quo
1325 1410 1461 1443 Bacchi
1490 1421 1610 1457 genus
1637 1416 1716 1450 aut,

189 1472 231 1492 ex
264 1459 333 1493 hoc
375 1459 455 1503 ipso
481 1460 573 1493 loeo.
621 1460 775 1492 numina
812 1459 983 1492 Rottend.
1042 1465 1166 1491 servet
1194 1457 1340 1490 Mentel.
1370 1469 1425 1502 pr.

1516 1485 1524 1489 .
1534 1455 1601 1491 241
1639 1464 1717 1489 tum

187 1518 274 1540 unus
301 1507 420 1540 Mead.
462 1507 613 1553 squalos
643 1506 743 1539 Leid.
775 1518 871 1540 unus.
917 1507 1057 1553 spissos
1087 1517 1122 1539 v.
1151 1505 1283 1550 qualos
1309 1504 1472 1549 Longo'b.
1493 1502 1622 1543 Pierii,
1659 1502 1714 1536 ed.

188 1555 278 1587 Ven.
373 1553 443 1589 242
468 1555 586 1600 diripe
610 1554 742 1598 plures.

187 1601 291 1634 batur
320 1600 485 1641 Heinsi03
522 1601 642 1647 sicque
674 1613 694 1634 a
723 1613 779 1646 pr.
807 1614 851 1634 m.
882 1601 953 1634 Erf.

837 1553 907 1590 243
933 1555 1032 1586 Huic
1057 1551 1207 1585 Messius
1237 1551 1424 1585 Arusianus
1454 1550 1586 1595 legisse
1612 1550 1717 1584 vide—

1049 1598 1121 1635 244
1146 1598 1349 1632 luctabitur
1378 1598 1470 1632 alter
1495 1599 1653 1642 Menag.,
1678 1605 1717 1631 ut

188 1648 349 1693 plerique
379 1648 497 1681 Pierii.
548 1661 667 1694 aquae
696 1647 900 1682 luctabitur
928 1649 1047 1681 amnis
1081 1660 1100 1680 a
1127 1659 1172 1679 m.
1205 1659 1274 1680 sec.
1307 1646 1433 1691 fragm.
1460 1645 1654 1679 Helmstad.
1678 1644 1716 1677 in

187 1695 342 1729 Analect.
370 1694 438 1728 litt.
469 1695 663 1729 Helmstad.
697 1696 804 1737 1783,
840 1707 875 1739 p.
907 1695 986 1731 194.

1082 1692 1151 1729 245
1176 1694 1284 1727 Ilicet
1312 1693 1403 1728 coni.
1431 1695 1483 1727 Io.
1512 1692 1714 1734 Schrader„

190 1743 335 1777 Scilicet
353 1749 407 1775 est
426 1740 485 1787 δή.
521 1756 554 1776 ν.
574 1754 652 1787 sup.
674 1743 719 1775 ad
739 1744 766 1785 Ι,
791 1743 873 1778 282.
909 1743 954 1776 de
979 1742 1113 1775 vimine
1130 1740 1221 1774 alter
1239 1742 1368 1774 Moret.

249 1839 403 1879 238-
420 1836 517 1880 247.
562 1838 719 1876 Salsum
748 1844 788 1877 et
817 1852 930 1876 ama-

190 1908 285 1934 rum
321 1895 451 1934 solum
488 1909 630 1948 sapore
677 1897 927 1949 exploratur,

191 1967 294 2006 aqua
335 1954 423 1993 colo
464 1954 650 2004 eliquata.
692 1955 738 1995 cf.
773 1955 926 1994 Colum.

190 2012 239 2061 II,
259 2015 298 2060 2,
312 2015 380 2062 20,
401 2018 439 2050 et
460 2012 510 2050 de
531 2009 730 2061 Arbor13,
746 2015 784 2054 6.
823 2028 927 2065 quae

182 2069 414 2121 perhibetur
447 2084 616 2119 amam,
653 2084 774 2121 quam
803 2071 924 2123 vulgo

192 2142 368 2166 amaram
392 2128 611 2180 appellant,
666 2129 751 2167 Nisi
769 2135 828 2167 est
849 2143 925 2182 pro

192 2186 320 2237 simpl.
353 2195 423 2224 est.
468 2186 612 2238 infelix
630 2217 641 2236 ,
693 2186 925 2227 infecunda.

191 2242 288 2286 240.
320 2244 468 2283 Vinum
501 2245 848 2296 generosissimum
885 2252 927 2285 et

191 2315 312 2354 poma
334 2302 483 2354 optima
501 2303 543 2340 in
566 2303 639 2341 tali
672 2309 783 2342 terra
805 2304 925 2356 dege-

192 2366 350 2398 nerant.
382 2374 509 2411 genus
538 2366 578 2398 et
605 2363 796 2411 nomina,
844 2363 927 2400 ele-

191 2423 332 2470 gauter
361 2418 498 2456 Burm.
530 2425 668 2469 notat,
707 2426 756 2458 ut
785 2420 826 2459 in
846 2420 925 2459 ho—

191 2476 385 2526 minibus,
435 2476 492 2514 ita
527 2475 618 2527 hic,
670 2478 925 2518 nobilitatem

193 2533 409 2586 designare.
440 2537 661 2585 specimen,
701 2535 925 2575 documen-

191 2597 281 2630 tum
300 2622 310 2641 ,
343 2592 486 2645 δεῖγμα
506 2620 515 2637 ,
558 2593 745 2644 probatio
768 2624 779 2643 ,
819 2591 924 2637 οἷπὸ-

193 2650 326 2698 ὅειξις.

249 2706 331 2749 241
350 2729 406 2736 --
425 2705 522 2748 247.
563 2707 663 2746 Rem
683 2708 768 2747 vid.
789 2708 922 2761 inpri-

190 2765 265 2804 mis
298 2778 360 2817 ap.
391 2764 568 2816 Geopon.
597 2765 654 2814 ΙΙ,
692 2768 744 2807 10
774 2773 815 2804 et
854 2769 920 2807 11.

190 2823 239 2872 V,
261 2825 299 2864 7.
351 2822 504 2871 Qualos
526 2820 732 2872 vimineos,
764 2837 834 2862 seu
851 2838 921 2862 ca-

189 2879 342 2931 lathos,
381 2894 428 2918 ac
463 2881 554 2919 cola
584 2881 838 2932 praelorum,
878 2881 919 2920 h.

191 2939 362 2991 supponi
397 2938 542 2991 praelis
565 2952 740 2977 uvarum
770 2945 810 2977 et
841 2939 920 2977 oli-

190 3010 336 3036 varum
370 2996 508 3046 solita,
554 3002 602 3034 ut
637 3003 792 3035 novum'
822 3010 918 3036 mu-

992 1845 1101 1876 stum
1124 1843 1194 1875 aut
1214 1837 1346 1875 oleum
1363 1836 1404 1875 in
1435 1836 1483 1874 iis
1500 1842 1715 1888 exceptum

987 1896 1216 1948 percoletur
1258 1909 1303 1933 ac
1338 1895 1538 1946 liquetur,
1579 1895 1715 1945 deripe

987 1956 1098 1992 tectis
1104 1953 1303 2006 fumosis,
1329 1967 1418 2005 pro,
1448 1965 1573 1991 sume.
1633 1952 1716 1991 Or-

985 2018 1107 2050 natus
1144 2011 1240 2049 inde
1276 2011 1449 2064 petitus,
1499 2010 1611 2063 quod
1637 2010 1716 2049 ista

982 2084 1092 2120 vasa,
1123 2083 1173 2107 ne
1192 2069 1364 2108 humore
1384 2075 1713 2122 corrumpantur,

985 2128 1037 2166 ad
1058 2129 1214 2167 fumum
1243 2128 1385 2180 reponi
1414 2128 1557 2167 solent.
1616 2129 1714 2170 243.

983 2187 1121 2238 Ager,
1164 2186 1366 2239 particula
1397 2192 1532 2225 terrae
1572 2199 1624 2224 ex
1666 2199 1714 2224 eo

985 2259 1099 2297 agro3
1129 2247 1204 2298 τῆς
1230 2247 1306 2298 γῆς
1325 2260 1375 2285 τι.
1434 2247 1606 2283 Huc—
1622 2245 1713 2282 eal-

984 2311 1121 2341 cenlur
1138 2333 1148 2352 ,
1187 2302 1425 2354 exquisitius
1469 2317 1591 2354 quam
1618 2302 1711 2350 liic,-

982 2361 1105 2399 infert
1128 2361 1233 2399 enim
1253 2361 1447 2411 alterum,
1476 2360 1714 2400 hucinfun-

985 2419 1157 2469 dantur,
1190 2425 1229 2457 et
1250 2419 1457 2458 calcentur
1471 2450 1481 2470 ,
1523 2419 1714 2471 subigan-

983 2484 1065 2516 tur.
1127 2472 1225 2519 244.
1264 2477 1338 2516 Ad
1352 2479 1549 2528 plenum,
1582 2477 1712 2530 plene,

982 2541 1031 2574 ut
1050 2536 1183 2574 colum
1198 2535 1364 2587 plenum
1381 2535 1444 2573 sit.
1466 2535 1610 2575 Horat.
1634 2535 1711 2575 Od.

982 2594 1012 2642 I,
1039 2596 1112 2642 17,
1135 2593 1187 2635 15
1234 2594 1322 2631 Hic
1353 2592 1427 2630 tibi
1456 2595 1576 2645 eopia
1604 2596 1712 2632 Ma-

981 2650 1093 2688 nabit
1112 2651 1171 2688 ad
1186 2651 1357 2701 plenum
1385 2650 1557 2704 benigno
1586 2652 1713 2690 Ruris

979 2708 1175 2746 honorum
1193 2709 1382 2758 opulenta
1401 2724 1535 2748 cornu..
1556 2711 1712 2748 elucta-

978 2766 1083 2804 bitur
1100 2765 1280 2817 pulcrius
1301 2780 1348 2804 ac
1359 2766 1506 2806 effluet.
1539 2766 1710 2822 (elucta-

978 2825 1037 2872 ri,
1072 2823 1097 2861 i.
1114 2836 1146 2861 e.
1175 2836 1248 2875 per
1272 2826 1472 2876 angustias
1500 2831 1618 2878 atque
1634 2826 1711 2865 ob-

978 2881 1132 2919 stacula
1176 2895 1289 2934 aegre
1330 2882 1520 2922 evadere:
1559 2885 1711 2922 Seneca

977 2940 1024 2978 N.
1059 2939 1139 2987 QU.
1168 2939 1233 2990 IV,
1262 2943 1320 2982 2.:
1350 2941 1489 2989 „Nilus
1509 2955 1596 2994 per
1626 2956 1709 2981 an—

976 3004 1128 3049 gusta
1157 2997 1708 3039 eluctatus.“Pacat.Pa-
