1768 3320
252 198 322 247 62

587 193 642 243 Ρ.
678 191 815 243 VIR
828 189 1022 240 GILII
1064 186 1423 239 MARONIS

252 324 542 387 Postquam
565 333 666 367 nos
688 315 960 380 Amaryllis
983 314 1168 377 habet,
1205 310 1418 362 Galatea
1437 311 1665 380 reliquit.

250 394 519 456 Namque,
554 385 767 437 fatebor
801 386 968 449 enim,
1006 383 1139 433 dum
1167 397 1257 431 me
1285 380 1498 434 Galatea
1533 383 1766 449 tenebat,

250 463 362 511 Nec
381 474 501 526 spes
519 457 770 507 libertatis
793 463 926 519 erat,
962 469 1063 502 nec
1100 468 1223 501 cura
1242 451 1431 518 peculi.

254 528 506 593 Quamvis
526 526 693 577 multa
711 525 845 575 meis
869 523 1029 573 exiret
1046 521 1256 572 victima
1277 521 1485 589 saeptis,

250 598 465 664 Pinguis
491 606 544 648 et
563 597 793 662 ingratae
817 600 1156 662 premeretur
1180 607 1360 642 caseus
1380 590 1528 642 urbi:

321 701 402 748 33.
435 696 627 744 PECULI

296 825 341 861 31
369 823 544 865 Galatea,
575 818 769 857 Γαλάτεια.
793 819 884 853 male
910 819 949 852 in
975 816 1093 852 multis
1126 816 1320 852 Galatlzea.

1698 594 1766 644 35

1412 815 1461 854 34
1483 817 1624 872 safptis
1631 842 1641 861 ,
1664 816 1766 851 Hanc

251 871 458 916 scripturam
483 870 518 903 h.
534 869 559 902 1.
578 867 636 902 vix
664 868 732 901 duo
754 868 839 911 Reg.
860 872 896 899 et
919 864 1066 900 Mentel.
1081 891 1092 907 ,
1121 863 1160 898 in
1186 863 1263 898 aliis
1290 862 1380 898 locis
1406 862 1623 918 antiquiores
1652 875 1768 910 agno-

252 925 363 954 scunt.
411 915 577 951 Nonnulli
603 914 841 961 (IVakefield.
879 913 974 958 Wr.)
1019 910 1238 956 distinguunt
1263 917 1347 956 post
1366 911 1540 959 pingam,
1574 919 1615 946 ut
1644 911 1692 947 sit
1708 911 1768 945 vi-

251 967 359 1002 ctima
381 965 554 1011 pinguis,
586 968 626 995 ut
649 961 722 997 Ecl.
742 962 810 1003 VI,
838 958 871 996 4.
919 962 966 994 At
994 959 1045 993 sic
1075 959 1242 1002 alterum,
1267 970 1415 1002 caseus,
1438 957 1670 992 subiiceretur
1690 957 1767 1003 sine

250 1012 429 1056 epitheto:
471 1020 539 1055 quo
570 1014 775 1043 extenuatur
803 1006 940 1041 oratio:
981 1012 1113 1051 poetae
1138 1005 1258 1051 itaque
1283 1004 1381 1050 prius
1411 1004 1488 1039 sine
1517 1004 1680 1051 epitheto
1704 1016 1768 1039 re-

249 1059 407 1103 linquere
437 1056 572 1098 solent,
612 1055 715 1089 alteri
749 1054 936 1099 epitheton
962 1054 1105 1087 addere.
1139 1052 1285 1099 (Colum.
1313 1053 1400 1095 VII,
1423 1054 1479 1094 δα
1510 1053 1574 1096 „Is
1607 1050 1766 1098 (caseus)

250 1106 281 1140 si
308 1104 404 1138 tenui
430 1103 567 1149 liquore
594 1102 793 1144 conficitur,
839 1113 940 1146 quam
972 1100 1154 1134 celerrime
1179 1099 1383 1134 vendendus
1425 1106 1497 1143 est,
1542 1099 1625 1134 dum
1651 1098 1768 1134 adhuc

249 1151 369 1186 viridis
395 1162 531 1184 succum
557 1150 704 1183 retinet:
747 1148 778 1182 si
804 1147 974 1193 pingui
1004 1153 1041 1181 et
1081 1147 1221 1192 opimo,
1252 1145 1452 1191 longiorem
1477 1146 1611 1192 patitur
1641 1152 1766 1180 custo—-

250 1198 352 1234 diam.
366 1201 387 1217 “
412 1200 474 1245 Sp.
497 1217 542 1222 -
562 1196 697 1241 Copula
715 1204 752 1229 et
775 1202 890 1229 autem
920 1206 993 1228 non
1018 1194 1070 1227 ita
1105 1205 1187 1227 raro
1214 1193 1443 1238 postponitur
1468 1193 1529 1227 uni
1552 1192 1723 1228 vocabulo
1746 1204 1766 1226 a

248 1245 418 1290 Virgili03
443 1244 505 1278 cfr.
531 1245 593 1278 Ge.
613 1245 649 1285 1,
669 1242 753 1280 304.
771 1241 852 1278 402.
876 1244 963 1276 Aen.
982 1243 999 1275 I
1010 1267 1019 1284 ,
1037 1241 1095 1277 35.
1112 1241 1194 1278 333.
1215 1241 1275 1284 III,
1298 1238 1380 1277 430.
1397 1240 1478 1278 668.
1495 1241 1557 1284 IV,
1577 1239 1656 1278 124.
1672 1241 1766 1282 VIII,

247 1294 328 1329 517.
346 1293 410 1332 XI,
429 1292 529 1331 367.;
566 1291 701 1324 duobus
718 1291 798 1333 ΧΠ,
820 1290 912 1331 3815

248 1347 349 1374 raret
370 1339 514 1372 victima
527 1338 687 1371 Parrhas.

245 1445 421 1494 libertas,
445 1450 485 1482 et
503 1442 632 1482 multo
650 1448 744 1496 post
761 1442 859 1482 mihi
879 1443 975 1482 data

246 1509 317 1553 est,
341 1510 578 1555 postquam,
609 1514 661 1540 ex
680 1515 759 1554 quo
780 1508 973 1555 tempore,

246 1575 270 1599 a
290 1561 453 1599 Galatea
471 1559 655 1609 relictus,
693 1559 737 1598 in
755 1558 974 1613 Amarylli-

247 1619 307 1658 djs
320 1648 330 1668 ,
363 1630 576 1657 conservae
610 1615 755 1671 (quam
774 1631 814 1658 v.
835 1620 860 1660 3
882 1632 974 1657 car-

246 1676 352 1717 mine
367 1675 581 1725 recolebat,
612 1681 653 1714 et
674 1689 774 1727 quae
790 1689 973 1715 moerore

248 1748 319 1773 suo
349 1747 400 1772 ex
429 1733 558 1786 Tityri
591 1734 768 1772 absentia
797 1748 974 1773 amorem

249 1806 366 1831 suum
400 1791 598 1844 prodebat
631 1805 709 1831 VSS.
751 1795 806 1834 37
845 1806 928 1844 sqq.
941 1791 971 1847 ),

249 1849 512 1888 contubernio
536 1863 635 1888 sum.
691 1848 880 1888 Amicane
905 1851 974 1889 ina

247 1907 408 1960 proprie
432 1907 549 1956 dicta,
580 1921 630 1946 an
649 1921 748 1959 quae
765 1908 809 1947 in
825 1915 974 1948 contu-

247 1965 388 2003 ber-nio
437 1971 557 2014 esset,
614 1965 795 2005 Romano
842 1980 972 2017 sensu,

249 2022 573 2075 quandoquidem
626 2037 834 2064 servorum
888 2039 973 2065 non

249 2080 474 2132 coniugium
505 2086 612 2131 erat,
654 2082 725 2120 sed
753 2083 973 2122 contuber-

247 2138 380 2188 nium,
429 2152 510 2177 non
546 2139 684 2179 dicam.
733 2141 854 2192 longo
874 2149 972 2192 post

249 2204 439 2247 tempore,
474 2202 523 2239 ut
549 2211 588 2236 v.
609 2200 663 2240 68
687 2198 846 2238 iterum.
906 2199 971 2238 Sic

248 2262 358 2291 tanto
378 2262 472 2304 post
491 2255 558 2294 Ge.
578 2255 648 2304 ΙΠ,
679 2254 774 2298 476.
819 2257 971 2296 Faten-

249 2311 347 2351 dum
363 2317 519 2362 tamen,
555 2313 725 2352 insidere
753 2313 815 2352 his
836 2316 970 2354 nescio

249 2369 347 2420 quid
364 2369 565 2409 invenusti
585 2377 625 2409 et
638 2372 820 2411 incomti:
853 2374 900 2412 cf.
922 2374 970 2413 V.

247 2427 312 2477 L.;
331 2424 490 2480 (ibiiam
509 2429 634 2468 onmis
653 2430 862 2483 scrupulus
881 2431 970 2470 ani-

247 2499 314 2523 mo
338 2490 410 2523 tuo
434 2485 640 2525 eximetur.
677 2490 745 2527 W
740 2486 786 2542 r.)
827 2503 971 2541 quam-

249 2556 369 2594 quam
382 2548 421 2580 et
432 2543 506 2580 alia
516 2544 708 2583 nonnulla
731 2546 773 2584 in
790 2545 869 2585 hoc
882 2547 969 2599 pri-

248 2615 314 2639 mo
329 2600 501 2638 carmine
517 2602 649 2653 paullo
671 2603 841 2642 ieiunius
863 2605 971 2643 dicta

247 2658 377 2697 videri
392 2666 570 2710 possunt.
600 2659 728 2699 Multo
744 2675 840 2700 vero
851 2663 972 2714 magis

247 2716 407 2755 inficeta
426 2714 526 2755 haec
556 2724 670 2767 sunt,
709 2718 741 2756 si
770 2733 861 2757 cum
889 2720 973 2759 aliis

247 2787 319 2828 per
339 2774 505 2812 alteram
525 2775 710 2824 amicam,
751 2775 970 2827 Mantuam,

247 2845 320 2885 per
349 2831 537 2882 alteram,
583 2833 752 2871 Romam
779 2833 972 2874 declarari

247 2889 495 2943 pronunties.

305 2946 373 2990 34.
423 2947 617 2996 Quamvis
644 2947 837 2989 iuvencus
867 2963 972 2989 unus

939 1289 1004 1323 sed
1025 1288 1158 1323 idonea
1184 1299 1262 1322 cum
1291 1287 1527 1322 excusatione.
1555 1287 1652 1332 Wr.)
1702 1300 1765 1321 er—

1032 1448 1074 1481 et
1092 1442 1195 1481 alter
1217 1454 1269 1480 ex
1288 1440 1386 1479 meis
1414 1440 1608 1480 armentis
1632 1439 1765 1480 dedu-

1032 1506 1120 1541 ctus
1138 1499 1388 1539 venderetur
1411 1499 1454 1538 in
1472 1499 1596 1550 urbe,
1628 1505 1699 1538 aut
1717 1512 1764 1538 eo

1032 1558 1347 1612 deportarentur
1373 1571 1396 1596 a
1415 1570 1480 1596 me
1503 1557 1618 1597 casei.
1676 1557 1765 1596 Ha·-

1029 1616 1121 1656 buit
1161 1622 1299 1655 autem
1336 1615 1523 1668 Virgilius
1555 1616 1599 1655 in
1630 1615 1764 1654 animo

1032 1674 1176 1713 Catull.
1190 1675 1282 1724 XX,
1306 1676 1427 1716 10-
1444 1676 1497 1716 13
1518 1671 1585 1728 (al.
1607 1672 1763 1729 CXIV),

1031 1733 1064 1772 si
1100 1732 1263 1784 quidem
1302 1731 1449 1771 Catulli
1487 1745 1651 1771 carmen
1689 1738 1762 1772 est.

1035 1791 1177 1842 Georg.
1206 1789 1280 1839 m,
1311 1788 1397 1832 400
1447 1789 1568 1840 Quod
1580 1798 1763 1843 surgente

1031 1849 1095 1887 dte
1143 1848 1310 1886 mulsere
1358 1846 1542 1901 horisque
1590 1848 1759 1898 diumis,

1030 1907 1157 1946 Nocte
1179 1911 1390 1959 premunt:
1421 1906 1530 1958 quod
1545 1907 1632 1945 iam
1652 1914 1762 1945 tene-

1030 1964 1109 2004 bris
1137 1972 1174 2002 et
1190 1965 1271 2002 sole
1300 1963 1489 2015 cadente,
1532 1963 1614 2003 Sub
1633 1964 1763 2002 lucem

1030 2030 1244 2074 exportans·
1263 2021 1439 2060 calathis
1452 2051 1464 2072 ,
1499 2021 1584 2062 adit
1615 2021 1763 2076 oppida

1022 2088 1181 2133 pastor.
1246 2077 1448 2134 (Frontozr
1499 2079 1762 2130 „Victima

1028 2138 1194 2178 maior
1234 2144 1327 2190 est,
1373 2143 1422 2177 ut
1446 2137 1620 2189 vitulus3
1662 2137 1761 2178 ho-

1027 2197 1133 2236 stia
1160 2196 1350 2247 minor3
1373 2202 1424 2235 ut
1443 2196 1758 2249 agnus.“Sp.›—-

1026 2256 1232 2307 Leguntur
1265 2253 1367 2293 haec
1404 2254 1514 2308 apud
1541 2253 1697 2303 Front„
1717 2254 1760 2294 in

1027 2312 1231 2352 Different.
1259 2312 1500 2352 Vocabulor.
1536 2314 1608 2354 W
1600 2310 1650 2367 r.)
1691 2313 1759 2355 35.

1027 2373 1226 2423 ingratae,
1247 2370 1359 2422 quod
1375 2370 1477 2411 nihil
1495 2370 1591 2410 inde
1606 2370 1760 2423 argenti

1026 2430 1221 2478 referret,
1248 2442 1288 2468 v.
1317 2442 1397 2481 seq.
1420 2429 1677 2469 Burmannus
1692 2427 1760 2468 ni-

1027 2487 1102 2526 mis
1133 2493 1273 2539 argute
1311 2486 1495 2540 exponit:
1553 2489 1759 2526 Mantuae

1027 2547 1114 2583 iam
1143 2559 1224 2583 non
1242 2554 1388 2597 gratae
1401 2575 1412 2595 ,
1439 2553 1660 2597 postquam
1688 2558 1758 2583 oc-

1028 2611 1181 2654 cupata
1199 2617 1226 2641 a
1246 2604 1441 2642 veteranis
1458 2632 1470 2652 ,
1512 2605 1626 2642 novis
1647 2602 1758 2641 colo-

1027 2663 1104 2699 nis.
1167 2660 1366 2703 Martinus
1397 2674 1474 2713 pro
1508 2660 1664 2713 infelzbi
1688 2673 1758 2699 ac-

1030 2719 1212 2773 cipiebat.
1251 2716 1475 2772 (ingratam
1491 2718 1642 2759 comica
1665 2731 1757 2758 mo-

1026 2777 1194 2819 rositate
1212 2776 1323 2816 dicit:
1353 2791 1437 2818 non
1453 2782 1617 2816 tantum
1631 2775 1757 2826 dedit,

1029 2841 1225 2886 quantum
1268 2834 1367 2874 mihi
1419 2835 1655 2884 videbatur,
1715 2839 1758 2876 et

1029 2899 1181 2944 quanto
1225 2907 1325 2947 opus
1357 2898 1446 2932 erat
1477 2892 1531 2931 ad
1565 2898 1757 2937 ornatum

1030 2951 1227 2990 Galateae.
1259 2951 1329 3003 Sp.
1375 2950 1492 2990 Hanc
1517 2950 1756 3004 explicatio-
