1734 3320
265 186 758 280 GEQRQJCQN
779 174 932 247 mn.
966 197 1034 259 Π,
1076 202 1364 251 196—211
1473 204 1577 254 429

11 372 21 375 ,
36 327 119 376 <Et
138 324 223 375 cui
236 333 396 393 putre
416 322 611 388 solum,
648 328 909 390 (namque
925 321 1034 377 hoc
1054 323 1328 374 imitamur
1347 327 1575 392 arando)

4 433 7 435 -
54 389 627 463 Optumaefrumentis:
663 389 777 442 non
794 391 908 443 ullo
927 409 990 442 ex
1008 409 1247 459 aequore
1266 410 1456 445 cernes
1472 400 1576 450 205

0 513 4 518 .
51 465 210 515 Plura
235 463 470 518 domum
485 462 648 513 tardis
673 462 942 514 decedere
973 461 1206 529 plaustra
1224 463 1487 517 iuvencis:

51 531 183 598 Aut,
217 533 366 592 unde
388 534 549 585 iratus
569 533 759 583 silvam
783 532 991 582 devexit
1011 541 1202 596 arator,

49 606 119 654 Et
137 606 372 654 nemora
385 604 575 653 evertit
595 602 796 653 multos
821 604 1005 668 ignava
1022 619 1122 669 per
1141 619 1327 665 annm,

49 671 417 742 Antiquasque
441 673 638 724 domos
659 674 836 723 avium
867 689 990 722 cum
1008 673 1260 739 stirpibus
1278 672 1400 722 imis

20 764 22 766 ’
50 744 224 795 Emit:
261 743 381 794 illae
404 742 569 794 altum
599 743 739 793 nidis
756 736 963 812 petiere
982 742 1209 804 relictis;

1470 749 1574 796 210

49 817 119 864 At
134 812 283 869 rudis
307 814 498 864 enituit
518 813 734 881 inpulso
762 830 986 864 vomere
1006 829 1237 880 campus,

56 944 58 947 -
98 902 236 963 ⁹204.
273 922 453 958 501.οΜ
489 912 559 972 (Ν.

631 912 891 972 Ammo),
941 908 946 911 ’

95 1023 167 1060 204
207 1027 259 1059 Ut
282 1026 343 1059 cui
368 1026 466 1069 Serv.
496 1032 532 1058 et
559 1025 759 1071 Philargyr.
787 1025 832 1059 ad
862 1024 947 1060 263.
989 1023 1049 1057 hic
1072 1023 1196 1068 fragm.
1212 1023 1344 1056 Moret.
1375 1025 1573 1058 imitantur

47 1073 189 1117 Menag.
219 1084 275 1117 pr.
302 1070 471 1105 Rottend.
498 1078 536 1105 et
565 1073 696 1106 Moret.
723 1085 777 1118 pr.
803 1085 823 1105 a
850 1084 897 1105 m.
923 1081 978 1116 pr.
1020 1072 1189 1104 imitatur
1208 1070 1337 1104 Medic.
1355 1083 1375 1103 a
1393 1083 1439 1104 m.
1459 1082 1514 1115 pr.
1536 1076 1574 1103 et

48 1120 156 1153 Voss.
195 1121 247 1153 Io.
282 1118 471 1158 Schrader.
507 1120 687 1152 tentabat:
730 1120 917 1153 rimamur.

1019 1118 1089 1153 205
1124 1130 1198 1151 non
1231 1118 1339 1152 nullo
1370 1116 1570 1161 cantabrig.

48 1166 120 1202 ωδ
143 1165 334 1200 discedere
347 1166 472 1210 fragm.
489 1167 619 1200 Moret.
652 1166 875 1200 descendere
894 1177 980 1198 unus
999 1165 1116 1198 Mead.
1197 1165 1268 1200 207
1292 1165 1423 1198 deiecit
1442 1163 1572 1198 Medic.

47 1211 172 1253 Pierii3
207 1212 272 1247 sed
288 1212 441 1247 ocean-it
458 1224 500 1246 ea
517 1225 559 1246 va
581 1213 666 1247 'atio
694 1213 844 1259 saepius.
879 1212 973 1246 conf.
991 1212 1177 1245 Burmann.

1259 1211 1330 1246 208
1353 1213 1492 1246 avertit
1514 1211 1571 1244 ed.

47 1260 200 1305 Mediol,
215 1259 288 1293 vid.
306 1261 438 1304 Georg.
457 1261 485 1301 Ι,
509 1260 555 1296 25
582 1286 590 1294 .
681 1262 752 1296 209
773 1261 906 1294 domus
922 1260 1014 1293 ven.
1041 1260 1159 1304 (atque
1176 1257 1268 1306 banc
1283 1259 1430 1292 formam
1446 1259 1484 1291 in
1504 1270 1570 1291 ve·

47 1302 204 1347 terrim&
229 1306 439 1343 membranis
465 1307 560 1341 Non.
586 1308 717 1349 Marc.,
742 1308 834 1340 hunc
861 1319 912 1340 vs.
940 1305 1140 1344 laudantis,
1175 1317 1214 1338 se
1242 1305 1420 1352 reperisse
1445 1304 1572 1340 scribit

48 1354 146 1389 Gort.
159 1353 211 1396 ml
226 1353 358 1388 Lucan.
374 1354 468 1395 VIII,
492 1355 574 1390 216.
621 1354 693 1388 Sed
710 1354 780 1388 vid.
801 1355 845 1388 V.
866 1354 906 1386 L.
925 1353 990 1388 Ge.
1009 1354 1037 1395 1,
1063 1354 1141 1388 182.
1172 1353 1268 1396 Wr.)
1339 1354 1411 1388 210
1435 1354 1571 1387 almum

46 1403 139 1436 ven.
180 1402 348 1456 petinere
373 1400 517 1446 Regius.

608 1402 676 1437 211
702 1404 783 1436 Aut
803 1400 932 1434 Medic.
960 1413 980 1434 a
999 1413 1044 1433 m.
1074 1412 1128 1444 pr.
1157 1400 1286 1433 Moret-
1314 1411 1383 1433 sec.
1406 1407 1444 1433 et
1462 1401 1569 1433 Voss.

48 1461 124 1483 cum
142 1450 257 1496 Regio
277 1447 433 1482 Martini.
482 1451 531 1481 Et
551 1449 697 1482 Mentel.
717 1455 801 1482 tert.
820 1460 896 1482 cum
919 1459 987 1480 uno
1008 1447 1125 1480 Mead.
1172 1448 1218 1480 Et
1235 1454 1336 1489 sunt,
1361 1447 1421 1492 qui
1441 1447 1486 1480 ad
1507 1459 1569 1480 se—

27 1493 34 1499 ”
47 1496 192 1547 quentia
204 1496 379 1537 referant5
403 1496 505 1530 male.
529 1496 708 1542 impresso
727 1495 782 1529 ed.
802 1494 962 1538 Mediol„
987 1506 1029 1528 ex
1046 1494 1125 1528 aliis
1143 1493 1236 1527 forte
1254 1493 1357 1537 locis,
1381 1502 1417 1528 ut
1438 1507 1469 1528 v.
1486 1494 1568 1530 203.

46 1594 140 1642 iris,
168 1590 211 1632 h.
230 1591 407 1631 resoluta
420 1622 431 1642 ,
460 1597 622 1641 tenera,
653 1591 780 1630 adeo-

47 1664 126 1702 que
146 1650 296 1689 solibus
314 1655 357 1689 et
373 1649 570 1688 imbribus
586 1656 780 1702 penetra-

45 1709 136 1748 bilis
167 1705 267 1762 (vid.
289 1708 360 1747 Ge.
376 1709 408 1758 Ι,
431 1707 488 1749 44
518 1704 560 1746 et‘
589 1708 660 1747 inf.
679 1710 778 1750 262.

45 1769 153 1817 2633
190 1769 246 1820 γῆ
271 1764 405 1820 μανή,
446 1763 610 1819 κούφη,
638 1763 778 1818 λεπτή,

48 1822 244 1881 εὔυδρος,
271 1820 500 1874 εὖδίοδος),
526 1837 667 1876 agrum
688 1824 779 1864 fru-

44 1882 192 1922 menn‘s
226 1882 404 1923 serendis
436 1882 627 1920 idoneum
655 1894 779 1935 prae-

43 1941 126 1980 bet.
165 1939 371 1980 Arationis
389 1940 599 1980 consilium
620 1947 681 1979 est
699 1939 779 1978 hoc

45 1999 200 2052 ipsum,
229 2006 299 2049 ut,
327 2013 430 2051 quae
446 2005 558 2037 terra
579 1998 670 2036 talis
693 2012 778 2036 non

46 2059 120 2107 sit,
146 2057 267 2110 glebis
288 2058 426 2096 fractis
453 2070 500 2094 ac
519 2057 778 2095 comminutis

43 2115 158 2168 putri
177 2115 313 2153 similis
340 2116 549 2154 efficiatur.
577 2115 681 2153 conf.
701 2114 777 2152 loc.

46 2173 288 2212 Columellae
319 2172 378 2222 V,
398 2172 446 2223 4,
467 2175 506 2214 2.
538 2178 580 2210 et
601 2172 776 2210 Dickson

44 2241 84 2284 p.
108 2231 191 2273 148
209 2245 266 2283 sq.
319 2231 433 2269 Idem
451 2230 607 2269 Colum.
628 2230 776 2268 diserte

43 2288 86 2327 h.
106 2289 133 2328 l.
153 2289 445 2342 interpretatus
464 2294 525 2326 est
540 2288 594 2337 X,
613 2291 640 2330 7
670 2290 777 2326 Pin-

41 2348 142 2399 guis
161 2362 287 2400 ager,
312 2356 453 2399 putres
471 2346 636 2398 gleba-5,
666 2360 776 2384 reso—

45 2406 212 2458 lutaque
231 2406 347 2457 &erga
375 2406 458 2456 Qui
470 2406 577 2456 gerit
590 2435 602 2453 ‚
636 2413 673 2442 et
673 2404 775 2455 sos-

43 2477 113 2501 sus
154 2464 349 2515 grac-deis
383 2465 564 2501 imitatur
610 2476 771 2500 arenas.

42 2520 196 2560 Locum
235 2528 330 2560 ante
358 2521 495 2559 oculos
522 2519 700 2559 habuere
732 2520 777 2558 in

0 2596 1 2633 3
42 2578 189 2618 iisdem*
204 2580 430 2632 praeceptis
450 2578 670 2617 condendis
696 2578 777 2617 Co-

0 2654 1 2657 *
42 2636 141 2676 lum.
162 2637 210 2687 ΙΙ,
232 2641 272 2688 2,
294 2638 342 2688 4,
370 2644 410 2676 et
434 2637 483 2675 de
502 2637 616 2689 nigro
642 2637 776 2675 colore

44 2692 87 2746 §2
103 2694 155 2736 14
172 2709 255 2748 sqq.
274 2696 373 2734 Plin.
391 2696 517 2746 XVII,
528 2694 568 2745 4,
580 2710 609 2734 s.
624 2698 662 2736 3.
683 2695 771 2734 Pal-

42 2750 125 2791 lad.
136 2753 204 2791 lib.
214 2754 245 2803 Ι,
256 2753 322 2792 tit.
335 2754 374 2796 5.
405 2754 532 2792 laniis
550 2760 590 2791 et
603 2760 775 2792 naturae

44 2810 170 2849 boum
185 2817 225 2848 et
243 2811 373 2849 oneris
390 2812 617 2861 notionem,
649 2812 775 2850 adeo-

44 2881 122 2919 que
146 2868 331 2920 plaustri,
352 2883 432 2920 quo
452 2870 701 2908 frumentum
722 2883 774 2908 ex

44 2939 140 2978 agro
170 2925 409 2976 devehitur,
454 2928 774 2979 magnitudinem

43 2984 234 3036 suggerit.
293 2986 553 3026 207-211.Ι
587 2985 772 3025 Alterum

836 1603 961 1643 genus
992 1590 1075 1643 agri
1098 1589 1338 1630 fiumentoai
1358 1586 1422 1628 est'
1437 1603 1570 1628 nova-

834 1649 884 1687 lis
897 1679 908 1699 ,
935 1662 1050 1687 caesa
1068 1654 1206 1688 vetere
1225 1649 1344 1687 silva:
1375 1650 1461 1690 207
1482 1661 1567 1699 sqq.

836 1708 886 1746 cf.
917 1707 1073 1746 Colum.
1100 1706 1126 1745 l.
1143 1720 1176 1745 c.
1204 1707 1253 1756 Π,
1274 1709 1315 1756 2,
1338 1709 1404 1748 11.
1463 1705 1569 1744 Ver-

835 1778 955 1804 suum
972 1764 1291 1817 pulcritudinem
1310 1763 1377 1804 vel
1398 1776 1463 1801 me
1483 1778 1567 1802 non

834 1829 1027 1862 monente
1057 1823 1192 1861 sentis.
1222 1825 1350 1862 iratus
1376 1822 1567 1871 suaviter,

836 1881 949 1932 quod
976 1881 1101 1920 silvae
1132 1881 1294 1920 inutiles
1320 1881 1476 1919 boumn
1499 1894 1567 1918 so-

835 1939 921 1979 lum
947 1938 1212 1992 occupabant.
1251 1939 1410 1979 devexit
1437 1938 1568 1991 poeti-

836 2011 880 2036 ce
890 2013 901 2048 3
941 1998 1099 2050 vulgari
1140 1998 1301 2036 ratione
1336 1996 1402 2046 id,
1455 1997 1567 2048 quod

836 2056 1062 2105 antecedit,
1109 2062 1353 2108 poneretur,
1401 2055 1565 2106 excidit,

836 2114 1089 2165 exstirpavit.
1133 2114 1182 2152 cf.
1211 2127 1252 2152 v.
1279 2113 1376 2155 408.
1436 2112 1502 2151 Ad
1524 2127 1565 2152 v.

834 2174 920 2213 209
951 2185 1088 2210 omnes
1116 2170 1290 2210 laudant
1316 2171 1453 2210 locum
1479 2171 1565 2210 Lu-

835 2235 934 2268 eret.
954 2229 994 2278 Ι,
1025 2232 1078 2271 19
1117 2229 1459 2281 fflndfi’msque
1488 2229 1565 2267 do-

834 2302 920 2325 mos
940 2289 1095 2325 avium.
1130 2286 1186 2327 At
1205 2288 1338 2340 ipsum
1351 2287 1563 2338 Virgilium

831 2346 1006 2399 pressius
1028 2346 1211 2397 sequitur
1222 2345 1410 2385 Manilius
1436 2345 1467 2395 Ι,
1480 2346 1564 2387 774

832 2407 1005 2454 -7775
1034 2403 1179 2443 habuit
1198 2405 1319 2443 etiam
1350 2410 1444 2442 ante
1463 2418 1564 2442 ocu-

832 2462 893 2500 los
920 2462 1038 2500 Silius
1066 2462 1123 2512 V,
1141 2463 1399 2506 505—508.
1458 2462 1565 2501 Tum

834 2520 1035 2559 subiectus
1054 2526 1114 2558 est
1134 2523 1216 2563 211
1240 2534 1382 2559 versus
1400 2521 1564 2572 pulcer—

832 2578 971 2617 rimus.
1015 2579 1175 2629 inpulso
1193 2593 1371 2628 vomere,
1402 2578 1561 2628 adacto,

832 2642 882 2674 ut
919 2650 960 2675 v.
988 2639 1072 2678 203
1106 2652 1278 2688 presso,
1323 2637 1361 2686 Ι,
1395 2635 1451 2679 45
1490 2637 1563 2675 de-

826 2709 967 2746 presso
1007 2703 1156 2733 aratra.
1214 2695 1327 2734 rudis
1364 2709 1533 2746 campus
1548 2724 1557 2742 ,

832 2766 943 2791 nunc
973 2753 1149 2805 primum
1178 2754 1409 2806 proscissus.
1446 2753 1561 2790 rudi-

832 2811 904 2848 bus
924 2826 1006 2863 qua
1023 2813 1155 2852 luceat
1174 2812 1301 2850 orbita
1315 2811 1438 2848 sule-129
1458 2810 1562 2848 dixit

830 2869 1052 2908 Nemesian.
1082 2870 1229 2922 Cyneg.
1253 2868 1317 2910 14.
1377 2868 1465 2905 Alia
1485 2867 1561 2904 da-

830 2927 891 2966 bit
909 2928 1130 2966 Burmann.
1150 2930 1290 2965 enituit
1305 2932 1451 2975 autem,
1472 2925 1560 2962 eni-

829 2991 967 3035 tescit,
997 2999 1140 3037 magna
1171 2998 1262 3023 cum
1280 2983 1343 3023 vi:
1374 2989 1434 3021 est
1452 2982 1559 3020 enim
