1734 3320
267 205 759 267 GEORGTCON
793 215 937 265 LIB.
971 215 1073 278 111,
1115 221 1340 270 18—22

1464 221 1568 270 505

0 325 13 332 γ’
36 344 187 410 Ipse,
225 350 383 409 caput
402 350 591 392 tonsae
610 338 755 391 foliis
778 349 997 391 ornatus
1022 340 1215 406 olivae,

35 415 194 464 Dona
220 410 408 464 feram.
479 414 595 462 Iam
626 427 773 461 nunc
800 410 1079 461 sollemnis
1115 410 1315 461 ducere
1339 428 1568 480 pompas

83 521 133 558 22
154 520 338 556 deducere
352 521 447 557 Ven.
470 519 564 555 alter
588 520 732 566 Menag.
766 520 823 554 ed.
839 521 932 554 Iunt.

36 616 193 656 Probus
221 615 275 656 ad
296 615 340 656 h.
360 615 388 656 l.
412 616 561 655 cmdus
581 621 727 667 cestus,
754 630 776 655 e

38 675 149 715 corio
168 674 312 714 crudo.

94 735 166 775 21.
183 735 254 776 22.
284 732 382 782 13111,
410 731 523 784 quod
546 731 600 771 ad
618 745 661 771 se
680 745 777 785 per-

35 790 189 842 tineat,
220 803 262 829 se
268 790 384 843 serre
407 791 512 829 velle
530 791 652 840 dona,
669 790 712 830 11.
735 804 776 830 50

36 848 233 889 sacrificia
273 848 327 888 ad
372 849 572 902 templum
613 846 777 903 (paullo

37 914 152 962 post,
191 907 253 945 ad
290 906 496 961 delubra),
536 920 619 945 esse
642 908 777 947 sactu-

36 980 133 1006 rum
163 965 284 1014 dicit,
327 964 458 1018 capite
485 979 636 1004 corona
667 966 778 1005 olea-

36 1024 131 1079 gina
178 1023 380 1063 redimito.
427 1031 588 1062 tonsam
624 1024 779 1063 olivam

38 1081 239 1136 appellat,
279 1094 383 1134 quae
414 1086 456 1119 et
484 1080 585 1121 Aen.
612 1081 661 1132 V,
690 1081 776 1124 774

38 1147 83 1180 et
116 1140 203 1184 556
243 1147 361 1178 tonsa
397 1153 545 1178 corona
584 1140 776 1190 occurrit,

39 1205 247 1238 attonsam
264 1197 387 1250 vulgo
412 1210 495 1236 esse
515 1197 674 1248 volunt,
704 1212 776 1237 or-

38 1263 162 1296 natus
182 1268 343 1306 caussa5
371 1255 508 1294 malim
526 1255 659 1295 dicere
679 1256 778 1295 sim-

37 1314 199 1369 pliciter
220 1344 232 1364 ,
276 1313 372 1366 quia
420 1313 635 1366 decerptae
679 1320 779 1353 sunt

37 1372 204 1414 frondes
223 1385 277 1410 ex
295 1371 453 1411 arbore.
511 1372 651 1424 Neque
666 1372 779 1412 aliud

39 1437 103 1471 est
113 1430 387 1470 Horatianum
405 1430 529 1469 illud:
550 1431 780 1483 decerptam

26 1490 167 1543 fronti
189 1503 443 1541 praeponere
476 1489 645 1527 olivam.
714 1489 779 1527 Ex

40 1548 176 1588 edicto
194 1553 332 1586 tamen
352 1552 424 1585 aut
443 1547 517 1586 sub
528 1547 680 1586 ferulae
697 1547 778 1585 mi-

39 1607 103 1646 nis
154 1605 314 1644 edicere
374 1604 591 1657 quiequam
637 1605 777 1644 nolim.

42 1663 222 1719 (Duplex
249 1669 311 1702 est
337 1662 448 1716 apud
476 1663 686 1716 Virgilium
705 1677 778 1703 co-

33 1734 239 1762 ·ronarum
275 1721 548 1773 oleaginarum
575 1735 692 1761 usus:
733 1722 778 1760 in

41 1780 308 1820 certaminum
329 1779 554 1820 victoribus
572 1779 779 1831 ornandis,

42 1845 84 1878 et
98 1839 150 1878 in-
164 1838 287 1877 sacris
299 1837 505 1878 faciendis.
533 1839 652 1878 Felix
671 1838 779 1877 enim

39 1898 85 1937 in
109 1896 252 1950 primis
274 1895 505 1935 habebatur
530 1896 630 1936 haec
655 1896 779 1936 arbor

41 1962 83 1995 et
99 1955 300 2009 pacifera:
328 1954 428 1994 Aen.
450 1955 517 2005 VI,
534 1958 652 1998 230.:
681 1969 779 2005 „ra-

39 2028 132 2053 mus
151 2013 331 2052 felicis
362 2013 531 2053 olivae.“
559 2013 645 2063 VII,
669 2014 779 2056 750.:

42 2071 220 2124 „felici
258 2077 414 2110 comtus
444 2072 599 2110 oliva.“
638 2071 709 2110 Ge.
729 2071 778 2122 Π,

42 2130 163 2173 425.;
196 2129 481 2181 „placitam
499 2129 621 2168 Paci
642 2129 779 2168 nutri-

41 2194 111 2227 tor
144 2187 343 2227 olivam.“
387 2189 488 2226 Aen.
519 2187 630 2237 VIII,
663 2190 779 2229 116.:

43 2246 346 2299 „paciferae
367 2259 528 2284 ramum
547 2245 781 2299 praetendit

44 2305 220 2343 olivae.“
278 2303 331 2342 Et
366 2304 544 2343 victores
577 2317 782 2342 coronan-

42 2369 115 2402 tur
147 2362 235 2401 olea
264 2360 365 2401 Aen.
393 2362 456 2412 V,
493 2365 608 2404 309.:
649 2363 782 2412 „Tres

42 2420 223 2474 praemia
238 2420 360 2472 primi
369 2419 579 2474 Accipient
594 2419 782 2472 flavaque

43 2485 169 2532 caput
218 2485 436 2518 nectentur
476 2479 595 2518 oliva.
609 2480 634 2500 “
682 2479 781 2518 ibid.

44 2536 162 2579 493.:
203 2536 470 2586 „Mnestheus
501 2537 636 2576 victor
665 2538 783 2576 evin-

46 2601 137 2634 ctus
157 2595 304 2634 oliva.“
364 2595 474 2644 Quia
504 2601 640 2634 autem
668 2596 782 2648 paci-

44 2653 155 2702 sera,
186 2659 282 2705 apta
300 2659 362 2691 est
394 2654 535 2692 eadem
567 2653 621 2691 ad
641 2668 783 2707 pacem

45 2711 175 2750 Deum
203 2712 516 2764 exposcendam3
547 2726 682 2763 ,quare
710 2727 783 2751 co-

45 2783 150 2808 rona
168 2769 346 2820 oleagina
363 2770 633 2809 sacrificantes
652 2771 783 2810 vincti

45 2826 146 2865 Aen.
166 2827 215 2875 V,
236 2826 353 2868 774.:
392 2829 507 2881 „Ipse
534 2835 658 2881 caput
684 2836 783 2867 ton—

47 2899 113 2924 sae
133 2884 239 2922 soliis
258 2885 442 2924 evinctus
461 2887 782 2939 olivae—pate-

46 2957 136 2982 ram
157 2948 273 2980 tenet
300 2949 475 2993 extaque
499 2945 622 2982 salsos
640 2946 782 2984 Porri-

47 3001 104 3041 cit
123 3001 167 3039 111
183 2998 374 3040 fluctus.“
404 3001 552 3041 Tibull.
570 3002 620 3052 Π,
640 3005 679 3054 1,
694 3004 781 3046 15.;

834 617 1023 668 „Cernite
1059 616 1258 670 fulgentes
1283 622 1334 656 ut
1362 622 1428 655 eat
1455 630 1570 656 sacer

835 690 960 728 agnus
991 675 1045 714 ad
1090 689 1180 715 aras
1215 676 1439 727 Vinctaque
1474 682 1571 728 post

836 734 924 773 olea
949 734 1121 774 candida
1138 734 1262 773 turba
1280 735 1454 772 comaS.“
1484 733 1568 773 Va-

832 793 905 832 ler.
929 793 1061 832 Flacc.
1084 792 1152 842 111,
1185 791 1300 834 424.:
1341 792 1570 844 „Tempora

834 857 927 890 tum
962 851 1080 890 vittis
1122 856 1165 889 et
1205 850 1385 904 supplice
1434 856 1568 889 castus

837 909 945 948 oliva
984 909 1218 962 Implicat.“
1243 904 1302 947 ‘et
1338 907 1568 947 sacerdotes

834 967 934 1006 Aen.
967 967 1066 1017 VII,
1093 969 1212 1009 417.:
1251 966 1425 1017 „induit
1456 966 1568 1005 albos

836 1026 938 1064 Cum
966 1026 1073 1065 vitta
1100 1025 1251 1075 crines;
1290 1030 1383 1063 tum
1408 1038 1568 1063 ramum

833 1084 1006 1123 innectit
1032 1084 1180 1122 olivae:
1225 1083 1292 1121 Fit
1320 1082 1468 1135 Calybe
1496 1082 1569 1122 Iu-

833 1142 951 1181 nonis
970 1156 1070 1181 anus
1090 1141 1307 1193 templique
1334 1141 1534 1180 sacerdos.
1542 1143 1568 1164 “

832 1200 899 1250 VI,
921 1202 1017 1243 809.
1031 1200 1081 1238 de
1096 1199 1246 1238 Numa:
1277 1199 1407 1249 „Quis
1423 1199 1568 1252 procul

834 1258 902 1297 ille
931 1264 1068 1297 autem
1093 1258 1216 1297 ramis
1243 1257 1406 1309 insignis
1436 1258 1568 1296 olivae

835 1318 959 1355 Sacra
973 1317 1145 1355 ferens.“
1174 1315 1245 1354 ubi
1260 1315 1345 1354 vid.
1359 1317 1471 1355 Serv.
1483 1315 1568 1366 VII,

837 1376 952 1418 75o.:
991 1374 1131 1425 „Quin
1156 1379 1197 1412 et
1224 1373 1433 1412 Marrubia
1453 1374 1569 1414 venit

837 1433 887 1472 de
906 1440 1023 1485 gente
1038 1432 1238 1483 sacerdos,
1261 1432 1426 1470 Fronde
1444 1445 1568 1485 super

835 1490 990 1543 galeam
1020 1497 1062 1530 et
1090 1490 1196 1530 felici
1222 1496 1380 1529 comtus
1408 1490 1528 1530 oliva.
1542 1493 1568 1513 “

836 1550 937 1588 Ciris
953 1563 1013 1589 VS.
1036 1548 1145 1591 147.:
1174 1548 1390 1599 „sacerdos
1406 1549 1569 1588 Pallen-

833 1608 888 1647 tis
907 1607 1011 1647 soliis
1024 1613 1149 1660 caput
1166 1612 1387 1646 exornarat
1398 1607 1570 1646 olivae.“

833 1666 920 1705 Iam
949 1671 1138 1719 apparet,
1187 1665 1409 1718 oleaginam
1448 1679 1569 1705 coro-

836 1738 931 1763 nam
948 1724 1024 1763 sibi
1047 1729 1097 1763 ut
1113 1723 1392 1762 sacrificatum
1411 1736 1569 1763 sumere

833 1782 1059 1835 Virgilium.
1087 1780 1311 1834 Argutatur
1326 1781 1451 1834 igitur
1464 1782 1570 1821 Vos-

835 1841 929 1891 sius,
959 1852 1086 1893 quum
1099 1839 1256 1879 scribit:
1284 1839 1457 1892 Augusti
1474 1854 1570 1893 gra-

834 1899 893 1938 tia
930 1905 1092 1952 poetam
1129 1911 1282 1938 corona
1318 1897 1498 1951 oleagina
1526 1911 1570 1937 se

834 1957 938 1997 velle
954 1957 1157 2007 redimire,
1187 1955 1300 2008 quod
1312 1956 1399 1995 olea
1411 1956 1570 2009 signum

837 2016 889 2054 sit
907 2016 1016 2068 pacis
1036 2022 1077 2054 et
1106 2015 1337 2054 fertilitatis,
1397 2015 1569 2054 Tonsa

837 2080 975 2113 autem
998 2074 1151 2112 oliva
1180 2087 1268 2112 non
1314 2085 1362 2110 ea
1407 2074 1568 2112 ratione

835 2132 1008 2182 dicitur,
1066 2135 1151 2183 qua‘
1193 2130 1379 2183 Heynius
1424 2131 1569 2170 existi-

836 2196 947 2240 mat3
992 2189 1049 2228 sic
1076 2189 1181 2228 enim
1211 2202 1297 2228 non
1315 2188 1568 2241 intelligitur,

838 2262 912 2287 cur
926 2261 1011 2286 non
1029 2248 1195 2299 quaevis
1211 2260 1384 2295 coronae
1403 2247 1454 2285 de
1472 2261 1571 2299 qua.

837 2307 901 2345 vis
927 2306 1072 2344 arbore
1096 2306 1248 2359 petitae
1275 2306 1335 2344 ita
1358 2311 1568 2344 vocentur.

837 2365 942 2403 Male
964 2363 1195 2403 Paschalius
1220 2363 1271 2402 (le
1292 2364 1460 2403 Coronis
1485 2363 1569 2403 VII.

841 2426 951 2464 c.2.:
982 2423 1215 2473 „Corona
1243 2427 1397 2460 tonsa
1426 2427 1486 2460 est
1509 2422 1571 2460 le-

840 2487 906 2520 cta
931 2494 952 2519 e
976 2481 1126 2534 pratis,
1163 2480 1248 2519 sive
1266 2478 1420 2530 hortis,
1450 2480 1572 2519 fami-

838 2539 931 2578 liari
974 2539 1125 2578 nostris
1172 2539 1379 2578 locutione
1414 2538 1571 2576 tondere

831 2605 984 2649 prala,
1026 2597 1172 2635 herbas
1190 2627 1201 2646 ,
1247 2597 1402 2646 violas,
1453 2603 1494 2635 et
1515 2596 1572 2634 si-

822 2656 988 2694 'minas‘
1017 2655 1185 2708 Proprie
1205 2654 1285 2693 dici
1301 2661 1473 2703 tonsam,
1490 2654 1517 2692 i.
1536 2667 1570 2692 e.

841 2714 954 2752 cuius
976 2713 1083 2763 solia,
1114 2719 1164 2751 ut
1180 2726 1320 2765 parem
1342 2713 1477 2751 omnia
1493 2711 1572 2749 113-

839 2773 984 2810 berent
1025 2771 1320 2824 longitudinem
1338 2801 1350 2821 ,
1411 2776 1572 2808 attonsa

838 2830 1003 2879 suerint,
1025 2829 1238 2868 contendit
1256 2829 1432 2867 Vossius.
1475 2829 1571 2865 Ser—

836 2889 929 2927 vius
948 2887 990 2926 11.
1010 2888 1036 2926 l.
1058 2889 1376 2940 interpretatur:
1405 2886 1571 2934 „minu-

837 2946 891 2984 tis
910 2946 1015 2985 soliis
1035 2946 1318 2998 compositae.“
1344 2949 1386 2980 et
1404 2942 1503 2981 Aen.
1522 2942 1571 2992 V,

837 3002 956 3046 774.:
989 3010 1198 3054 „comtae‚
1229 3001 1397 3041 minutis
1414 3000 1571 3040 soliis.“
