1768 3320
352 183 844 238 oEonelcoN
880 183 1021 234 LIB.
1050 183 1101 247 1,
1137 185 1362 236 54—59
1517 186 1620 252 295

91 318 160 366 At
183 313 446 379 Chalybes
466 311 600 365 nudi
618 309 853 375 ferrum,
889 310 1172 377 virosaque
1192 313 1398 361 Pontus

22 451 23 454 Ἴ
94 387 368 450 Castorea,
404 381 655 434 Eliadum
673 379 878 449 palmas
896 380 1091 447 Epiros
1112 396 1374 448 equarum
1388 387 1411 432 ?

162 469 243 519 58.
278 468 524 527 FERRUM3
597 465 679 517 59.
718 464 1031 525 CASTOREA3

90 571 178 606 sime
212 570 251 604 iu
286 571 434 604 Marone
471 569 665 604 notandum
706 575 888 603 occurret:
936 570 1001 603 Est
1035 566 1209 602 orationis
1250 567 1427 613 pedestris
1464 567 1619 613 exquisi—

90 618 164 653 tior
187 618 280 653 ratio
308 617 346 651 in
373 616 515 659 multis,
549 623 587 650 ut
610 615 850 650 subiunctivus
879 622 1052 661 ponatur:
1087 615 1137 649 ita
1159 615 1195 650 h.
1212 615 1236 648 l.
1263 616 1399 649 Nonne
1426 615 1551 657 vides,
1580 624 1622 648 ut

89 667 226 701 mittat.
272 667 319 700 At
345 672 455 710 poeta
479 664 550 698 hoc
577 662 657 709 ipso
685 676 705 698 a
733 662 871 708 vulgari
895 662 1050 705 recedit,
1086 663 1168 696 dum
1194 661 1447 696 subiunctivum
1476 661 1621 707 respuit.

90 711 212 748 Critici
229 712 308 746 fere
325 711 364 745 in
381 711 437 746 his
453 711 598 753 ludunt,
633 717 670 744 et
687 710 836 745 alterum
849 737 858 753 ,
893 711 988 756 quod
1011 709 1179 755 scriptum
1197 709 1381 755 reperiunt
1392 736 1401 752 ,
1433 716 1566 743 mutant
1585 709 1620 742 in

90 760 262 796 alterum·
253 783 262 801 ,
287 758 386 794 nulla
405 766 501 794 certa
521 757 680 799 ratione,
708 757 772 792 sed
786 764 923 792 tantum
942 764 981 791 ut
1002 757 1182 802 ingenium
1199 763 1391 791 ostentent.
1441 757 1516 801 (Est
1536 768 1621 790 sane

90 814 188 842 certa
208 806 270 841 hic
289 805 402 840 ratio:
435 805 648 841 Indicativus
666 804 879 860 requiritur,
912 805 974 838 ubi
990 816 1061 838 non
1080 804 1227 850 proprie
1247 811 1284 837 et
1309 816 1387 837 cum
1408 803 1524 850 aliqua
1552 804 1622 837 du-

89 853 266 890 bitatione
285 853 561 899 interrogamus,
588 853 672 895 sed,
696 853 809 899 magis
826 851 969 897 vigente
986 852 1156 886 duntaxat
1175 851 1346 885 orationis
1365 863 1494 896 genere
1514 857 1622 884 uten-

89 908 166 945 tes,
200 901 411 947 simpliciter
438 900 679 944 declaramus,
713 911 789 934 rem
818 899 971 954 aliquam
999 899 1049 933 sic
1071 899 1129 934 vel
1154 898 1205 933 sic
1230 911 1269 932 se
1302 899 1621 944 habere.1taque

89 947 214 991 vides,
249 957 291 982 ut
316 949 430 982 mittit
448 948 542 982 idem
570 954 643 990 est,
669 947 765 993 quod
784 947 890 981 vides
913 948 1077 988 nti-nere
1113 958 1215 992 quam
1232 946 1467 980 inversionem
1486 945 1623 991 respuit

89 1008 175 1030 vera
193 995 442 1041 interrogatio.
490 995 573 1029 Vid.
595 974 701 1030 etiam
719 1000 842 1028 notata
861 995 906 1028 ad
924 994 997 1028 Ecl.
1014 995 1076 1036 IV,
1094 994 1153 1029 52.
1184 993 1279 1038 Wr.)
1329 995 1472 1027 Pontos
1490 994 1619 1026 Moret.

89 1053 145 1090 pr.
165 1055 186 1077 a
201 1055 247 1077 ιιι.
267 1055 323 1088 pr.
395 1043 442 1079 58
466 1045 517 1076 Et
534 1043 624 1077 Ven.
645 1042 703 1075 vel
725 1050 779 1076 ut.
807 1042 866 1087 (de
883 1041 918 1075 vi
934 1041 1130 1097 particulae
1151 1049 1191 1074 at
1211 1040 1283 1074 vid.
1304 1042 1347 1081 Q.
1364 1042 1409 1074 V.
1427 1041 1622 1082 XXXVII,

89 1091 125 1127 3-
156 1089 252 1135 Wr.)
302 1090 393 1135 eal
395 1088 457 1123 bes
476 1095 513 1123 et
535 1087 679 1123 Οαίιὺεε
706 1089 902 1124 aberratur.
951 1092 1038 1123 Sunt
1058 1085 1242 1134 Χάλυβες.
1285 1086 1396 1133 ferro
1418 1086 1510 1121 alter
1531 1088 1622 1121 Rot-

90 1137 190 1172 tend.
286 1138 333 1173 59
357 1138 517 1184 Epir-uc,
542 1137 717 1183 Epetros,
748 1135 820 1169 alii.
871 1137 1020 1183 (Epiros
1037 1135 1186 1169 Potte1ii
1213 1135 1317 1169 codd.
1342 1146 1480 1175 omnes3
1515 1134 1623 1168 etiam

90 1183 204 1218 Cortii
232 1183 278 1218 ad
302 1184 434 1218 Lucan.
454 1185 498 1225 V,
526 1181 607 1219 496.
646 1182 743 1228 Wr.)
786 1178 978 1228 Ἠπειρος.
1029 1182 1066 1216 si
1094 1181 1253 1217 Servium
1280 1181 1481 1224 audiamus,
1516 1181 1623 1216 etiam

90 1230 242 1266 Romani
267 1230 304 1264 in
336 1229 601 1276 pronuntianda
626 1242 713 1264 voce
742 1242 785 1263 ex
806 1242 935 1275 graeca
961 1229 1112 1264 flexione
1133 1236 1316 1263 servarunt
1345 1235 1545 1271 accentum,
1582 1235 1619 1262 et

89 1277 364 1325 pronuntiarunt
382 1278 419 1312 h.
439 1277 463 1312 l.
489 1279 635 1325 Epassros
683 1278 775 1311 Nam
804 1290 913 1320 sane,
938 1277 1071 1323 inquit,
1093 1278 1232 1324 Ep1ros
1255 1289 1390 1330 graece
1403 1274 1620 1330 profertur-3

91 1326 192 1360 unde
219 1327 331 1360 etiam
348 1328 381 1359 E
401 1323 512 1359 habet
537 1333 747 1365 accentum3
782 1337 868 1358 nam
886 1326 921 1359 si
944 1325 1104 1358 launum
1121 1332 1235 1367 esset,
1269 1323 1417 1369 Epirus,
1441 1322 1559 1369 Epiri,
1578 1324 1624 1371 pi

90 1370 244 1408 haberet
266 1372 486 1419 (accentum),
506 1372 588 1417 quia
607 1371 714 1417 longa
734 1378 797 1405 est.

90 1452 374 1506 Asiaticorum,
395 1455 715 1495 effeminatmum
730 1454 830 1494 caeli

89 1514 346 1567 indulgentia
367 1520 408 1552 et
428 1514 502 1553 soli
519 1514 714 1553 bonitate.
764 1513 830 1552 Sic

887 1455 1068 1495 claratur
1085 1455 1135 1494 ab
1156 1468 1215 1505 eo,
1247 1454 1358 1506 quod
1377 1454 1623 1493 antecellunt

888 1513 986 1552 alios
1007 1527 1130 1566 equos
1151 1513 1194 1552 in
1227 1513 1445 1553 certamine
1468 1526 1621 1551 cursus,

91 1581 202 1612 tener
218 1572 354 1612 Arabs
379 1570 728 1622 Tibu11.11,2,4‚
758 1572 830 1611 ubi

91 1629 599 1695 ν.Βι·οιι]ι11.αβροβίων
642 1626 830 1684 Ἀραβων

91 1687 209 1744 γένος
226 1688 391 1741 Dionys,
410 1683 559 1740 Peneg.
580 1690 679 1730 968.
710 1689 831 1726 Mitti

91 1760 212 1798 vero,
252 1745 292 1786 h.
322 1760 355 1786 e.
389 1746 619 1800 exportari,
651 1745 830 1784 sollenne

92 1804 144 1844 de
168 1804 393 1855 mercibus,
434 1819 486 1843 ex
507 1818 553 1843 eo
573 1805 662 1843 loco
676 1804 828 1857 petitis,

91 1862 165 1902 ubi
198 1863 439 1916 praecipuus
469 1876 606 1901 earum
625 1862 828 1901 mercatus

93 1927 179 1960 est:
226 1927 288 1960 est
321 1921 422 1960 adeo
456 1921 564 1960 idem
598 1935 645 1959 ac
676 1934 828 1973 prove-

92 1979 193 2019 nire.
252 1980 320 2023 58.
365 1979 560 2032 Chalybes
589 1978 711 2028 nudi,
756 1985 828 2017 ut·-

91 2043 186 2091 pote
207 2037 251 2076 in
280 2038 391 2076 ferro
415 2037 601 2076 eudendo
630 2037 830 2090 occupati,

91 2101 142 2134 ut
167 2101 279 2135 recte
311 2097 425 2135 Serv.
458 2095 511 2134 ad
535 2094 577 2133 h.
600 2095 628 2133 l.
664 2103 833 2146 propter

79 2153 192 2207 sern'
213 2153 387 2192 cudendi
416 2153 596 2192 studium
623 2150 697 2205 (ita
724 2152 831 2191 enim

93 2211 167 2263 leg.
198 2225 275 2264 pro
301 2209 523 2264 caedendi)
542 2226 557 2259 ;
597 2210 698 2261 Aen.
725 2210 830 2260 Vm,

94 2267 180 2312 425
217 2268 352 2307 nudus
385 2268 563 2307 membra
588 2270 830 2320 Pyracmon.

93 2327 221 2366 Porro
257 2327 507 2377 Castoreum,
547 2325 589 2365 h.
613 2327 780 2366 castoris
800 2340 830 2365 s,

93 2385 188 2424 fibri
208 2390 343 2424 testes.
373 2381 507 2425 virosa
534 2392 735 2435 castorea,
765 2390 832 2423 te-

93 2443 153 2482 tri
191 2442 331 2482 odoris
354 2473 364 2493 ,
412 2442 710 2495 graveolentia,
750 2456 830 2494 quo

94 2514 216 2540 sensu
241 2501 496 2554 potissimum
526 2502 635 2540 virus
657 2506 697 2538 et
722 2503 832 2539 νίνο-

95 2573 187 2597 sum
221 2559 302 2597 dici
333 2560 445 2598 solet.
504 2559 567 2597 Ex
587 2565 730 2597 nostro
758 2571 833 2611 pe-

95 2616 164 2655 tiit
179 2616 333 2657 Nemes.
354 2618 500 2670 Cyneg.
530 2619 628 2659 223.
690 2616 833 2655 Casto-

96 2688 208 2712 reum
259 2676 476 2713 Ponticam
531 2674 834 2727 praestantissi-

97 2744 212 2770 mum
230 2731 294 2770 sui
309 2733 464 2785 generis
481 2731 722 2771 habebatur.
746 2732 831 2771 vid.

98 2788 246 2827 Strabo
270 2789 342 2840 III,
373 2805 413 2843 p.
444 2793 525 2832 163
560 2787 708 2844 (248).
762 2790 831 2832 59.

98 2847 299 2885 Eliadum
328 2849 499 2898 palmas
525 2849 673 2900 Epiros
702 2862 831 2900 equa-

99 2918 203 2942 rum.
248 2903 393 2956 Epirus
413 2905 560 2955 mittit,
591 2906 674 2955 alit,
707 2918 830 2957 equos

99 2961 475 3014 praestantissimos.
492 2963 745 3002 Praestantia
757 2963 830 3002 de-

886 1572 1026 1611 Posuit
1063 1577 1184 1624 poeta
1215 1577 1370 1610 certum
1403 1577 1621 1620 certamen,

888 1629 1157 1683 Olympicum.
1203 1630 1356 1668 Palma
1371 1660 1382 1678 ,
1422 1635 1471 1668 ut
1494 1630 1622 1668 victo-

888 1690 952 1726 ria
977 1719 988 1738 ,
1027 1702 1103 1741 pro
1137 1688 1293 1727 victore
1336 1687 1497 1726 dicitur.
1558 1686 1623 1725 Sic

889 1745 988 1786 Aen.
1015 1746 1072 1796 V,
1095 1748 1178 1789 339
1210 1747 1326 1784 tertia
1344 1746 1519 1797 palma,
1551 1745 1623 1783 ubi

889 1805 996 1844 cons.
1022 1805 1116 1843 Not.
1184 1805 1290 1843 Sunt
1342 1803 1443 1842 adeo
1498 1816 1624 1854 equae

887 1863 1075 1902 victrices
1104 1862 1214 1901 inter
1252 1875 1374 1914 equas
1403 1861 1623 1914 Olympicis

887 1921 996 1960 ludis
1018 1921 1293 1960 decurrentes.
1335 1922 1487 1971 Epirus
1509 1917 1623 1961 εὔιπ-

887 1995 988 2029 πος,
1022 1977 1219 2028 εὕπωλῡς,
1238 1985 1280 2017 et
1294 1978 1494 2030 generosis
1512 1978 1623 2029 equis

888 2037 1035 2076 nobilis
1056 2038 1126 2076 Ge.
1147 2037 1215 2086 IH,
1239 2039 1317 2088 121
1363 2038 1418 2075 Et
1437 2038 1624 2088 patriam

889 2097 1063 2147 Epirum
1082 2095 1242 2147 referat.
1307 2094 1460 2133 Statius
1478 2093 1623 2133 Achill.

887 2153 918 2203 I,
940 2152 1023 2195 428
1040 2153 1187 2206 fi·enat
1201 2154 1344 2191 celeres
1361 2154 1507 2204 Epiros
1526 2153 1623 2191 alu-

889 2226 1017 2249 mnOS.
1080 2211 1214 2253 Etiam
1243 2211 1367 2249 boves
1393 2211 1505 2263 Epiri
1527 2224 1623 2263 pas—

887 2269 960 2308 sim
981 2275 1274 2309 memorantur.
1294 2268 1377 2308 vid.
1396 2269 1495 2308 Plin.
1515 2268 1621 2319 VIII,

885 2326 953 2377 45,
977 2341 1006 2366 s.
1019 2330 1087 2369 70.
1117 2327 1234 2365 Unde
1254 2326 1366 2380 apud
1379 2327 1494 2366 Pind.
1510 2327 1622 2366 Nem.

888 2383 936 2434 4,
962 2383 1017 2427 84
1062 2382 1259 2438 βουβόται
1297 2388 1458 2439 πρῶνες
1499 2385 1625 2438 Epiri.

887 2443 1047 2482 Scilicet
1063 2443 1227 2482 omnino
1247 2443 1363 2482 bonis
1380 2443 1538 2497 pascuis
1553 2442 1626 2481 illa

889 2501 1128 2540 abundavit.
1180 2516 1307 2553 equas
1356 2508 1456 2540 noto
1496 2514 1622 2551 more,

891 2573 970 2611 quo
1019 2572 1138 2598 sexus
1193 2559 1355 2597 feminei
1404 2559 1623 2598 animantia

889 2617 1187 2670 praestantiora
1211 2616 1431 2657 habentur.
1498 2618 1624 2656 Eleus

891 2690 1063 2727 campus
1110 2674 1218 2713 infra
1248 2675 1322 2725 HI,
1362 2678 1461 2717 202.
1522 2675 1622 2712 Eleo

892 2747 1046 2771 earcere
1096 2734 1243 2771 missus
1295 2748 1421 2785 equus
1475 2731 1621 2770 Tibull.

888 2791 919 2841 I,
943 2790 983 2840 4,
1003 2793 1058 2833 32
1078 2805 1088 2840 3
1119 2790 1217 2829 alios
1246 2790 1331 2830 vid.
1360 2790 1412 2828 ad
1436 2790 1622 2828 Gratiam

887 2848 1033 2891 v.504.
1063 2848 1129 2886 Ad
1151 2862 1275 2901 equos
1290 2849 1501 2901 palmatos,
1530 2846 1621 2898 pal-

887 2919 976 2944 mae
1032 2905 1144 2958 signo
1196 2912 1237 2944 et
1284 2906 1446 2944 nomine
1499 2910 1621 2942 nota-

886 2970 972 3014 tos,
1014 2964 1131 3002 nimis
1162 2963 1364 3003 subtiliter
1390 2962 1533 3001 retulit
1557 2961 1620 2999 lo-
