1734 3320
153 248 254 295 678

479 244 537 294 P.
586 241 951 294 VIRGILII
993 241 1376 295 MARONIS

151 369 499 438 Redditaque
519 368 795 436 Eurydice
818 385 1042 436 superas
1062 369 1318 422 veniebat
1337 370 1406 422 ad
1428 387 1606 438 auraS,

154 445 309 492 Pone
347 457 618 511 sequens;
668 456 910 508 namque
942 438 1084 490 hanc
1118 440 1346 494 dederat
1376 442 1704 511 Proserpina

956 509 1138 577 legem
1151 536 1166 575 3

157 584 342 647 Quum
362 581 537 633 subita
561 583 840 634 incautum
862 579 1140 633 dementia
1162 582 1306 651 cepit
1326 590 1620 648 amantem,

153 652 495 719 Ignoscenda
516 652 769 721 quidem,
807 651 1006 702 scirent
1024 653 1068 703 si
1091 653 1371 719 ignoscere
1390 656 1604 707 Manes:

152 725 383 790 Restitit,
406 723 827 790 Eurydicenque
848 739 1019 787 suam,
1046 724 1154 774 iam
1174 724 1296 775 luce
1317 724 1416 775 sub
1439 725 1568 792 ipsa,
1599 728 1704 778 490

153 797 453 857 Inmemor,
473 794 610 847 heu!
636 794 919 861 victusque
941 795 1106 845 animi
1124 795 1372 863 respexit.
1417 795 1500 847 Ibi
1525 795 1706 846 omnis

152 864 376 917 Effusus
394 865 575 930 labor,
614 874 777 932 atque
797 864 1000 915 inmitis
1020 875 1180 935 rupta
1196 866 1409 932 tyranni

153 936 426 1002 Foedera,
452 945 647 1005 terque
667 934 853 1002 fragor
871 937 1069 1003 stagnis
1091 936 1305 988 auditus
1327 936 1563 990 Averuis,

226 1035 342 1085 489.
378 1034 598 1094 MANE83

201 1173 274 1210 486
289 1173 341 1207 ad
351 1185 439 1207 oras
446 1171 595 1208 Vratisl.
614 1171 687 1207 vid.
707 1172 807 1215 adn,
825 1172 885 1210 47.

155 1234 175 1255 a
195 1233 241 1255 m.
253 1233 336 1263 sec„
345 1220 431 1254 item
441 1222 543 1254 Rom.
555 1220 687 1266 aliique
701 1221 822 1261 Pierii.
848 1222 945 1270 cepit
961 1234 1123 1257 amorem
1132 1223 1264 1257 Moret.
1275 1229 1403 1268 'quai-t.

155 1268 448 1311 camenZulich„
473 1268 538 1302 sed
556 1268 626 1302 vid.
651 1270 767 1303 Burm.

669 1033 787 1084 490.
825 1046 970 1083 SUAM
1005 1046 1106 1083 1A1v1
1178 1019 1299 1083 IPSA
1320 1033 1360 1084 I.

956 1171 1029 1211 488
1046 1148 1170 1210 subito
1180 1147 1328 1210 Mentel.
1338 1160 1430 1211 Gud.
1443 1170 1464 1210 a
1484 1187 1532 1210 m.
1542 1150 1608 1221 vpr.
1617 1153 1707 1220 Reg.

1473 1223 1545 1259 489
1555 1225 1581 1258 Ι
1576 1236 1707 1271 gnose-

861 1269 934 1305 490
957 1270 1244 1317 Euridicemque
1264 1271 1391 1305 Franc.
1412 1271 1556 1313 scribit,
1591 1271 1650 1305 hic
1670 1277 1708 1305 et

154 1316 254 1351 alibi.
290 1316 474 1362 (Serviana
491 1315 586 1350 liber
605 1317 732 1351 Dresd.
755 1317 807 1351 sic
824 1317 999 1364 complet:
1024 1319 1158 1360 „Quae
1177 1330 1290 1364 paene
1309 1318 1380 1354 sibi
1396 1318 1561 1360 iamerat
1578 1318 1708 1354 reddi-

154 1372 200 1399 ta.
248 1364 352 1398 Alii⁴⁶
379 1370 448 1398 etc.
497 1364 590 1398 Hinc
610 1371 734 1411 patet,
758 1365 850 1399 alios
874 1365 925 1399 sic
947 1365 1232 1411 interpunxisse‚
1265 1372 1305 1400 ut
1319 1378 1413 1400 nunc
1434 1367 1495 1409 fit,
1527 1366 1617 1402 alios
1637 1367 1706 1401 ita:

154 1412 462 1459 Eurydicenque,
486 1423 594 1446 suam
610 1414 703 1455 iam,
730 1413 813 1447 luce
834 1425 864 1448 s.
881 1414 905 1448 i.

154 1466 222 1494 ret.
250 1461 308 1495 W
304 1460 350 1504 r.)

954 1414 1071 1456 Bene,
1105 1412 1174 1447 nisi
1196 1426 1275 1448 cum
1297 1413 1512 1449 detrimento
1538 1415 1618 1449 soni
1638 1415 1708 1449 fie-

446 1459 515 1495 491
541 1461 736 1507 victusque
761 1462 884 1495 animo
913 1472 987 1495 non
1010 1460 1081 1495 nisi
1107 1461 1273 1507 vulgares
1294 1462 1469 1508 quaedam
1497 1462 1581 1497 edd.
1604 1497 1608 1500 Α
1637 1461 1710 1497 Ubi

156 1508 273 1543 omnis
291 1507 400 1542 Goth.
417 1519 488 1541 sec.
537 1505 659 1553 ibique
680 1509 801 1542 omnis
817 1510 949 1543 Moret.
973 1521 1044 1543 sec.
1079 1509 1280 1557 (respecxit
1303 1510 1434 1545 Medic.
1466 1511 1563 1556 Wr.)

1634 1509 1710 1547 492

156 1563 269 1603 rapta
290 1563 319 1589 t.
334 1555 501 1590 Foedere
515 1567 564 1589 sc.
588 1555 766 1601 Eurydice
789 1556 881 1591 coni.
903 1558 955 1591 Io.
972 1556 1174 1600 Schrader„
1198 1556 1346 1592 ludente
1362 1557 1522 1603 ingenio.
1551 1558 1709 1595 Cul.292

156 1603 328 1650 Orphea,
377 1603 515 1636 Oscula
539 1615 631 1637 cara
658 1611 791 1650 petens
819 1605 961 1652 rupisti
987 1606 1094 1639 iussa
1121 1605 1287 1640 deorum.

154 1650 423 1686 Avernimulti
440 1650 548 1684 codd.
569 1656 606 1684 et
627 1650 708 1685 edd.
731 1651 939 1687 Commelin.
956 1651 1069 1687 Pulm.
1082 1679 1091 1695 ‚
1128 1653 1234 1687 etiam
1250 1653 1307 1687 fra

1391 1604 1467 1643 493
1493 1608 1642 1654 stagnis
1660 1625 1708 1632 --

1309 1665 1378 1699 gm-
1396 1653 1515 1689 Vatic.
1563 1657 1611 1690 At
1629 1655 1709 1688 Ro-

154 1710 298 1732 manus:
323 1699 455 1745 stagni
470 1706 527 1732 est
545 1698 701 1733 auditus
717 1701 866 1735 Averni
875 1712 884 1734 :
909 1706 949 1734 ut
968 1706 1005 1733 et
1025 1712 1114 1734 unus
1134 1700 1253 1735 Mead.
1275 1700 1458 1745 habebat,
1483 1702 1582 1748 quod
1602 1714 1709 1736 rece-

155 1745 211 1792 pit
230 1746 376 1781 Wakef.
427 1747 592 1781 Averni-s·
611 1746 703 1780 ratio
726 1747 850 1782 critica
867 1754 1009 1788 tuetur3
1056 1754 1093 1781 et
1111 1754 1258 1793 praeter
1283 1749 1364 1783 edd.
1376 1775 1386 1792 ‚
1418 1757 1458 1784 ut
1477 1750 1709 1795 Norimberg.

155 1793 250 1827 Brix.
266 1793 373 1828 Aldd.
392 1799 430 1827 et
447 1793 531 1827 hinc
553 1794 756 1838 profectas,
796 1808 816 1830 e
843 1795 950 1830 codd.
978 1795 1183 1838 Mediceus,
1216 1797 1308 1831 Ven.
1334 1797 1506 1833 Rottend.
1534 1804 1572 1832 et
1599 1797 1710 1832 Pierii

155 1840 288 1875 Medic.
309 1854 329 1875 a
352 1853 398 1875 m.
425 1852 481 1887 pr.
528 1840 587 1875 Sic
611 1844 699 1876 Aen.
722 1843 793 1884 VI,
820 1844 888 1878 118
909 1843 1005 1877 lacis
1023 1845 1189 1878 Auernis
1212 1850 1249 1877 et
1267 1856 1388 1891 saepe.
1437 1845 1595 1880 auditur
1616 1845 1710 1881 alter

156 1888 278 1923 Mead.
296 1888 388 1924 alter
406 1888 577 1923 Arundel.
607 1895 644 1924 et
663 1889 749 1924 edit.
772 1891 808 1925 N
810 1890 1002 1937 orimberg.
1029 1897 1067 1925 et
1086 1893 1236 1936 Argent.

157 2010 251 2036 nem
279 1997 483 2036 reiicimus
516 2011 627 2036 nunc
664 1998 709 2037 in
739 1997 904 2037 Excur-

158 2070 248 2096 sum
285 2056 354 2095 III.
390 2055 514 2095 huius
556 2055 669 2099 libri..
706 2053 904 2112 (sopito

157 2130 186 2155 v
196 2128 217 2153 e
229 2120 284 2153 nt
295 2128 320 2154 o
341 2145 352 2165 ‚
393 2115 452 2154 ait
493 2113 727 2167 Wu11derl.;
774 2116 911 2156 verbo*

158 2173 267 2213 enim
297 2175 508 2212 consistere
538 2173 773 2226 quiescendi
798 2175 905 2215 inest

157 2233 295 2284 noti03
324 2239 452 2272 vento
475 2239 614 2272 autem
641 2233 812 2285 quiescit
828 2248 904 2274 ro-

158 2300 228 2342 ta,
271 2292 359 2345 ipso
393 2291 657 2344 quiescente5
703 2291 790 2332 vid.
820 2293 903 2332 Ecl.

159 2351 207 2401 ΙΙ,
226 2353 295 2393 26.
317 2349 455 2402 ibique
475 2356 682 2390 annotata.
713 2351 906 2392 Ceterum

161 2410 319 2449 Ixionii
335 2409 440 2448 orbis
471 2418 562 2448 rota
583 2409 763 2462 explicat
783 2410 905 2450 laceb

160 2469 201 2507 in
221 2469 444 2520 Disqaisit.
476 2469 597 2521 Virg.
620 2469 664 2508 P.
692 2468 722 2508 I.
749 2483 791 2522 p.
816 2472 906 2513 11.:

160 2532 255 2566 rota
298 2525 484 2566 Ixionem
521 2540 597 2581 per
636 2528 779 2568 orbem
822 2530 908 2582 agi-

161 2591 263 2624 tans.
298 2586 369 2625 W
363 2583 420 2638 r.)

219 2642 318 2687 485.
343 2642 499 2682 Mirum
511 2643 559 2682 in
570 2657 680 2697 seqq.
699 2644 907 2684 narratio-

162 2703 226 2742 nis
258 2701 500 2742 artificium:
539 2703 653 2754 quod
673 2703 793 2742 facile
810 2717 906 2743 sen-

161 2761 252 2812 tias,
274 2761 308 2800 si
319 2761 372 2800 ad
383 2760 594 2814 vulgarem
611 2763 906 2802 sententiarum

163 2821 400 2860 iuncturam
451 2832 620 2859 revoces
666 2821 906 2860 orationem.

163 2879 276 2932 Legis
294 2885 451 2929 autem,
484 2892 538 2918 ne
554 2879 799 2932 respiceret,
831 2893 907 2918 ex-

165 2938 405 2991 cogitandae
433 2937 648 2977 consilium
667 2948 719 2977 ex
744 2938 906 2991 vulgari

164 2997 456 3050 superstitione
484 2996 707 3037 subnatum
735 3010 821 3036 esse
837 2996 907 3037 vi-

166 3055 289 3096 detur
309 3086 320 3106 ,
379 3069 473 3096 cum
514 3069 581 3095 res
635 3055 900 3107 aversanda,

963 1999 1087 2039 etiam
1115 1999 1159 2038 in
1187 2000 1313 2040 sacris
1343 2001 1531 2054 magicis,
1575 2001 1710 2055 respi-

963 2071 1055 2098 cere
1072 2058 1347 2111 vetabantur-7
1373 2059 1587 2113 quodiam
1608 2060 1710 2100 Cer-

964 2117 1017 2157 da
1044 2117 1195 2168 sensit,
1247 2131 1368 2171 quem
1399 2118 1499 2159 vide
1529 2125 1587 2158 ⁴et
1619 2133 1711 2173 sup.

962 2177 1046 2217 Ecl-
1083 2176 1317 2228 V1H‚102.
1364 2176 1476 2220 490.
1506 2179 1711 2217 iamluee

961 2235 1035 2275 sub
1056 2236 1167 2288 ipsa.
1202 2237 1341 2276 Senec.
1369 2236 1491 2277 Herc.
1519 2237 1601 2277 fur.
1623 2239 1710 2280 813

963 2296 1193 2348 Postquam
1221 2303 1280 2334 est
1309 2294 1371 2334 ad
1398 2310 1493 2335 oras
1532 2297 1713 2335 Taenari

965 2361 1130 2394 ventum
1154 2359 1246 2405 etc„
1266 2359 1308 2392 et
1335 2368 1509 2407 superas
1525 2354 1713 2394 veniebat

964 2412 1025 2451 ad
1051 2426 1179 2451 auras
1209 2426 1250 2453 v.
1276 2410 1377 2455 486.
1447 2411 1548 2456 491.
1579 2415 1728 2456 vimm-

965 2472 1133 2522 animi,
1182 2477 1285 2510 noto
1334 2471 1556 2524 graecismo
1572 2467 1592 2524 ‚'
1632 2484 1712 2526 pro

965 2532 1107 2569 animo
1123 2560 1134 2580 ,
1170 2529 1410 2583 cupiditate.

1024 2586 1123 2631 492.
1154 2589 1261 2628 Tum
1294 2589 1424 2629 omnis
1459 2588 1578 2629 labor
1610 2587 1711 2636 irri—

965 2653 1047 2687 tus.
1099 2647 1256 2701 effusus
1277 2677 1289 2698 ‚
1334 2653 1385 2687 ut
1428 2646 1709 2701 ἐκκεχυμένος.

965 2705 1174 2756 Foedera,
1226 2705 1394 2757 foedus,
1434 2706 1618 2746 conditio
1632 2737 1644 2757 ,
1686 2719 1712 2744 a

963 2765 1139 2804 Plutone
1166 2763 1369 2818 imposita.
1429 2765 1485 2804 At
1512 2778 1711 2818 quorsum

951 2823 1113 2876 fragor
1159 2828 1227 2862 ter
1265 2823 1435 2863 auditur
1455 2824 1477 2864 ’Β
1523 2823 1711 2864 Servius:

964 2880 1112 2933 „quasi
1139 2881 1377 2922 exultarent
1407 2882 1580 2922 umbrae
1609 2881 1710 2922 red-

967 2940 1094 2979 ditam
1118 2940 1365 2994 Eurydicen.
1374 2942 1401 2964 ⁴‘
1451 2941 1581 2991 Quod
1595 2946 1712 2981 recto

963 2998 1168 3038 Martinus
1195 2999 1401 3054 explodit,
1442 3005 1482 3039 et
1509 3013 1534 3039 a
1565 2999 1710 3054 prodi-

963 3058 1035 3111 giis
1057 3057 1344 3112 ominibusque
1355 3070 1526 3113 magnae
1535 3052 1726 3099 alieuius-
