1768 3320
394 189 755 241 TERTIAE
800 189 1236 253 EDITIONIS
1401 208 1580 246 Lxxvn

13 332 180 388 quae
209 326 398 390 mepte
426 318 482 368 in
507 316 620 367 aliis
648 317 880 383 negotiis
908 326 1167 385 occupata
1195 317 1440 370 meditati
1464 337 1579 371 era-

15 395 187 467 {⁴*muS‚
223 408 289 451 et
322 391 448 450 cum
477 399 568 463 iis,
617 397 685 450 ad
721 416 860 468 quae
890 399 1222 467 accedimus,
1260 401 1577 470 copulamus

14 474 233 549 sslaliena,
272 499 412 551 quae
451 480 645 545 lusum,
664 482 886 548 ingenio
912 481 1142 546 faciunt3
1182 500 1244 534 ea
1268 493 1452 535 autem
1473 484 1577 536 alio

12 559 288 635 tempore
315 582 344 615 a
374 562 650 614 nobismet
689 564 817 633 ipsis
857 564 1100 616 damnari
1145 566 1265 634 quis
1306 568 1578 619 miretur?

11 651 189 716 *Quae
219 664 308 699 res
344 646 740 713 animadversa,
787 648 830 698 si
856 647 1066 698 nullam
1097 647 1282 713 aliam,
1318 649 1576 700 modeste

35 729 107 785 'de
128 731 288 782 nobis
303 729 574 782 sentiendi
598 739 652 780 et
671 747 841 799 aequa
864 730 1135 781 statuendi
1159 730 1228 782 de
1251 730 1386 797 aliis,
1426 749 1577 783 caus-

5 806 151 867 ‘s³sam
178 813 540 877 haberemu5,
586 812 675 864 vel
707 830 815 864 una
850 814 973 864 satis
1005 822 1145 864 esset
1181 813 1249 864 ad
1271 814 1575 866 retunden-

8 895 22 950 ἶ,
35 897 163 950 dam
180 913 409 948 omnem
431 895 594 946 animi
621 897 982 963 arrogantiam
1004 906 1058 947 et
1079 897 1134 947 in
1163 895 1293 947 alios
1314 897 1574 948 acerbita-

0 1002 15 1051 i.
32 989 161 1033 tem.
235 980 377 1032 Cum
399 977 757 1030 excuderetur
774 978 913 1029 liber
933 979 1069 1047 typis
1096 978 1194 1030 alia
1217 981 1271 1030 in
1294 979 1448 1045 urbe,
1470 997 1573 1032 nec

28 1062 168 1116 'mihi
184 1060 408 1113 facultas
430 1060 551 1112 data
571 1070 711 1111 esset
730 1060 1070 1129 plagularum
1090 1061 1572 1130 inspiciendarum:

0 1159 5 1198 ζ
32 1147 90 1198 in
120 1144 374 1197 fortunae
404 1141 677 1195 beneficio
709 1142 916 1208 habeo,
958 1144 1211 1211 obtigisse
1231 1145 1396 1212 mihi,
1432 1147 1570 1197 utin
1653 1140 1662 1152 ”

31 1227 402 1299 superioribus
431 1225 785 1291 editionibu5‚
832 1227 904 1277 ita
932 1227 986 1277 in
1017 1226 1118 1278 hac
1152 1245 1401 1298 quoque,
1450 1246 1571 1280 cor-

30 1320 305 1379 rectorem
322 1311 499 1361 virum
522 1308 749 1360 doctum
770 1318 823 1359 et
853 1310 1044 1361 eximie
1069 1309 1153 1360 his
1179 1310 1368 1362 litteris
1390 1311 1569 1363 imbu-

0 1434 4 1452 ÷
30 1404 174 1460 tum,
207 1397 440 1446 Con-olum
464 1396 793 1443 Christianum
823 1396 1074 1456 Wendler,
1110 1395 1169 1445 A.
1190 1396 1278 1459 M.‚
1315 1394 1464 1444 cuius
1487 1394 1568 1445 di-

30 1477 281 1544 ligentiae
301 1484 356 1527 et
378 1473 649 1525 sollertiae
674 1473 728 1523 in
752 1473 1100 1544 assequendis
1121 1474 1309 1526 calami
1330 1477 1442 1527 mei
1466 1476 1566 1527 du-

5 1560 204 1612 ctibus
236 1568 291 1610 et
329 1558 383 1608 in
418 1556 544 1624 ipsis
588 1555 867 1606 sententiis
905 1557 1295 1625 perspiciendis
1329 1559 1568 1612 multum

27 1659 121 1695 me
142 1641 346 1693 dehere
368 1647 549 1706 gratus
568 1636 851 1706 profiteor.

539 1807 568 1839 *
782 1808 810 1839 *
1023 1806 1052 1838 *

166 1968 348 2021 Editio
382 1967 516 2018 haec
550 1968 705 2018 tertia
745 1982 869 2017 cum
899 1982 928 2015 a
966 1965 1312 2031 redemtore,
1357 1965 1563 2018 liberali

27 2049 371 2104 fortunarum
416 2049 731 2116 erogatione
754 2089 767 2112 ,
830 2047 1016 2099 multis
1070 2049 1403 2099 ornamentis
1439 2066 1564 2101 aere

31 2134 287 2203 expressis
314 2133 560 2200 insignita
596 2140 764 2193 esset,
811 2132 919 2181 iam
947 2139 1066 2181 tum
1096 2130 1163 2181 ab
1193 2147 1260 2181 eo
1282 2148 1405 2199 spes
1426 2129 1564 2183 facta

30 2226 166 2283 erat,
205 2234 373 2285 opera
399 2217 495 2267 ista
528 2213 833 2284 profligata,
878 2230 937 2265 se
969 2222 1283 2264 curaturum
1315 2230 1456 2281 esse,
1501 2225 1564 2265 ut

30 2299 224 2351 eadem
266 2298 433 2350 editio
462 2298 639 2366 pretio
672 2296 976 2347 multorum
1014 2294 1356 2347 facultatibus
1394 2298 1563 2363 magis

0 2443 6 2456 .
29 2380 439 2432 accommodato
459 2380 663 2431 venalis
682 2378 1049 2431 excuderetur.
1121 2380 1265 2444 Hoc,
1301 2378 1454 2447 quod
1474 2379 1562 2432 ille

27 2471 147 2534 tum
166 2463 504 2527 ostenderat,
541 2479 599 2513 se
618 2461 888 2513 facturum
913 2478 1055 2526 esse,
1091 2477 1239 2511 nunc
1264 2478 1293 2511 a
1319 2461 1436 2512 viro
1457 2461 1563 2513 ho-

27 2547 332 2598 nestissimo
362 2546 650 2614 praestari,
707 2543 1010 2595 admodum
1059 2542 1256 2606 laetor3
1311 2543 1560 2611 quando-

32 2628 255 2696 quidem
284 2646 386 2697 per
420 2644 648 2679 omnem
682 2626 847 2676 vitam
879 2643 946 2677 eo
969 2624 1049 2677 fui
1073 2626 1255 2676 animo
1272 2666 1285 2691 ,
1321 2634 1384 2676 ut
1410 2626 1562 2693 inge-

29 2725 169 2761 nuae
190 2709 408 2761 alicuius
429 2718 483 2760 et
505 2708 730 2760 salubris
750 2707 988 2759 utilitatis
1006 2708 1278 2758 rationem
1296 2706 1560 2759 haberem

29 2791 328 2858 potiorem,
366 2809 531 2861 quam
565 2790 1056 2842 commendationis
1087 2807 1150 2842 ex
1181 2790 1363 2857 specie
1388 2799 1561 2841 exter-

29 2889 98 2923 na
126 2873 407 2926 ambitiose
446 2875 729 2942 quaesitae.
806 2875 997 2941 Itaque
1029 2890 1132 2924 nec
1158 2871 1299 2922 hanc
1334 2888 1558 2939 operam

28 2951 234 3020 refugi,
276 2965 338 3006 ut
371 2957 700 3022 corrigerem
728 2955 992 3007 nonnulla
1029 2956 1227 3023 passim
1264 2953 1557 3018 observata,
