<?xml version="1.0" encoding="UTF-8"?>
<!DOCTYPE html PUBLIC "-//W3C//DTD XHTML 1.0 Transitional//EN"
    "http://www.w3.org/TR/xhtml1/DTD/xhtml1-transitional.dtd">
<html xmlns="http://www.w3.org/1999/xhtml" xml:lang="en" lang="en">
 <head>
  <title>
</title>
<meta http-equiv="Content-Type" content="text/html;charset=utf-8" />
  <meta name='ocr-system' content='tesseract 3.04.00' />
  <meta name='ocr-capabilities' content='ocr_page ocr_carea ocr_par ocr_line ocrx_word'/>
</head>
<body>
  <div class='ocr_page' id='page_1' title='image "./publiusvirgilius01virguoft/publiusvirgilius01virguoft_0644.png"; bbox 0 0 1734 3320; ppageno 0'>
   <div class='ocr_carea' id='block_1_1' title="bbox 187 236 292 286">
    <p class='ocr_par' dir='ltr' id='par_1_1' title="bbox 187 236 292 286">
     <span class='ocr_line' id='line_1_1' title="bbox 187 236 292 286; baseline 0 -1"><span class='ocrx_word' id='word_1_1' title='bbox 187 236 292 286; x_wconf 84' lang='lat'>474</span> 
     </span>
    </p>
   </div>
   <div class='ocr_carea' id='block_1_2' title="bbox 521 235 1385 290">
    <p class='ocr_par' dir='ltr' id='par_1_2' title="bbox 521 235 1385 290">
     <span class='ocr_line' id='line_1_2' title="bbox 521 235 1385 290; baseline 0.003 -5"><span class='ocrx_word' id='word_1_2' title='bbox 521 235 576 285; x_wconf 89' lang='lat' dir='ltr'>P.</span> <span class='ocrx_word' id='word_1_3' title='bbox 612 235 971 286; x_wconf 91' lang='lat' dir='ltr'>VIRGILII</span> <span class='ocrx_word' id='word_1_4' title='bbox 1007 237 1385 290; x_wconf 89' lang='lat' dir='ltr'>MARONIS</span> 
     </span>
    </p>
   </div>
   <div class='ocr_carea' id='block_1_3' title="bbox 183 359 1567 571">
    <p class='ocr_par' dir='ltr' id='par_1_3' title="bbox 183 359 1567 571">
     <span class='ocr_line' id='line_1_3' title="bbox 184 359 1471 432; baseline 0.005 -22"><span class='ocrx_word' id='word_1_5' title='bbox 184 361 254 410; x_wconf 87' lang='lat' dir='ltr'>Et</span> <span class='ocrx_word' id='word_1_6' title='bbox 277 359 420 410; x_wconf 89' lang='lat' dir='ltr'>iuvat</span> <span class='ocrx_word' id='word_1_7' title='bbox 439 361 742 413; x_wconf 87' lang='lat' dir='ltr'>undantem</span> <span class='ocrx_word' id='word_1_8' title='bbox 763 363 906 413; x_wconf 84' lang='lat' dir='ltr'>buxo</span> <span class='ocrx_word' id='word_1_9' title='bbox 928 374 1170 431; x_wconf 87' lang='lat' dir='ltr'>spectare</span> <span class='ocrx_word' id='word_1_10' title='bbox 1193 367 1471 432; x_wconf 82' lang='lat' dir='ltr'>Cytorum,</span> 
     </span>
     <span class='ocr_line' id='line_1_4' title="bbox 184 430 1436 500; baseline 0.004 -18"><span class='ocrx_word' id='word_1_11' title='bbox 184 430 548 499; x_wconf 86' lang='lat' dir='ltr'>Naryciaeque</span> <span class='ocrx_word' id='word_1_12' title='bbox 570 434 702 500; x_wconf 88' lang='lat' dir='ltr'>picis</span> <span class='ocrx_word' id='word_1_13' title='bbox 725 433 901 496; x_wconf 89' lang='lat' dir='ltr'>lucos;</span> <span class='ocrx_word' id='word_1_14' title='bbox 939 435 1081 485; x_wconf 89' lang='lat' dir='ltr'>iuvat</span> <span class='ocrx_word' id='word_1_15' title='bbox 1104 453 1225 485; x_wconf 88' lang='lat' dir='ltr'>arva</span> <span class='ocrx_word' id='word_1_16' title='bbox 1248 436 1436 487; x_wconf 85' lang='lat' dir='ltr'>videre</span> 
     </span>
     <span class='ocr_line' id='line_1_5' title="bbox 183 503 1567 571; baseline 0.003 -18"><span class='ocrx_word' id='word_1_17' title='bbox 183 504 309 553; x_wconf 90' lang='lat' dir='ltr'>Non</span> <span class='ocrx_word' id='word_1_18' title='bbox 332 503 535 567; x_wconf 81' lang='lat' dir='ltr'>rastriS,</span> <span class='ocrx_word' id='word_1_19' title='bbox 572 503 865 554; x_wconf 88' lang='lat' dir='ltr'>hominum</span> <span class='ocrx_word' id='word_1_20' title='bbox 887 522 1000 571; x_wconf 89' lang='lat' dir='ltr'>non</span> <span class='ocrx_word' id='word_1_21' title='bbox 1020 505 1114 555; x_wconf 91' lang='lat' dir='ltr'>ulli</span> <span class='ocrx_word' id='word_1_22' title='bbox 1139 506 1369 557; x_wconf 85' lang='lat' dir='ltr'>obnoxia</span> <span class='ocrx_word' id='word_1_23' title='bbox 1395 523 1567 558; x_wconf 87' lang='lat' dir='ltr'>curae.</span> 
     </span>
    </p>
   </div>
   <div class='ocr_carea' id='block_1_4' title="bbox 182 573 1358 642">
    <p class='ocr_par' dir='ltr' id='par_1_4' title="bbox 182 573 1358 642">
     <span class='ocr_line' id='line_1_6' title="bbox 182 573 1358 642; baseline 0.004 -20"><span class='ocrx_word' id='word_1_24' title='bbox 182 573 337 638; x_wconf 83' lang='lat' dir='ltr'>Ipsae</span> <span class='ocrx_word' id='word_1_25' title='bbox 359 573 612 624; x_wconf 86' lang='lat' dir='ltr'>Caucasio</span> <span class='ocrx_word' id='word_1_26' title='bbox 639 574 846 625; x_wconf 90' lang='lat' dir='ltr'>steriles</span> <span class='ocrx_word' id='word_1_27' title='bbox 869 575 924 624; x_wconf 90' lang='lat' dir='ltr'>in</span> <span class='ocrx_word' id='word_1_28' title='bbox 948 577 1149 626; x_wconf 87' lang='lat' dir='ltr'>vertice</span> <span class='ocrx_word' id='word_1_29' title='bbox 1174 576 1358 642; x_wconf 88' lang='lat' dir='ltr'>silvae,</span> 
     </span>
    </p>
   </div>
   <div class='ocr_carea' id='block_1_5' title="bbox 1614 579 1716 628">
    <p class='ocr_par' dir='ltr' id='par_1_5' title="bbox 1614 579 1716 628">
     <span class='ocr_line' id='line_1_7' title="bbox 1614 579 1716 628; baseline -0.01 0"><span class='ocrx_word' id='word_1_30' title='bbox 1614 579 1716 628; x_wconf 85' lang='grc'>440</span> 
     </span>
    </p>
   </div>
   <div class='ocr_carea' id='block_1_6' title="bbox 185 643 1717 716">
    <p class='ocr_par' dir='ltr' id='par_1_6' title="bbox 185 643 1717 716">
     <span class='ocr_line' id='line_1_8' title="bbox 185 643 1717 716; baseline 0.003 -25"><span class='ocrx_word' id='word_1_31' title='bbox 185 644 329 706; x_wconf 85' lang='lat' dir='ltr'>Quas</span> <span class='ocrx_word' id='word_1_32' title='bbox 357 643 584 694; x_wconf 84' lang='lat' dir='ltr'>animosi</span> <span class='ocrx_word' id='word_1_33' title='bbox 606 645 736 695; x_wconf 91' lang='lat' dir='ltr'>Euri</span> <span class='ocrx_word' id='word_1_34' title='bbox 763 644 986 695; x_wconf 85' lang='lat' dir='ltr'>adsidue</span> <span class='ocrx_word' id='word_1_35' title='bbox 1014 643 1378 715; x_wconf 82' lang='lat' dir='ltr'>franguntque</span> <span class='ocrx_word' id='word_1_36' title='bbox 1404 645 1717 716; x_wconf 84' lang='lat' dir='ltr'>feruntque,</span> 
     </span>
    </p>
   </div>
   <div class='ocr_carea' id='block_1_7' title="bbox 182 786 1719 884">
    <p class='ocr_par' dir='ltr' id='par_1_7' title="bbox 182 786 1719 884">
     <span class='ocr_line' id='line_1_9' title="bbox 230 786 1718 838; baseline 0.002 -15"><span class='ocrx_word' id='word_1_37' title='bbox 230 786 302 824; x_wconf 89' lang='lat'>437</span> <span class='ocrx_word' id='word_1_38' title='bbox 330 790 385 822; x_wconf 93' lang='lat' dir='ltr'>An</span> <span class='ocrx_word' id='word_1_39' title='bbox 404 789 491 823; x_wconf 85' lang='lat' dir='ltr'>fuit:</span> <span class='ocrx_word' id='word_1_40' title='bbox 525 792 575 824; x_wconf 74' lang='lat' dir='ltr'>Ut</span> <span class='ocrx_word' id='word_1_41' title='bbox 596 791 704 824; x_wconf 75' lang='lat' dir='ltr'>iuvat</span> <span class='ocrx_word' id='word_1_42' title='bbox 724 811 769 815; x_wconf 93' lang='lat'>—-</span> <span class='ocrx_word' id='word_1_43' title='bbox 790 793 987 838; x_wconf 80' lang='lat' dir='ltr'>spectare!</span> <span class='ocrx_word' id='word_1_44' title='bbox 1018 790 1103 837; x_wconf 85' lang='lat' dir='ltr'>(vid.</span> <span class='ocrx_word' id='word_1_45' title='bbox 1121 797 1246 825; x_wconf 83' lang='lat' dir='ltr'>notata</span> <span class='ocrx_word' id='word_1_46' title='bbox 1266 791 1312 825; x_wconf 88' lang='lat' dir='ltr'>ad</span> <span class='ocrx_word' id='word_1_47' title='bbox 1331 804 1382 826; x_wconf 86' lang='lat' dir='ltr'>vs.</span> <span class='ocrx_word' id='word_1_48' title='bbox 1398 790 1480 828; x_wconf 86' lang='grc'><strong>434.</strong></span> <span class='ocrx_word' id='word_1_49' title='bbox 1511 793 1608 838; x_wconf 77' lang='lat' dir='ltr'>Wr.)</span> <span class='ocrx_word' id='word_1_50' title='bbox 1645 795 1718 838; x_wconf 82' lang='lat' dir='ltr'>c&#39;y-</span> 
     </span>
     <span class='ocr_line' id='line_1_10' title="bbox 182 837 1719 884; baseline 0.004 -16"><span class='ocrx_word' id='word_1_51' title='bbox 182 843 292 869; x_wconf 78' lang='lat' dir='ltr'>toron</span> <span class='ocrx_word' id='word_1_52' title='bbox 311 842 386 869; x_wconf 82' lang='lat' dir='ltr'>tres</span> <span class='ocrx_word' id='word_1_53' title='bbox 405 837 500 882; x_wconf 89' lang='lat' dir='ltr'>apud</span> <span class='ocrx_word' id='word_1_54' title='bbox 518 837 642 871; x_wconf 88' lang='lat' dir='ltr'>Heins.</span> <span class='ocrx_word' id='word_1_55' title='bbox 685 839 852 872; x_wconf 85' lang='lat' dir='ltr'>Scribunt</span> <span class='ocrx_word' id='word_1_56' title='bbox 874 846 909 872; x_wconf 92' lang='lat' dir='ltr'>et</span> <span class='ocrx_word' id='word_1_57' title='bbox 938 839 1132 881; x_wconf 72' lang='lat' dir='ltr'><em>Citheron,</em></span> <span class='ocrx_word' id='word_1_58' title='bbox 1168 839 1375 883; x_wconf 73' lang='lat' dir='ltr'>Ct&#39;tlzerum,</span> <span class='ocrx_word' id='word_1_59' title='bbox 1413 840 1609 884; x_wconf 78' lang='lat' dir='ltr'>Cytheron.</span> <span class='ocrx_word' id='word_1_60' title='bbox 1655 841 1719 874; x_wconf 89' lang='lat' dir='ltr'>Est</span> 
     </span>
    </p>
   </div>
   <div class='ocr_carea' id='block_1_8' title="bbox 181 879 457 927">
    <p class='ocr_par' dir='ltr' id='par_1_8' title="bbox 181 879 457 927">
     <span class='ocr_line' id='line_1_11' title="bbox 181 879 457 927; baseline 0.004 -10"><span class='ocrx_word' id='word_1_61' title='bbox 181 879 227 917; x_wconf 86' lang='grc' dir='ltr'>τὸ</span> <span class='ocrx_word' id='word_1_62' title='bbox 258 879 457 927; x_wconf 78' lang='grc' dir='ltr'><em>Κύτωρον.</em></span> 
     </span>
    </p>
   </div>
   <div class='ocr_carea' id='block_1_9' title="bbox 562 882 1351 930">
    <p class='ocr_par' dir='ltr' id='par_1_9' title="bbox 562 882 1351 930">
     <span class='ocr_line' id='line_1_12' title="bbox 562 882 1351 930; baseline 0.001 -11"><span class='ocrx_word' id='word_1_63' title='bbox 562 882 633 920; x_wconf 87' lang='grc'>438</span> <span class='ocrx_word' id='word_1_64' title='bbox 658 886 841 919; x_wconf 79' lang='lat' dir='ltr'>Mariciae</span> <span class='ocrx_word' id='word_1_65' title='bbox 857 885 994 919; x_wconf 84' lang='lat' dir='ltr'><strong>Daniel.</strong></span> <span class='ocrx_word' id='word_1_66' title='bbox 1024 886 1079 919; x_wconf 88' lang='lat' dir='ltr'>ed.</span> <span class='ocrx_word' id='word_1_67' title='bbox 1103 892 1139 919; x_wconf 92' lang='lat' dir='ltr'>et</span> <span class='ocrx_word' id='word_1_68' title='bbox 1166 887 1208 920; x_wconf 82' lang='lat' dir='ltr'>R.</span> <span class='ocrx_word' id='word_1_69' title='bbox 1229 887 1351 930; x_wconf 89' lang='lat' dir='ltr'>steph.</span> 
     </span>
    </p>
   </div>
   <div class='ocr_carea' id='block_1_10' title="bbox 1447 885 1717 923">
    <p class='ocr_par' dir='ltr' id='par_1_10' title="bbox 1447 885 1717 923">
     <span class='ocr_line' id='line_1_13' title="bbox 1447 885 1717 923; baseline -0.011 0"><span class='ocrx_word' id='word_1_70' title='bbox 1447 885 1518 923; x_wconf 88' lang='lat'>439</span> <span class='ocrx_word' id='word_1_71' title='bbox 1542 887 1630 921; x_wconf 86' lang='lat' dir='ltr'>Non</span> <span class='ocrx_word' id='word_1_72' title='bbox 1650 900 1717 920; x_wconf 85' lang='lat' dir='ltr'>ra—</span> 
     </span>
    </p>
   </div>
   <div class='ocr_carea' id='block_1_11' title="bbox 180 930 1717 1026">
    <p class='ocr_par' dir='ltr' id='par_1_11' title="bbox 180 930 1717 1026">
     <span class='ocr_line' id='line_1_14' title="bbox 184 930 1717 978; baseline 0.004 -16"><span class='ocrx_word' id='word_1_73' title='bbox 184 931 255 963; x_wconf 79' lang='lat' dir='ltr'>tris</span> <span class='ocrx_word' id='word_1_74' title='bbox 282 930 384 963; x_wconf 89' lang='lat' dir='ltr'>Leid.</span> <span class='ocrx_word' id='word_1_75' title='bbox 432 931 521 965; x_wconf 86' lang='lat' dir='ltr'>Non</span> <span class='ocrx_word' id='word_1_76' title='bbox 549 932 639 965; x_wconf 82' lang='lat' dir='ltr'>ullis</span> <span class='ocrx_word' id='word_1_77' title='bbox 665 932 853 966; x_wconf 77' lang='lat' dir='ltr'>hominum</span> <span class='ocrx_word' id='word_1_78' title='bbox 873 945 930 978; x_wconf 88' lang='lat' dir='ltr'>ap.</span> <span class='ocrx_word' id='word_1_79' title='bbox 949 932 1119 966; x_wconf 83' lang='lat' dir='ltr'>Priscian.</span> <span class='ocrx_word' id='word_1_80' title='bbox 1143 933 1206 967; x_wconf 86' lang='lat' dir='ltr'>lib.</span> <span class='ocrx_word' id='word_1_81' title='bbox 1226 935 1358 967; x_wconf 81' lang='lat' dir='ltr'>XVIII.</span> <span class='ocrx_word' id='word_1_82' title='bbox 1391 946 1469 968; x_wconf 86' lang='lat' dir='ltr'>non</span> <span class='ocrx_word' id='word_1_83' title='bbox 1496 934 1597 968; x_wconf 83' lang='lat' dir='ltr'>nulli</span> <span class='ocrx_word' id='word_1_84' title='bbox 1622 935 1717 968; x_wconf 85' lang='lat' dir='ltr'>Rot-</span> 
     </span>
     <span class='ocr_line' id='line_1_15' title="bbox 180 977 1716 1026; baseline 0.005 -17"><span class='ocrx_word' id='word_1_85' title='bbox 180 977 278 1010; x_wconf 85' lang='lat' dir='ltr'>tend.</span> <span class='ocrx_word' id='word_1_86' title='bbox 307 989 376 1011; x_wconf 90' lang='lat' dir='ltr'>sec.</span> <span class='ocrx_word' id='word_1_87' title='bbox 396 984 432 1011; x_wconf 89' lang='lat' dir='ltr'>et</span> <span class='ocrx_word' id='word_1_88' title='bbox 457 978 547 1012; x_wconf 89' lang='lat' dir='ltr'>Gud.</span> <span class='ocrx_word' id='word_1_89' title='bbox 572 991 591 1012; x_wconf 85' lang='lat' dir='ltr'>a</span> <span class='ocrx_word' id='word_1_90' title='bbox 610 991 655 1012; x_wconf 93' lang='lat' dir='ltr'>m.</span> <span class='ocrx_word' id='word_1_91' title='bbox 676 992 731 1025; x_wconf 92' lang='lat' dir='ltr'>pr.</span> <span class='ocrx_word' id='word_1_92' title='bbox 757 986 793 1013; x_wconf 88' lang='lat' dir='ltr'>et</span> <span class='ocrx_word' id='word_1_93' title='bbox 818 992 905 1014; x_wconf 91' lang='lat' dir='ltr'>unus</span> <span class='ocrx_word' id='word_1_94' title='bbox 923 981 1042 1014; x_wconf 82' lang='lat' dir='ltr'>Mead.</span> <span class='ocrx_word' id='word_1_95' title='bbox 1091 983 1139 1014; x_wconf 86' lang='lat' dir='ltr'>At</span> <span class='ocrx_word' id='word_1_96' title='bbox 1166 980 1309 1026; x_wconf 86' lang='lat' dir='ltr'>vulgata</span> <span class='ocrx_word' id='word_1_97' title='bbox 1339 993 1397 1026; x_wconf 85' lang='lat' dir='ltr'>ap.</span> <span class='ocrx_word' id='word_1_98' title='bbox 1425 981 1518 1015; x_wconf 85' lang='lat' dir='ltr'>Gell.</span> <span class='ocrx_word' id='word_1_99' title='bbox 1544 983 1632 1023; x_wconf 83' lang='lat' dir='ltr'>VH,</span> <span class='ocrx_word' id='word_1_100' title='bbox 1660 983 1716 1017; x_wconf 92' lang='lat'>17.</span> 
     </span>
    </p>
   </div>
   <div class='ocr_carea' id='block_1_12' title="bbox 180 1025 858 1074">
    <p class='ocr_par' dir='ltr' id='par_1_12' title="bbox 180 1025 858 1074">
     <span class='ocr_line' id='line_1_16' title="bbox 180 1025 858 1074; baseline 0.007 -17"><span class='ocrx_word' id='word_1_101' title='bbox 180 1037 257 1058; x_wconf 86' lang='lat' dir='ltr'>non</span> <span class='ocrx_word' id='word_1_102' title='bbox 278 1025 389 1058; x_wconf 75' lang='lat' dir='ltr'>vilior</span> <span class='ocrx_word' id='word_1_103' title='bbox 408 1027 524 1059; x_wconf 85' lang='lat' dir='ltr'>noxia</span> <span class='ocrx_word' id='word_1_104' title='bbox 542 1026 675 1067; x_wconf 74' lang='lat' dir='ltr'>Medic.</span> <span class='ocrx_word' id='word_1_105' title='bbox 695 1040 715 1061; x_wconf 88' lang='lat' dir='ltr'>a</span> <span class='ocrx_word' id='word_1_106' title='bbox 738 1040 785 1061; x_wconf 90' lang='lat' dir='ltr'>m.</span> <span class='ocrx_word' id='word_1_107' title='bbox 803 1040 858 1074; x_wconf 90' lang='lat' dir='ltr'>pr.</span> 
     </span>
    </p>
   </div>
   <div class='ocr_carea' id='block_1_13' title="bbox 937 1027 1715 1073">
    <p class='ocr_par' dir='ltr' id='par_1_13' title="bbox 937 1027 1715 1073">
     <span class='ocr_line' id='line_1_17' title="bbox 937 1027 1715 1073; baseline -0.001 -10"><span class='ocrx_word' id='word_1_108' title='bbox 937 1027 1009 1063; x_wconf 90' lang='grc'>440</span> <span class='ocrx_word' id='word_1_109' title='bbox 1035 1030 1220 1062; x_wconf 75' lang='lat' dir='ltr'>Caucasea</span> <span class='ocrx_word' id='word_1_110' title='bbox 1240 1028 1311 1063; x_wconf 83' lang='lat' dir='ltr'>alii.</span> <span class='ocrx_word' id='word_1_111' title='bbox 1341 1028 1412 1062; x_wconf 88' lang='lat' dir='ltr'>vid.</span> <span class='ocrx_word' id='word_1_112' title='bbox 1434 1028 1558 1073; x_wconf 85' lang='lat' dir='ltr'>Eclog.</span> <span class='ocrx_word' id='word_1_113' title='bbox 1575 1030 1638 1071; x_wconf 84' lang='lat' dir='ltr'>VI,</span> <span class='ocrx_word' id='word_1_114' title='bbox 1656 1028 1715 1064; x_wconf 81' lang='lat'>42.</span> 
     </span>
    </p>
   </div>
   <div class='ocr_carea' id='block_1_14' title="bbox 179 1071 1716 1170">
    <p class='ocr_par' dir='ltr' id='par_1_14' title="bbox 179 1071 1716 1170">
     <span class='ocr_line' id='line_1_18' title="bbox 181 1071 1713 1121; baseline 0.003 -17"><span class='ocrx_word' id='word_1_115' title='bbox 181 1071 374 1116; x_wconf 83' lang='lat' dir='ltr'>(Caucasio</span> <span class='ocrx_word' id='word_1_116' title='bbox 407 1079 554 1117; x_wconf 86' lang='lat' dir='ltr'>praeter</span> <span class='ocrx_word' id='word_1_117' title='bbox 581 1074 712 1109; x_wconf 87' lang='lat' dir='ltr'>Medic.</span> <span class='ocrx_word' id='word_1_118' title='bbox 743 1075 847 1108; x_wconf 88' lang='lat' dir='ltr'>etiam</span> <span class='ocrx_word' id='word_1_119' title='bbox 873 1076 907 1112; x_wconf 87' lang='lat'>3.</span> <span class='ocrx_word' id='word_1_120' title='bbox 934 1076 968 1110; x_wconf 86' lang='lat'>5.</span> <span class='ocrx_word' id='word_1_121' title='bbox 1005 1075 1077 1109; x_wconf 92' lang='lat' dir='ltr'>vid.</span> <span class='ocrx_word' id='word_1_122' title='bbox 1106 1076 1149 1110; x_wconf 90' lang='lat' dir='ltr'>V.</span> <span class='ocrx_word' id='word_1_123' title='bbox 1178 1075 1219 1108; x_wconf 89' lang='lat' dir='ltr'>L.</span> <span class='ocrx_word' id='word_1_124' title='bbox 1246 1076 1292 1109; x_wconf 86' lang='lat' dir='ltr'>ad</span> <span class='ocrx_word' id='word_1_125' title='bbox 1317 1077 1404 1110; x_wconf 81' lang='lat' dir='ltr'>Aen.</span> <span class='ocrx_word' id='word_1_126' title='bbox 1433 1078 1468 1118; x_wconf 92' lang='lat' dir='ltr'>I,</span> <span class='ocrx_word' id='word_1_127' title='bbox 1493 1077 1576 1111; x_wconf 74' lang='lat'>201.</span> <span class='ocrx_word' id='word_1_128' title='bbox 1616 1076 1713 1121; x_wconf 85' lang='lat' dir='ltr'>Wr.)</span> 
     </span>
     <span class='ocr_line' id='line_1_19' title="bbox 179 1117 1716 1170; baseline 0.003 -18"><span class='ocrx_word' id='word_1_129' title='bbox 179 1117 247 1153; x_wconf 88' lang='lat'>441</span> <span class='ocrx_word' id='word_1_130' title='bbox 274 1121 375 1162; x_wconf 76' lang='lat' dir='ltr'>Quos</span> <span class='ocrx_word' id='word_1_131' title='bbox 391 1126 429 1153; x_wconf 87' lang='lat' dir='ltr'>et</span> <span class='ocrx_word' id='word_1_132' title='bbox 446 1121 623 1155; x_wconf 73' lang='lat' dir='ltr'><em>assiduae</em></span> <span class='ocrx_word' id='word_1_133' title='bbox 638 1121 866 1157; x_wconf 87' lang='lat' dir='ltr'><strong>librariorum</strong></span> <span class='ocrx_word' id='word_1_134' title='bbox 882 1123 1040 1169; x_wconf 86' lang='lat' dir='ltr'><strong>ineptiae</strong></span> <span class='ocrx_word' id='word_1_135' title='bbox 1058 1123 1153 1168; x_wconf 87' lang='lat' dir='ltr'>apud</span> <span class='ocrx_word' id='word_1_136' title='bbox 1174 1124 1291 1158; x_wconf 86' lang='lat' dir='ltr'>Burm.</span> <span class='ocrx_word' id='word_1_137' title='bbox 1340 1131 1542 1170; x_wconf 80' lang='lat' dir='ltr'>teruntque</span> <span class='ocrx_word' id='word_1_138' title='bbox 1558 1123 1716 1158; x_wconf 84' lang='lat' dir='ltr'>malebat</span> 
     </span>
    </p>
   </div>
   <div class='ocr_carea' id='block_1_15' title="bbox 180 1167 286 1201">
    <p class='ocr_par' dir='ltr' id='par_1_15' title="bbox 180 1167 286 1201">
     <span class='ocr_line' id='line_1_20' title="bbox 180 1167 286 1201; baseline -0.019 0"><span class='ocrx_word' id='word_1_139' title='bbox 180 1167 286 1201; x_wconf 90' lang='lat' dir='ltr'>Voss.</span> 
     </span>
    </p>
   </div>
   <div class='ocr_carea' id='block_1_16' title="bbox 165 1275 917 3082">
    <p class='ocr_par' dir='ltr' id='par_1_16' title="bbox 173 1275 917 1795">
     <span class='ocr_line' id='line_1_21' title="bbox 177 1275 912 1329; baseline 0.007 -16"><span class='ocrx_word' id='word_1_140' title='bbox 177 1281 365 1327; x_wconf 84' lang='lat' dir='ltr'>genestae</span> <span class='ocrx_word' id='word_1_141' title='bbox 396 1275 618 1329; x_wconf 85' lang='lat' dir='ltr'>pabulum,</span> <span class='ocrx_word' id='word_1_142' title='bbox 657 1278 912 1328; x_wconf 88' lang='lat' dir='ltr'>umbracula,</span> 
     </span>
     <span class='ocr_line' id='line_1_22' title="bbox 178 1335 916 1391; baseline 0.007 -20"><span class='ocrx_word' id='word_1_143' title='bbox 178 1347 335 1387; x_wconf 85' lang='lat' dir='ltr'>saepes,</span> <span class='ocrx_word' id='word_1_144' title='bbox 377 1335 457 1374; x_wconf 89' lang='lat' dir='ltr'>mel</span> <span class='ocrx_word' id='word_1_145' title='bbox 480 1335 691 1387; x_wconf 81' lang='lat' dir='ltr'>praebent.</span> <span class='ocrx_word' id='word_1_146' title='bbox 734 1335 834 1391; x_wconf 88' lang='lat' dir='ltr'>(vid.</span> <span class='ocrx_word' id='word_1_147' title='bbox 865 1337 916 1386; x_wconf 86' lang='lat' dir='ltr'>Q.</span> 
     </span>
     <span class='ocr_line' id='line_1_23' title="bbox 177 1391 916 1448; baseline 0.003 -16"><span class='ocrx_word' id='word_1_148' title='bbox 177 1392 226 1432; x_wconf 92' lang='lat' dir='ltr'>V.</span> <span class='ocrx_word' id='word_1_149' title='bbox 254 1393 375 1444; x_wconf 86' lang='lat' dir='ltr'>XXI,</span> <span class='ocrx_word' id='word_1_150' title='bbox 414 1395 453 1435; x_wconf 88' lang='lat'>8.</span> <span class='ocrx_word' id='word_1_151' title='bbox 490 1395 562 1433; x_wconf 88' lang='lat' dir='ltr'><em>W</em></span> <span class='ocrx_word' id='word_1_152' title='bbox 555 1391 603 1448; x_wconf 87' lang='lat' dir='ltr'>r.)</span> <span class='ocrx_word' id='word_1_153' title='bbox 639 1398 782 1446; x_wconf 68' lang='lat' dir='ltr'>pecori</span> <span class='ocrx_word' id='word_1_154' title='bbox 795 1426 806 1445; x_wconf 96' lang='lat'>,</span> <span class='ocrx_word' id='word_1_155' title='bbox 846 1410 916 1434; x_wconf 89' lang='lat' dir='ltr'>ca·-</span> 
     </span>
     <span class='ocr_line' id='line_1_24' title="bbox 175 1448 917 1506; baseline 0.005 -17"><span class='ocrx_word' id='word_1_156' title='bbox 175 1451 307 1504; x_wconf 74' lang='lat' dir='ltr'>pellis.</span> <span class='ocrx_word' id='word_1_157' title='bbox 353 1448 461 1494; x_wconf 75' lang='grc'><strong>436.</strong></span> <span class='ocrx_word' id='word_1_158' title='bbox 474 1460 567 1490; x_wconf 79' lang='lat' dir='ltr'>sata</span> <span class='ocrx_word' id='word_1_159' title='bbox 588 1466 672 1491; x_wconf 94' lang='lat' dir='ltr'>non</span> <span class='ocrx_word' id='word_1_160' title='bbox 691 1454 814 1493; x_wconf 89' lang='lat' dir='ltr'>modo</span> <span class='ocrx_word' id='word_1_161' title='bbox 833 1455 917 1506; x_wconf 85' lang='lat' dir='ltr'>agri</span> 
     </span>
     <span class='ocr_line' id='line_1_25' title="bbox 177 1510 916 1562; baseline 0.005 -14"><span class='ocrx_word' id='word_1_162' title='bbox 177 1514 299 1560; x_wconf 85' lang='lat' dir='ltr'>arati,</span> <span class='ocrx_word' id='word_1_163' title='bbox 342 1523 486 1549; x_wconf 87' lang='lat' dir='ltr'>verum</span> <span class='ocrx_word' id='word_1_164' title='bbox 521 1510 669 1562; x_wconf 86' lang='lat' dir='ltr'>etiam,</span> <span class='ocrx_word' id='word_1_165' title='bbox 715 1518 765 1552; x_wconf 82' lang='lat' dir='ltr'>ut</span> <span class='ocrx_word' id='word_1_166' title='bbox 793 1513 916 1552; x_wconf 77' lang='lat' dir='ltr'>toties</span> 
     </span>
     <span class='ocr_line' id='line_1_26' title="bbox 174 1567 912 1619; baseline 0.003 -11"><span class='ocrx_word' id='word_1_167' title='bbox 174 1568 373 1618; x_wconf 83' lang='lat' dir='ltr'>vidimus,</span> <span class='ocrx_word' id='word_1_168' title='bbox 405 1568 529 1607; x_wconf 90' lang='lat' dir='ltr'>modo</span> <span class='ocrx_word' id='word_1_169' title='bbox 556 1567 655 1619; x_wconf 81' lang='lat'>423,</span> <span class='ocrx_word' id='word_1_170' title='bbox 672 1579 769 1610; x_wconf 87' lang='lat' dir='ltr'>sunt</span> <span class='ocrx_word' id='word_1_171' title='bbox 789 1572 912 1610; x_wconf 88' lang='lat' dir='ltr'>arbo--</span> 
     </span>
     <span class='ocr_line' id='line_1_27' title="bbox 173 1627 914 1681; baseline 0.004 -15"><span class='ocrx_word' id='word_1_172' title='bbox 173 1632 285 1677; x_wconf 84' lang='lat' dir='ltr'>reta,</span> <span class='ocrx_word' id='word_1_173' title='bbox 333 1627 476 1666; x_wconf 85' lang='lat' dir='ltr'>vineae</span> <span class='ocrx_word' id='word_1_174' title='bbox 493 1657 504 1677; x_wconf 88' lang='lat'>‚</span> <span class='ocrx_word' id='word_1_175' title='bbox 555 1627 716 1668; x_wconf 81' lang='lat' dir='ltr'>oliveta.</span> <span class='ocrx_word' id='word_1_176' title='bbox 749 1630 914 1681; x_wconf 78' lang='lat' dir='ltr'>pabala</span> 
     </span>
     <span class='ocr_line' id='line_1_28' title="bbox 174 1685 914 1737; baseline 0.007 -14"><span class='ocrx_word' id='word_1_177' title='bbox 174 1685 345 1737; x_wconf 72' lang='lat' dir='ltr'>apibus,</span> <span class='ocrx_word' id='word_1_178' title='bbox 384 1686 543 1725; x_wconf 87' lang='lat' dir='ltr'>variata</span> <span class='ocrx_word' id='word_1_179' title='bbox 570 1686 754 1726; x_wconf 86' lang='lat' dir='ltr'>oratione</span> <span class='ocrx_word' id='word_1_180' title='bbox 776 1694 817 1727; x_wconf 86' lang='lat' dir='ltr'>et</span> <span class='ocrx_word' id='word_1_181' title='bbox 838 1702 914 1727; x_wconf 84' lang='lat' dir='ltr'>ex-</span> 
     </span>
     <span class='ocr_line' id='line_1_29' title="bbox 174 1743 688 1795; baseline 0.004 -13"><span class='ocrx_word' id='word_1_182' title='bbox 174 1743 384 1795; x_wconf 84' lang='lat' dir='ltr'>quisitiore</span> <span class='ocrx_word' id='word_1_183' title='bbox 396 1774 406 1794; x_wconf 96' lang='lat'>,</span> <span class='ocrx_word' id='word_1_184' title='bbox 438 1745 551 1782; x_wconf 65' lang='lat' dir='ltr'>melli</span> <span class='ocrx_word' id='word_1_185' title='bbox 570 1744 688 1784; x_wconf 75' lang='lat' dir='ltr'>dixit.</span> 
     </span>
    </p>

    <p class='ocr_par' dir='ltr' id='par_1_17' title="bbox 165 1801 915 3082">
     <span class='ocr_line' id='line_1_30' title="bbox 233 1801 912 1843; baseline 0 0"><span class='ocrx_word' id='word_1_186' title='bbox 233 1801 332 1843; x_wconf 86' lang='lat'>437.</span> <span class='ocrx_word' id='word_1_187' title='bbox 360 1802 490 1841; x_wconf 90' lang='lat' dir='ltr'>Locus</span> <span class='ocrx_word' id='word_1_188' title='bbox 511 1809 692 1842; x_wconf 87' lang='lat' dir='ltr'>ornatus.</span> <span class='ocrx_word' id='word_1_189' title='bbox 731 1803 912 1843; x_wconf 86' lang='lat' dir='ltr'>Primum</span> 
     </span>
     <span class='ocr_line' id='line_1_31' title="bbox 172 1860 915 1914; baseline 0.003 -15"><span class='ocrx_word' id='word_1_190' title='bbox 172 1860 391 1899; x_wconf 88' lang='lat' dir='ltr'>formulam</span> <span class='ocrx_word' id='word_1_191' title='bbox 429 1860 550 1899; x_wconf 83' lang='lat' dir='ltr'>docte</span> <span class='ocrx_word' id='word_1_192' title='bbox 578 1862 756 1901; x_wconf 81' lang='lat' dir='ltr'>variavit</span> <span class='ocrx_word' id='word_1_193' title='bbox 793 1868 915 1914; x_wconf 84' lang='lat' dir='ltr'>poeta</span> 
     </span>
     <span class='ocr_line' id='line_1_32' title="bbox 172 1919 913 1971; baseline 0.003 -14"><span class='ocrx_word' id='word_1_194' title='bbox 172 1932 251 1971; x_wconf 92' lang='lat' dir='ltr'>pro</span> <span class='ocrx_word' id='word_1_195' title='bbox 273 1919 449 1970; x_wconf 83' lang='lat' dir='ltr'>vulgari:</span> <span class='ocrx_word' id='word_1_196' title='bbox 492 1933 617 1971; x_wconf 87' lang='lat' dir='ltr'>porro</span> <span class='ocrx_word' id='word_1_197' title='bbox 638 1920 759 1959; x_wconf 89' lang='lat' dir='ltr'>etiam</span> <span class='ocrx_word' id='word_1_198' title='bbox 777 1921 913 1960; x_wconf 85' lang='lat' dir='ltr'>buxus</span> 
     </span>
     <span class='ocr_line' id='line_1_33' title="bbox 172 1976 914 2033; baseline 0.005 -19"><span class='ocrx_word' id='word_1_199' title='bbox 172 1983 290 2029; x_wconf 85' lang='lat' dir='ltr'>grata</span> <span class='ocrx_word' id='word_1_200' title='bbox 312 1977 435 2015; x_wconf 87' lang='lat' dir='ltr'>arbor</span> <span class='ocrx_word' id='word_1_201' title='bbox 453 1983 511 2016; x_wconf 92' lang='lat' dir='ltr'>est</span> <span class='ocrx_word' id='word_1_202' title='bbox 526 1984 566 2016; x_wconf 86' lang='lat' dir='ltr'>et</span> <span class='ocrx_word' id='word_1_203' title='bbox 587 1978 712 2031; x_wconf 87' lang='lat' dir='ltr'>picea.</span> <span class='ocrx_word' id='word_1_204' title='bbox 737 1976 806 2033; x_wconf 85' lang='lat' dir='ltr'>(de</span> <span class='ocrx_word' id='word_1_205' title='bbox 823 1985 914 2018; x_wconf 82' lang='lat' dir='ltr'>tota</span> 
     </span>
     <span class='ocr_line' id='line_1_34' title="bbox 173 2035 912 2076; baseline 0.004 -3"><span class='ocrx_word' id='word_1_206' title='bbox 173 2035 371 2074; x_wconf 82' lang='lat' dir='ltr'>orationis</span> <span class='ocrx_word' id='word_1_207' title='bbox 391 2036 521 2075; x_wconf 87' lang='lat' dir='ltr'>forma</span> <span class='ocrx_word' id='word_1_208' title='bbox 541 2049 701 2075; x_wconf 89' lang='lat' dir='ltr'>necesse</span> <span class='ocrx_word' id='word_1_209' title='bbox 728 2043 789 2076; x_wconf 88' lang='lat' dir='ltr'>est</span> <span class='ocrx_word' id='word_1_210' title='bbox 811 2051 912 2076; x_wconf 89' lang='lat' dir='ltr'>con-</span> 
     </span>
     <span class='ocr_line' id='line_1_35' title="bbox 172 2093 912 2146; baseline 0.005 -15"><span class='ocrx_word' id='word_1_211' title='bbox 172 2093 361 2132; x_wconf 78' lang='lat' dir='ltr'>sulantur</span> <span class='ocrx_word' id='word_1_212' title='bbox 394 2107 463 2144; x_wconf 87' lang='lat' dir='ltr'>ea,</span> <span class='ocrx_word' id='word_1_213' title='bbox 506 2108 609 2146; x_wconf 87' lang='lat' dir='ltr'>quae</span> <span class='ocrx_word' id='word_1_214' title='bbox 641 2095 686 2134; x_wconf 90' lang='lat' dir='ltr'>in</span> <span class='ocrx_word' id='word_1_215' title='bbox 720 2096 767 2135; x_wconf 92' lang='lat' dir='ltr'>V.</span> <span class='ocrx_word' id='word_1_216' title='bbox 793 2096 836 2135; x_wconf 92' lang='lat' dir='ltr'>L.</span> <span class='ocrx_word' id='word_1_217' title='bbox 859 2096 912 2135; x_wconf 86' lang='lat' dir='ltr'>ad</span> 
     </span>
     <span class='ocr_line' id='line_1_36' title="bbox 171 2151 912 2209; baseline 0.005 -17"><span class='ocrx_word' id='word_1_218' title='bbox 171 2166 231 2192; x_wconf 80' lang='lat' dir='ltr'>VS.</span> <span class='ocrx_word' id='word_1_219' title='bbox 261 2151 359 2194; x_wconf 87' lang='lat'>434.</span> <span class='ocrx_word' id='word_1_220' title='bbox 394 2153 638 2206; x_wconf 87' lang='lat' dir='ltr'>scripsimus.</span> <span class='ocrx_word' id='word_1_221' title='bbox 676 2152 788 2209; x_wconf 83' lang='lat' dir='ltr'>Wr.)</span> <span class='ocrx_word' id='word_1_222' title='bbox 832 2155 912 2207; x_wconf 66' lang='lat' dir='ltr'>QV—</span> 
     </span>
     <span class='ocr_line' id='line_1_37' title="bbox 170 2210 909 2264; baseline 0.005 -16"><span class='ocrx_word' id='word_1_223' title='bbox 170 2219 279 2249; x_wconf 76' lang='lat' dir='ltr'>torus</span> <span class='ocrx_word' id='word_1_224' title='bbox 297 2210 593 2264; x_wconf 82' lang='lat' dir='ltr'>Paphlagoniae</span> <span class='ocrx_word' id='word_1_225' title='bbox 611 2226 730 2251; x_wconf 90' lang='lat' dir='ltr'>mons</span> <span class='ocrx_word' id='word_1_226' title='bbox 756 2213 799 2251; x_wconf 90' lang='lat' dir='ltr'>in</span> <span class='ocrx_word' id='word_1_227' title='bbox 818 2219 909 2252; x_wconf 84' lang='lat' dir='ltr'>tra-</span> 
     </span>
     <span class='ocr_line' id='line_1_38' title="bbox 171 2269 907 2320; baseline 0.004 -13"><span class='ocrx_word' id='word_1_228' title='bbox 171 2275 243 2308; x_wconf 87' lang='lat' dir='ltr'>ctu</span> <span class='ocrx_word' id='word_1_229' title='bbox 261 2269 477 2320; x_wconf 84' lang='lat' dir='ltr'>maritimo,</span> <span class='ocrx_word' id='word_1_230' title='bbox 500 2270 612 2310; x_wconf 80' lang='lat' dir='ltr'>buxo</span> <span class='ocrx_word' id='word_1_231' title='bbox 633 2271 791 2310; x_wconf 88' lang='lat' dir='ltr'>nobilis.</span> <span class='ocrx_word' id='word_1_232' title='bbox 821 2271 907 2311; x_wconf 84' lang='lat' dir='ltr'>vid.</span> 
     </span>
     <span class='ocr_line' id='line_1_39' title="bbox 171 2327 903 2382; baseline 0.004 -17"><span class='ocrx_word' id='word_1_233' title='bbox 171 2327 224 2365; x_wconf 83' lang='lat' dir='ltr'>ad</span> <span class='ocrx_word' id='word_1_234' title='bbox 243 2327 387 2367; x_wconf 88' lang='lat' dir='ltr'>Catull.</span> <span class='ocrx_word' id='word_1_235' title='bbox 416 2327 456 2378; x_wconf 84' lang='lat'>4,</span> <span class='ocrx_word' id='word_1_236' title='bbox 479 2331 531 2370; x_wconf 83' lang='lat'>13</span> <span class='ocrx_word' id='word_1_237' title='bbox 567 2330 704 2381; x_wconf 80' lang='lat' dir='ltr'>Cytore</span> <span class='ocrx_word' id='word_1_238' title='bbox 731 2329 903 2382; x_wconf 65' lang='lat' dir='ltr'>buxffer.</span> 
     </span>
     <span class='ocr_line' id='line_1_40' title="bbox 169 2384 908 2427; baseline 0.004 -3"><span class='ocrx_word' id='word_1_239' title='bbox 169 2384 393 2424; x_wconf 88' lang='lat' dir='ltr'>Adiacebat</span> <span class='ocrx_word' id='word_1_240' title='bbox 412 2386 511 2425; x_wconf 87' lang='lat' dir='ltr'>urbs</span> <span class='ocrx_word' id='word_1_241' title='bbox 536 2387 715 2427; x_wconf 88' lang='lat' dir='ltr'>eiusdem</span> <span class='ocrx_word' id='word_1_242' title='bbox 734 2388 908 2427; x_wconf 88' lang='lat' dir='ltr'>nominis</span> 
     </span>
     <span class='ocr_line' id='line_1_41' title="bbox 171 2442 908 2499; baseline 0.004 -17"><span class='ocrx_word' id='word_1_243' title='bbox 171 2442 278 2497; x_wconf 87' lang='lat' dir='ltr'>(loca</span> <span class='ocrx_word' id='word_1_244' title='bbox 292 2451 482 2484; x_wconf 86' lang='lat' dir='ltr'>veterum</span> <span class='ocrx_word' id='word_1_245' title='bbox 499 2452 596 2485; x_wconf 82' lang='lat' dir='ltr'>sunt</span> <span class='ocrx_word' id='word_1_246' title='bbox 606 2446 716 2499; x_wconf 87' lang='lat' dir='ltr'>apud</span> <span class='ocrx_word' id='word_1_247' title='bbox 736 2447 908 2485; x_wconf 88' lang='lat' dir='ltr'>Cerdam</span> 
     </span>
     <span class='ocr_line' id='line_1_42' title="bbox 169 2502 902 2557; baseline 0.004 -17"><span class='ocrx_word' id='word_1_248' title='bbox 169 2508 211 2541; x_wconf 84' lang='lat' dir='ltr'>et</span> <span class='ocrx_word' id='word_1_249' title='bbox 232 2502 488 2557; x_wconf 73' lang='lat' dir='ltr'>Martinam).</span> <span class='ocrx_word' id='word_1_250' title='bbox 531 2505 752 2543; x_wconf 76' lang='lat' dir='ltr'>undantem</span> <span class='ocrx_word' id='word_1_251' title='bbox 782 2505 902 2555; x_wconf 72' lang='lat' dir='ltr'>buxo,</span> 
     </span>
     <span class='ocr_line' id='line_1_43' title="bbox 167 2559 902 2615; baseline 0.003 -16"><span class='ocrx_word' id='word_1_252' title='bbox 167 2561 436 2599; x_wconf 82' lang='lat' dir='ltr'>fluctuantem</span> <span class='ocrx_word' id='word_1_253' title='bbox 451 2576 461 2611; x_wconf 89' lang='lat'>;</span> <span class='ocrx_word' id='word_1_254' title='bbox 495 2559 595 2615; x_wconf 91' lang='lat' dir='ltr'>(non</span> <span class='ocrx_word' id='word_1_255' title='bbox 613 2562 902 2613; x_wconf 78' lang='lat' dir='ltr'>abundantem,</span> 
     </span>
     <span class='ocr_line' id='line_1_44' title="bbox 167 2619 904 2671; baseline 0.003 -13"><span class='ocrx_word' id='word_1_256' title='bbox 167 2625 217 2658; x_wconf 87' lang='lat' dir='ltr'>ut</span> <span class='ocrx_word' id='word_1_257' title='bbox 243 2619 568 2671; x_wconf 76' lang='lat' dir='ltr'>interpretantur</span> <span class='ocrx_word' id='word_1_258' title='bbox 608 2620 727 2660; x_wconf 79' lang='lat' dir='ltr'>codd.</span> <span class='ocrx_word' id='word_1_259' title='bbox 762 2623 904 2661; x_wconf 82' lang='lat' dir='ltr'>Servv.</span> 
     </span>
     <span class='ocr_line' id='line_1_45' title="bbox 168 2678 906 2731; baseline 0.001 -15"><span class='ocrx_word' id='word_1_260' title='bbox 168 2678 216 2716; x_wconf 89' lang='lat' dir='ltr'>G.</span> <span class='ocrx_word' id='word_1_261' title='bbox 237 2684 278 2716; x_wconf 86' lang='lat' dir='ltr'>et</span> <span class='ocrx_word' id='word_1_262' title='bbox 302 2678 442 2717; x_wconf 86' lang='lat' dir='ltr'>Dresd.</span> <span class='ocrx_word' id='word_1_263' title='bbox 462 2684 502 2716; x_wconf 87' lang='lat' dir='ltr'>et</span> <span class='ocrx_word' id='word_1_264' title='bbox 529 2678 715 2731; x_wconf 81' lang='lat' dir='ltr'>Wagner.</span> <span class='ocrx_word' id='word_1_265' title='bbox 747 2679 800 2718; x_wconf 80' lang='lat' dir='ltr'>ad</span> <span class='ocrx_word' id='word_1_266' title='bbox 821 2680 906 2719; x_wconf 92' lang='lat' dir='ltr'>Va-</span> 
     </span>
     <span class='ocr_line' id='line_1_46' title="bbox 166 2735 906 2791; baseline 0 -16"><span class='ocrx_word' id='word_1_267' title='bbox 166 2737 239 2775; x_wconf 89' lang='lat' dir='ltr'>ler.</span> <span class='ocrx_word' id='word_1_268' title='bbox 257 2736 316 2775; x_wconf 85' lang='lat' dir='ltr'>Fl.</span> <span class='ocrx_word' id='word_1_269' title='bbox 336 2750 425 2789; x_wconf 87' lang='lat' dir='ltr'>pag.</span> <span class='ocrx_word' id='word_1_270' title='bbox 447 2738 514 2778; x_wconf 83' lang='lat'>39.</span> <span class='ocrx_word' id='word_1_271' title='bbox 549 2738 620 2776; x_wconf 87' lang='lat' dir='ltr'><em>W</em></span> <span class='ocrx_word' id='word_1_272' title='bbox 614 2735 663 2791; x_wconf 88' lang='lat' dir='ltr'>r.)</span> <span class='ocrx_word' id='word_1_273' title='bbox 704 2751 782 2788; x_wconf 86' lang='lat' dir='ltr'>qua</span> <span class='ocrx_word' id='word_1_274' title='bbox 801 2738 906 2775; x_wconf 89' lang='lat' dir='ltr'>ima-</span> 
     </span>
     <span class='ocr_line' id='line_1_47' title="bbox 166 2795 906 2848; baseline 0 -15"><span class='ocrx_word' id='word_1_275' title='bbox 166 2795 257 2848; x_wconf 90' lang='lat' dir='ltr'>gine</span> <span class='ocrx_word' id='word_1_276' title='bbox 285 2801 486 2847; x_wconf 82' lang='lat' dir='ltr'>segetum,</span> <span class='ocrx_word' id='word_1_277' title='bbox 526 2795 744 2845; x_wconf 85' lang='lat' dir='ltr'>fruticum,</span> <span class='ocrx_word' id='word_1_278' title='bbox 777 2802 818 2833; x_wconf 91' lang='lat' dir='ltr'>et</span> <span class='ocrx_word' id='word_1_279' title='bbox 837 2810 906 2834; x_wconf 88' lang='lat' dir='ltr'>ar—</span> 
     </span>
     <span class='ocr_line' id='line_1_48' title="bbox 165 2852 908 2905; baseline -0.001 -13"><span class='ocrx_word' id='word_1_280' title='bbox 165 2853 383 2893; x_wconf 87' lang='lat' dir='ltr'>bustorum</span> <span class='ocrx_word' id='word_1_281' title='bbox 400 2853 506 2891; x_wconf 85' lang='lat' dir='ltr'>laeta</span> <span class='ocrx_word' id='word_1_282' title='bbox 522 2852 644 2891; x_wconf 84' lang='lat' dir='ltr'>facies</span> <span class='ocrx_word' id='word_1_283' title='bbox 661 2853 908 2905; x_wconf 67' lang='lat' dir='ltr'>frequentis—</span> 
     </span>
     <span class='ocr_line' id='line_1_49' title="bbox 166 2910 906 2965; baseline 0 -15"><span class='ocrx_word' id='word_1_284' title='bbox 166 2912 264 2951; x_wconf 88' lang='lat' dir='ltr'>sime</span> <span class='ocrx_word' id='word_1_285' title='bbox 287 2926 311 2950; x_wconf 91' lang='lat' dir='ltr'>a</span> <span class='ocrx_word' id='word_1_286' title='bbox 339 2912 469 2965; x_wconf 86' lang='lat' dir='ltr'>poetis</span> <span class='ocrx_word' id='word_1_287' title='bbox 493 2910 721 2951; x_wconf 83' lang='lat' dir='ltr'>exhibetur.</span> <span class='ocrx_word' id='word_1_288' title='bbox 781 2912 906 2950; x_wconf 82' lang='lat' dir='ltr'>Docte</span> 
     </span>
     <span class='ocr_line' id='line_1_50' title="bbox 165 2969 907 3023; baseline -0.004 -13"><span class='ocrx_word' id='word_1_289' title='bbox 165 2984 292 3023; x_wconf 87' lang='lat' dir='ltr'>porro</span> <span class='ocrx_word' id='word_1_290' title='bbox 323 2970 543 3009; x_wconf 73' lang='lat' dir='ltr'>undantem</span> <span class='ocrx_word' id='word_1_291' title='bbox 578 2969 684 3007; x_wconf 78' lang='lat' dir='ltr'>buxo</span> <span class='ocrx_word' id='word_1_292' title='bbox 719 2970 907 3022; x_wconf 80' lang='lat' dir='ltr'>Cytorum</span> 
     </span>
     <span class='ocr_line' id='line_1_51' title="bbox 165 3026 906 3082; baseline -0.003 -14"><span class='ocrx_word' id='word_1_293' title='bbox 165 3042 264 3082; x_wconf 88' lang='lat' dir='ltr'>pro,</span> <span class='ocrx_word' id='word_1_294' title='bbox 304 3029 464 3069; x_wconf 84' lang='lat' dir='ltr'>buxum</span> <span class='ocrx_word' id='word_1_295' title='bbox 493 3026 721 3067; x_wconf 83' lang='lat' dir='ltr'>undantem</span> <span class='ocrx_word' id='word_1_296' title='bbox 749 3028 791 3067; x_wconf 90' lang='lat' dir='ltr'>in</span> <span class='ocrx_word' id='word_1_297' title='bbox 822 3028 906 3081; x_wconf 85' lang='lat' dir='ltr'>Cy-</span> 
     </span>
    </p>
   </div>
   <div class='ocr_carea' id='block_1_17' title="bbox 966 1277 1729 2323">
    <p class='ocr_par' dir='ltr' id='par_1_18' title="bbox 966 1277 1729 2323">
     <span class='ocr_line' id='line_1_52' title="bbox 974 1277 1714 1330; baseline -0.001 -13"><span class='ocrx_word' id='word_1_298' title='bbox 974 1284 1080 1318; x_wconf 85' lang='lat' dir='ltr'>toro.</span> <span class='ocrx_word' id='word_1_299' title='bbox 1112 1280 1233 1318; x_wconf 77' lang='lat' dir='ltr'>Buxi</span> <span class='ocrx_word' id='word_1_300' title='bbox 1249 1283 1385 1317; x_wconf 90' lang='lat' dir='ltr'>autem</span> <span class='ocrx_word' id='word_1_301' title='bbox 1402 1283 1556 1330; x_wconf 88' lang='lat' dir='ltr'>quanta</span> <span class='ocrx_word' id='word_1_302' title='bbox 1566 1277 1610 1316; x_wconf 89' lang='lat' dir='ltr'>in</span> <span class='ocrx_word' id='word_1_303' title='bbox 1626 1278 1714 1317; x_wconf 86' lang='lat' dir='ltr'>aliis</span> 
     </span>
     <span class='ocr_line' id='line_1_53' title="bbox 974 1336 1712 1390; baseline 0 -15"><span class='ocrx_word' id='word_1_304' title='bbox 974 1337 1095 1376; x_wconf 83' lang='lat' dir='ltr'>terris</span> <span class='ocrx_word' id='word_1_305' title='bbox 1124 1336 1364 1390; x_wconf 82' lang='lat' dir='ltr'>magnitudo</span> <span class='ocrx_word' id='word_1_306' title='bbox 1390 1336 1464 1387; x_wconf 88' lang='lat' dir='ltr'>sit,</span> <span class='ocrx_word' id='word_1_307' title='bbox 1484 1336 1570 1376; x_wconf 66' lang='lat' dir='ltr'>&#39;vel</span> <span class='ocrx_word' id='word_1_308' title='bbox 1593 1349 1645 1375; x_wconf 80' lang='lat' dir='ltr'>ex</span> <span class='ocrx_word' id='word_1_309' title='bbox 1665 1350 1712 1375; x_wconf 89' lang='lat' dir='ltr'>eo</span> 
     </span>
     <span class='ocr_line' id='line_1_54' title="bbox 976 1394 1712 1448; baseline 0 -14"><span class='ocrx_word' id='word_1_310' title='bbox 976 1395 1128 1446; x_wconf 86' lang='lat' dir='ltr'>discas,</span> <span class='ocrx_word' id='word_1_311' title='bbox 1168 1396 1281 1448; x_wconf 88' lang='lat' dir='ltr'>quod</span> <span class='ocrx_word' id='word_1_312' title='bbox 1318 1394 1423 1434; x_wconf 91' lang='lat' dir='ltr'>Bion</span> <span class='ocrx_word' id='word_1_313' title='bbox 1453 1394 1571 1448; x_wconf 88' lang='lat' dir='ltr'>Idyll.</span> <span class='ocrx_word' id='word_1_314' title='bbox 1604 1395 1661 1445; x_wconf 89' lang='lat' dir='ltr'>H,</span> <span class='ocrx_word' id='word_1_315' title='bbox 1685 1398 1712 1438; x_wconf 83' lang='lat'>3</span> 
     </span>
     <span class='ocr_line' id='line_1_55' title="bbox 973 1453 1712 1507; baseline -0.001 -14"><span class='ocrx_word' id='word_1_316' title='bbox 973 1468 1150 1507; x_wconf 88' lang='lat' dir='ltr'>parvum</span> <span class='ocrx_word' id='word_1_317' title='bbox 1169 1453 1361 1493; x_wconf 88' lang='lat' dir='ltr'>Amorem</span> <span class='ocrx_word' id='word_1_318' title='bbox 1383 1467 1456 1506; x_wconf 88' lang='lat' dir='ltr'>per</span> <span class='ocrx_word' id='word_1_319' title='bbox 1478 1454 1562 1493; x_wconf 91' lang='lat' dir='ltr'>eius</span> <span class='ocrx_word' id='word_1_320' title='bbox 1577 1467 1712 1492; x_wconf 90' lang='lat' dir='ltr'>ramos</span> 
     </span>
     <span class='ocr_line' id='line_1_56' title="bbox 974 1511 1711 1554; baseline 0 -3"><span class='ocrx_word' id='word_1_321' title='bbox 974 1511 1058 1551; x_wconf 86' lang='lat' dir='ltr'>huc</span> <span class='ocrx_word' id='word_1_322' title='bbox 1081 1512 1179 1552; x_wconf 91' lang='lat' dir='ltr'>illuc</span> <span class='ocrx_word' id='word_1_323' title='bbox 1195 1513 1437 1552; x_wconf 86' lang='lat' dir='ltr'>insilientem</span> <span class='ocrx_word' id='word_1_324' title='bbox 1454 1512 1567 1551; x_wconf 86' lang='lat' dir='ltr'>facit.</span> <span class='ocrx_word' id='word_1_325' title='bbox 1612 1511 1711 1554; x_wconf 86' lang='lat'>438.</span> 
     </span>
     <span class='ocr_line' id='line_1_57' title="bbox 971 1570 1712 1624; baseline -0.003 -14"><span class='ocrx_word' id='word_1_326' title='bbox 971 1571 1047 1610; x_wconf 83' lang='lat' dir='ltr'>Pix</span> <span class='ocrx_word' id='word_1_327' title='bbox 1086 1585 1107 1609; x_wconf 92' lang='lat' dir='ltr'>e</span> <span class='ocrx_word' id='word_1_328' title='bbox 1144 1572 1325 1624; x_wconf 89' lang='lat' dir='ltr'>plurium</span> <span class='ocrx_word' id='word_1_329' title='bbox 1356 1570 1550 1610; x_wconf 87' lang='lat' dir='ltr'>arborum</span> <span class='ocrx_word' id='word_1_330' title='bbox 1578 1570 1712 1609; x_wconf 87' lang='lat' dir='ltr'>resina</span> 
     </span>
     <span class='ocr_line' id='line_1_58' title="bbox 971 1629 1709 1682; baseline 0.001 -14"><span class='ocrx_word' id='word_1_331' title='bbox 971 1629 1043 1680; x_wconf 86' lang='lat' dir='ltr'>fit,</span> <span class='ocrx_word' id='word_1_332' title='bbox 1090 1630 1265 1669; x_wconf 84' lang='lat' dir='ltr'>maxime</span> <span class='ocrx_word' id='word_1_333' title='bbox 1304 1643 1355 1668; x_wconf 87' lang='lat' dir='ltr'>ex</span> <span class='ocrx_word' id='word_1_334' title='bbox 1378 1629 1482 1682; x_wconf 90' lang='lat' dir='ltr'>pinu</span> <span class='ocrx_word' id='word_1_335' title='bbox 1511 1643 1559 1668; x_wconf 89' lang='lat' dir='ltr'>ac</span> <span class='ocrx_word' id='word_1_336' title='bbox 1584 1629 1709 1682; x_wconf 88' lang='lat' dir='ltr'>picea.</span> 
     </span>
     <span class='ocr_line' id='line_1_59' title="bbox 971 1687 1729 1740; baseline -0.001 -13"><span class='ocrx_word' id='word_1_337' title='bbox 971 1688 1073 1727; x_wconf 89' lang='lat' dir='ltr'>Plin.</span> <span class='ocrx_word' id='word_1_338' title='bbox 1102 1688 1218 1739; x_wconf 87' lang='lat' dir='ltr'>XIV,</span> <span class='ocrx_word' id='word_1_339' title='bbox 1242 1691 1321 1740; x_wconf 86' lang='lat'>20,</span> <span class='ocrx_word' id='word_1_340' title='bbox 1373 1702 1404 1727; x_wconf 79' lang='lat' dir='ltr'>S.</span> <span class='ocrx_word' id='word_1_341' title='bbox 1440 1687 1497 1731; x_wconf 83' lang='lat'>25</span> <span class='ocrx_word' id='word_1_342' title='bbox 1540 1689 1729 1740; x_wconf 53' lang='lat' dir='ltr'>Naryxs</span> 
     </span>
     <span class='ocr_line' id='line_1_60' title="bbox 971 1747 1705 1799; baseline -0.001 -14"><span class='ocrx_word' id='word_1_343' title='bbox 971 1747 1039 1786; x_wconf 82' lang='lat' dir='ltr'>vel</span> <span class='ocrx_word' id='word_1_344' title='bbox 1073 1748 1290 1799; x_wconf 73' lang='lat' dir='ltr'>Narycum</span> <span class='ocrx_word' id='word_1_345' title='bbox 1306 1777 1317 1796; x_wconf 92' lang='lat'>,</span> <span class='ocrx_word' id='word_1_346' title='bbox 1369 1751 1412 1785; x_wconf 83' lang='lat' dir='ltr'>et</span> <span class='ocrx_word' id='word_1_347' title='bbox 1450 1747 1682 1799; x_wconf 76' lang='lat' dir='ltr'>Naryciam</span> <span class='ocrx_word' id='word_1_348' title='bbox 1694 1777 1705 1796; x_wconf 88' lang='lat'>,</span> 
     </span>
     <span class='ocr_line' id='line_1_61' title="bbox 970 1804 1709 1858; baseline 0 -15"><span class='ocrx_word' id='word_1_349' title='bbox 970 1805 1195 1844; x_wconf 89' lang='lat' dir='ltr'>Locrorum</span> <span class='ocrx_word' id='word_1_350' title='bbox 1208 1804 1576 1858; x_wconf 88' lang='lat' dir='ltr'>Epicnemidiorum</span> <span class='ocrx_word' id='word_1_351' title='bbox 1597 1804 1709 1855; x_wconf 77' lang='lat' dir='ltr'>urbs,</span> 
     </span>
     <span class='ocr_line' id='line_1_62' title="bbox 973 1860 1708 1916; baseline 0 -14"><span class='ocrx_word' id='word_1_352' title='bbox 973 1860 1081 1916; x_wconf 89' lang='lat' dir='ltr'>(non</span> <span class='ocrx_word' id='word_1_353' title='bbox 1123 1863 1396 1916; x_wconf 89' lang='lat' dir='ltr'>Epicnemid.,</span> <span class='ocrx_word' id='word_1_354' title='bbox 1426 1862 1496 1901; x_wconf 84' lang='lat' dir='ltr'>sed</span> <span class='ocrx_word' id='word_1_355' title='bbox 1528 1863 1708 1916; x_wconf 91' lang='lat' dir='ltr'>Opun-</span> 
     </span>
     <span class='ocr_line' id='line_1_63' title="bbox 970 1919 1708 1975; baseline 0.001 -15"><span class='ocrx_word' id='word_1_356' title='bbox 970 1921 1188 1960; x_wconf 85' lang='lat' dir='ltr'>tiorum.</span> <span class='ocrx_word' id='word_1_357' title='bbox 1234 1919 1353 1975; x_wconf 85' lang='lat' dir='ltr'>Wr.)</span> <span class='ocrx_word' id='word_1_358' title='bbox 1394 1920 1525 1959; x_wconf 88' lang='lat' dir='ltr'>Aiacis</span> <span class='ocrx_word' id='word_1_359' title='bbox 1557 1921 1708 1975; x_wconf 88' lang='lat' dir='ltr'>patria.</span> 
     </span>
     <span class='ocr_line' id='line_1_64' title="bbox 969 1979 1708 2019; baseline 0 -1"><span class='ocrx_word' id='word_1_360' title='bbox 969 1979 1056 2018; x_wconf 88' lang='lat' dir='ltr'>Iam</span> <span class='ocrx_word' id='word_1_361' title='bbox 1076 1980 1126 2019; x_wconf 89' lang='lat' dir='ltr'>ab</span> <span class='ocrx_word' id='word_1_362' title='bbox 1144 1979 1209 2018; x_wconf 84' lang='lat' dir='ltr'>his</span> <span class='ocrx_word' id='word_1_363' title='bbox 1225 1980 1364 2018; x_wconf 87' lang='lat' dir='ltr'>Locris</span> <span class='ocrx_word' id='word_1_364' title='bbox 1385 1979 1542 2018; x_wconf 84' lang='lat' dir='ltr'>colonia</span> <span class='ocrx_word' id='word_1_365' title='bbox 1561 1980 1604 2018; x_wconf 89' lang='lat' dir='ltr'>in</span> <span class='ocrx_word' id='word_1_366' title='bbox 1621 1979 1708 2018; x_wconf 85' lang='lat' dir='ltr'>Ita-</span> 
     </span>
     <span class='ocr_line' id='line_1_65' title="bbox 970 2038 1706 2078; baseline 0.001 -2"><span class='ocrx_word' id='word_1_367' title='bbox 970 2038 1066 2077; x_wconf 90' lang='lat' dir='ltr'>liam</span> <span class='ocrx_word' id='word_1_368' title='bbox 1109 2038 1288 2077; x_wconf 83' lang='lat' dir='ltr'>deducta</span> <span class='ocrx_word' id='word_1_369' title='bbox 1324 2039 1478 2077; x_wconf 87' lang='lat' dir='ltr'>Locros·</span> <span class='ocrx_word' id='word_1_370' title='bbox 1502 2038 1706 2078; x_wconf 87' lang='lat' dir='ltr'>condidit.</span> 
     </span>
     <span class='ocr_line' id='line_1_66' title="bbox 970 2095 1706 2148; baseline 0 -13"><span class='ocrx_word' id='word_1_371' title='bbox 970 2097 1076 2136; x_wconf 89' lang='lat' dir='ltr'>conf.</span> <span class='ocrx_word' id='word_1_372' title='bbox 1102 2096 1201 2136; x_wconf 89' lang='lat' dir='ltr'>Aen.</span> <span class='ocrx_word' id='word_1_373' title='bbox 1225 2097 1292 2148; x_wconf 86' lang='grc' dir='ltr'>ΙΙΙ,</span> <span class='ocrx_word' id='word_1_374' title='bbox 1316 2099 1414 2139; x_wconf 86' lang='grc'><strong>399.</strong></span> <span class='ocrx_word' id='word_1_375' title='bbox 1474 2095 1539 2135; x_wconf 85' lang='lat' dir='ltr'>Ad</span> <span class='ocrx_word' id='word_1_376' title='bbox 1567 2103 1706 2136; x_wconf 85' lang='lat' dir='ltr'>utram</span> 
     </span>
     <span class='ocr_line' id='line_1_67' title="bbox 966 2155 1705 2208; baseline 0 -14"><span class='ocrx_word' id='word_1_377' title='bbox 966 2156 1173 2208; x_wconf 83' lang='lat' dir='ltr'>regionem</span> <span class='ocrx_word' id='word_1_378' title='bbox 1201 2158 1281 2208; x_wconf 79' lang='lat' dir='ltr'>pix</span> <span class='ocrx_word' id='word_1_379' title='bbox 1324 2156 1537 2207; x_wconf 73' lang='lat' dir='ltr'>Narycia,</span> <span class='ocrx_word' id='word_1_380' title='bbox 1591 2155 1705 2195; x_wconf 89' lang='lat' dir='ltr'>cuius</span> 
     </span>
     <span class='ocr_line' id='line_1_68' title="bbox 967 2213 1706 2264; baseline 0.001 -13"><span class='ocrx_word' id='word_1_381' title='bbox 967 2220 1010 2252; x_wconf 86' lang='lat' dir='ltr'>et</span> <span class='ocrx_word' id='word_1_382' title='bbox 1038 2214 1259 2253; x_wconf 88' lang='lat' dir='ltr'>Columella</span> <span class='ocrx_word' id='word_1_383' title='bbox 1286 2214 1347 2264; x_wconf 86' lang='lat' dir='ltr'>X,</span> <span class='ocrx_word' id='word_1_384' title='bbox 1373 2215 1457 2256; x_wconf 84' lang='lat'>386</span> <span class='ocrx_word' id='word_1_385' title='bbox 1485 2219 1526 2252; x_wconf 89' lang='lat' dir='ltr'>et</span> <span class='ocrx_word' id='word_1_386' title='bbox 1551 2213 1706 2253; x_wconf 88' lang='lat' dir='ltr'>Plinius</span> 
     </span>
     <span class='ocr_line' id='line_1_69' title="bbox 966 2272 1705 2323; baseline 0 -13"><span class='ocrx_word' id='word_1_387' title='bbox 966 2272 1074 2322; x_wconf 92' lang='lat' dir='ltr'>XIV,</span> <span class='ocrx_word' id='word_1_388' title='bbox 1096 2276 1165 2323; x_wconf 80' lang='lat'>20,</span> <span class='ocrx_word' id='word_1_389' title='bbox 1188 2287 1218 2312; x_wconf 84' lang='lat' dir='ltr'>s,</span> <span class='ocrx_word' id='word_1_390' title='bbox 1237 2272 1293 2315; x_wconf 77' lang='lat'>25</span> <span class='ocrx_word' id='word_1_391' title='bbox 1323 2272 1609 2323; x_wconf 87' lang='lat' dir='ltr'>meminerunt,</span> <span class='ocrx_word' id='word_1_392' title='bbox 1635 2285 1705 2311; x_wconf 90' lang='lat' dir='ltr'>re—</span> 
     </span>
    </p>
   </div>
   <div class='ocr_carea' id='block_1_18' title="bbox 946 2330 1704 2383">
    <p class='ocr_par' dir='ltr' id='par_1_19' title="bbox 946 2330 1704 2383">
     <span class='ocr_line' id='line_1_70' title="bbox 946 2330 1704 2383; baseline 0 -14"><span class='ocrx_word' id='word_1_393' title='bbox 946 2339 947 2342; x_wconf 77' lang='grc'>’</span> <span class='ocrx_word' id='word_1_394' title='bbox 965 2331 1134 2370; x_wconf 82' lang='lat' dir='ltr'>ferenda</span> <span class='ocrx_word' id='word_1_395' title='bbox 1152 2331 1216 2381; x_wconf 88' lang='lat' dir='ltr'>sit,</span> <span class='ocrx_word' id='word_1_396' title='bbox 1243 2330 1423 2370; x_wconf 85' lang='lat' dir='ltr'>dubitari</span> <span class='ocrx_word' id='word_1_397' title='bbox 1441 2336 1596 2383; x_wconf 86' lang='lat' dir='ltr'>posset,</span> <span class='ocrx_word' id='word_1_398' title='bbox 1627 2330 1704 2369; x_wconf 90' lang='lat' dir='ltr'>nisi</span> 
     </span>
    </p>
   </div>
   <div class='ocr_carea' id='block_1_19' title="bbox 960 2389 1734 3069">
    <p class='ocr_par' dir='ltr' id='par_1_20' title="bbox 960 2389 1734 3069">
     <span class='ocr_line' id='line_1_71' title="bbox 960 2389 1704 2441; baseline 0 -13"><span class='ocrx_word' id='word_1_399' title='bbox 960 2391 1071 2441; x_wconf 76' lang='lat' dir='ltr'>picis</span> <span class='ocrx_word' id='word_1_400' title='bbox 1092 2391 1281 2428; x_wconf 67' lang='lat' dir='ltr'>Bruttiae</span> <span class='ocrx_word' id='word_1_401' title='bbox 1303 2389 1399 2427; x_wconf 83' lang='lat' dir='ltr'>satis</span> <span class='ocrx_word' id='word_1_402' title='bbox 1427 2389 1615 2441; x_wconf 78' lang='lat' dir='ltr'>frequens</span> <span class='ocrx_word' id='word_1_403' title='bbox 1636 2389 1704 2428; x_wconf 89' lang='lat' dir='ltr'>in-</span> 
     </span>
     <span class='ocr_line' id='line_1_72' title="bbox 965 2447 1702 2500; baseline 0.003 -15"><span class='ocrx_word' id='word_1_404' title='bbox 965 2453 1029 2486; x_wconf 85' lang='lat' dir='ltr'>ter</span> <span class='ocrx_word' id='word_1_405' title='bbox 1061 2448 1249 2500; x_wconf 86' lang='lat' dir='ltr'>antiquos</span> <span class='ocrx_word' id='word_1_406' title='bbox 1279 2447 1429 2486; x_wconf 86' lang='lat' dir='ltr'>mentio</span> <span class='ocrx_word' id='word_1_407' title='bbox 1458 2447 1585 2486; x_wconf 89' lang='lat' dir='ltr'>fieret.</span> <span class='ocrx_word' id='word_1_408' title='bbox 1618 2447 1702 2487; x_wconf 84' lang='lat' dir='ltr'>vid.</span> 
     </span>
     <span class='ocr_line' id='line_1_73' title="bbox 965 2505 1700 2547; baseline 0.001 -4"><span class='ocrx_word' id='word_1_409' title='bbox 965 2505 1103 2545; x_wconf 91' lang='lat' dir='ltr'>Heins.</span> <span class='ocrx_word' id='word_1_410' title='bbox 1150 2506 1202 2545; x_wconf 88' lang='lat' dir='ltr'>ad</span> <span class='ocrx_word' id='word_1_411' title='bbox 1243 2506 1364 2545; x_wconf 86' lang='lat' dir='ltr'>Ovid.</span> <span class='ocrx_word' id='word_1_412' title='bbox 1400 2505 1566 2544; x_wconf 86' lang='lat' dir='ltr'>Remed.</span> <span class='ocrx_word' id='word_1_413' title='bbox 1601 2506 1700 2547; x_wconf 84' lang='lat'>264.</span> 
     </span>
     <span class='ocr_line' id='line_1_74' title="bbox 964 2563 1701 2615; baseline 0 -12"><span class='ocrx_word' id='word_1_414' title='bbox 964 2565 1185 2603; x_wconf 81' lang='lat' dir='ltr'>Petebatur</span> <span class='ocrx_word' id='word_1_415' title='bbox 1222 2577 1267 2601; x_wconf 89' lang='lat' dir='ltr'>ea</span> <span class='ocrx_word' id='word_1_416' title='bbox 1296 2563 1479 2615; x_wconf 88' lang='lat' dir='ltr'>inprimis</span> <span class='ocrx_word' id='word_1_417' title='bbox 1513 2577 1533 2601; x_wconf 92' lang='lat' dir='ltr'>e</span> <span class='ocrx_word' id='word_1_418' title='bbox 1561 2570 1701 2603; x_wconf 87' lang='lat' dir='ltr'>monte</span> 
     </span>
     <span class='ocr_line' id='line_1_75' title="bbox 966 2620 1699 2673; baseline 0.003 -13"><span class='ocrx_word' id='word_1_419' title='bbox 966 2628 1007 2660; x_wconf 89' lang='lat' dir='ltr'>et</span> <span class='ocrx_word' id='word_1_420' title='bbox 1030 2623 1132 2662; x_wconf 82' lang='lat' dir='ltr'>silva</span> <span class='ocrx_word' id='word_1_421' title='bbox 1151 2623 1240 2660; x_wconf 68' lang='lat' dir='ltr'>Sila</span> <span class='ocrx_word' id='word_1_422' title='bbox 1254 2652 1264 2670; x_wconf 92' lang='lat'>,</span> <span class='ocrx_word' id='word_1_423' title='bbox 1303 2621 1352 2660; x_wconf 89' lang='lat' dir='ltr'>de</span> <span class='ocrx_word' id='word_1_424' title='bbox 1375 2635 1455 2673; x_wconf 89' lang='lat' dir='ltr'>qua</span> <span class='ocrx_word' id='word_1_425' title='bbox 1477 2622 1583 2662; x_wconf 88' lang='lat' dir='ltr'>conf.</span> <span class='ocrx_word' id='word_1_426' title='bbox 1600 2620 1699 2662; x_wconf 91' lang='lat' dir='ltr'>Aen.</span> 
     </span>
     <span class='ocr_line' id='line_1_76' title="bbox 964 2679 1698 2733; baseline 0 -15"><span class='ocrx_word' id='word_1_427' title='bbox 964 2681 1053 2730; x_wconf 88' lang='lat' dir='ltr'>XII,</span> <span class='ocrx_word' id='word_1_428' title='bbox 1083 2680 1180 2723; x_wconf 88' lang='lat'>715.</span> <span class='ocrx_word' id='word_1_429' title='bbox 1212 2679 1297 2718; x_wconf 86' lang='lat' dir='ltr'>vid.</span> <span class='ocrx_word' id='word_1_430' title='bbox 1328 2680 1476 2718; x_wconf 81' lang='lat' dir='ltr'>Strabo</span> <span class='ocrx_word' id='word_1_431' title='bbox 1504 2680 1587 2731; x_wconf 81' lang='lat' dir='ltr'>VII,</span> <span class='ocrx_word' id='word_1_432' title='bbox 1609 2694 1698 2733; x_wconf 87' lang='lat' dir='ltr'>pag.</span> 
     </span>
     <span class='ocr_line' id='line_1_77' title="bbox 965 2736 1700 2780; baseline -0.003 -1"><span class='ocrx_word' id='word_1_433' title='bbox 965 2737 1050 2780; x_wconf 88' lang='lat'>400</span> <span class='ocrx_word' id='word_1_434' title='bbox 1068 2738 1111 2777; x_wconf 91' lang='grc' dir='ltr'>Β.</span> <span class='ocrx_word' id='word_1_435' title='bbox 1179 2736 1277 2780; x_wconf 88' lang='grc'><strong>438.</strong></span> <span class='ocrx_word' id='word_1_436' title='bbox 1305 2736 1403 2780; x_wconf 89' lang='grc'><strong>439.</strong></span> <span class='ocrx_word' id='word_1_437' title='bbox 1452 2753 1555 2778; x_wconf 76' lang='lat' dir='ltr'>arva</span> <span class='ocrx_word' id='word_1_438' title='bbox 1588 2739 1700 2778; x_wconf 83' lang='lat' dir='ltr'>silvis</span> 
     </span>
     <span class='ocr_line' id='line_1_78' title="bbox 968 2796 1699 2848; baseline 0.003 -14"><span class='ocrx_word' id='word_1_439' title='bbox 968 2797 1120 2835; x_wconf 86' lang='lat' dir='ltr'>consita</span> <span class='ocrx_word' id='word_1_440' title='bbox 1138 2810 1168 2835; x_wconf 94' lang='lat' dir='ltr'>s.</span> <span class='ocrx_word' id='word_1_441' title='bbox 1192 2796 1325 2846; x_wconf 83' lang='lat' dir='ltr'>silvas,</span> <span class='ocrx_word' id='word_1_442' title='bbox 1358 2809 1462 2848; x_wconf 90' lang='lat' dir='ltr'>quae</span> <span class='ocrx_word' id='word_1_443' title='bbox 1483 2796 1597 2836; x_wconf 89' lang='lat' dir='ltr'>nullo</span> <span class='ocrx_word' id='word_1_444' title='bbox 1614 2797 1699 2836; x_wconf 92' lang='lat' dir='ltr'>hu-</span> 
     </span>
     <span class='ocr_line' id='line_1_79' title="bbox 963 2854 1698 2908; baseline 0.001 -16"><span class='ocrx_word' id='word_1_445' title='bbox 963 2867 1084 2892; x_wconf 88' lang='lat' dir='ltr'>mano</span> <span class='ocrx_word' id='word_1_446' title='bbox 1128 2854 1244 2894; x_wconf 86' lang='lat' dir='ltr'>cultu</span> <span class='ocrx_word' id='word_1_447' title='bbox 1281 2854 1476 2908; x_wconf 86' lang='lat' dir='ltr'>indigent.</span> <span class='ocrx_word' id='word_1_448' title='bbox 1511 2870 1593 2894; x_wconf 78' lang='lat' dir='ltr'>non</span> <span class='ocrx_word' id='word_1_449' title='bbox 1626 2855 1698 2894; x_wconf 84' lang='lat' dir='ltr'>ob-</span> 
     </span>
     <span class='ocr_line' id='line_1_80' title="bbox 963 2912 1734 2952; baseline 0.004 -3"><span class='ocrx_word' id='word_1_450' title='bbox 963 2914 1088 2950; x_wconf 82' lang='lat' dir='ltr'>noxia</span> <span class='ocrx_word' id='word_1_451' title='bbox 1126 2912 1228 2951; x_wconf 89' lang='lat' dir='ltr'>nihil</span> <span class='ocrx_word' id='word_1_452' title='bbox 1260 2913 1392 2952; x_wconf 91' lang='lat' dir='ltr'>labori</span> <span class='ocrx_word' id='word_1_453' title='bbox 1438 2919 1580 2952; x_wconf 86' lang='lat' dir='ltr'>nostro</span> <span class='ocrx_word' id='word_1_454' title='bbox 1623 2913 1698 2952; x_wconf 86' lang='lat' dir='ltr'>de-</span> <span class='ocrx_word' id='word_1_455' title='bbox 1729 2917 1734 2941; x_wconf 71' lang='grc' dir='ltr'><em>Γ</em></span> 
     </span>
     <span class='ocr_line' id='line_1_81' title="bbox 961 2969 1734 3025; baseline 0.005 -17"><span class='ocrx_word' id='word_1_456' title='bbox 961 2969 1120 3021; x_wconf 87' lang='lat' dir='ltr'>bentia,</span> <span class='ocrx_word' id='word_1_457' title='bbox 1151 2977 1200 3009; x_wconf 87' lang='lat' dir='ltr'>ut</span> <span class='ocrx_word' id='word_1_458' title='bbox 1219 2972 1382 3012; x_wconf 87' lang='lat' dir='ltr'>Servius</span> <span class='ocrx_word' id='word_1_459' title='bbox 1392 2986 1403 3023; x_wconf 82' lang='lat'>3</span> <span class='ocrx_word' id='word_1_460' title='bbox 1442 2986 1526 3012; x_wconf 88' lang='lat' dir='ltr'>non</span> <span class='ocrx_word' id='word_1_461' title='bbox 1542 2972 1697 3025; x_wconf 81' lang='lat' dir='ltr'>egentia</span> <span class='ocrx_word' id='word_1_462' title='bbox 1730 3003 1734 3012; x_wconf 86' lang='lat'>.</span> 
     </span>
     <span class='ocr_line' id='line_1_82' title="bbox 963 3031 1734 3069; baseline 0.008 -2"><span class='ocrx_word' id='word_1_463' title='bbox 963 3041 1062 3068; x_wconf 85' lang='lat' dir='ltr'>cura</span> <span class='ocrx_word' id='word_1_464' title='bbox 1085 3035 1237 3069; x_wconf 79' lang='lat' dir='ltr'>nostra.</span> <span class='ocrx_word' id='word_1_465' title='bbox 1730 3031 1734 3040; x_wconf 65' lang='grc'>’</span> 
     </span>
    </p>
   </div>
  </div>
 </body>
</html>
