<?xml version="1.0" encoding="UTF-8"?>
<!DOCTYPE html PUBLIC "-//W3C//DTD XHTML 1.0 Transitional//EN"
    "http://www.w3.org/TR/xhtml1/DTD/xhtml1-transitional.dtd">
<html xmlns="http://www.w3.org/1999/xhtml" xml:lang="en" lang="en">
 <head>
  <title>
</title>
<meta http-equiv="Content-Type" content="text/html;charset=utf-8" />
  <meta name='ocr-system' content='tesseract 3.04.00' />
  <meta name='ocr-capabilities' content='ocr_page ocr_carea ocr_par ocr_line ocrx_word'/>
</head>
<body>
  <div class='ocr_page' id='page_1' title='image "./publiusvirgilius01virguoft/publiusvirgilius01virguoft_0353.png"; bbox 0 0 1768 3320; ppageno 0'>
   <div class='ocr_carea' id='block_1_1' title="bbox 313 237 1602 311">
    <p class='ocr_par' dir='ltr' id='par_1_1' title="bbox 313 237 1602 311">
     <span class='ocr_line' id='line_1_1' title="bbox 313 237 1602 311; baseline -0.002 -13"><span class='ocrx_word' id='word_1_1' title='bbox 313 237 735 301; x_wconf 64' lang='lat' dir='ltr'><strong>1396OEch</strong></span> <span class='ocrx_word' id='word_1_2' title='bbox 778 247 947 298; x_wconf 79' lang='lat' dir='ltr'><strong>ECL.</strong></span> <span class='ocrx_word' id='word_1_3' title='bbox 983 247 1073 311; x_wconf 75' lang='lat' dir='ltr'><strong>vl,</strong></span> <span class='ocrx_word' id='word_1_4' title='bbox 1111 254 1338 303; x_wconf 84' lang='lat'><strong>80—85</strong></span> <span class='ocrx_word' id='word_1_5' title='bbox 1493 259 1602 308; x_wconf 18' lang='lat'><strong>185.</strong></span> 
     </span>
    </p>
   </div>
   <div class='ocr_carea' id='block_1_2' title="bbox 70 351 1595 584">
    <p class='ocr_par' dir='ltr' id='par_1_2' title="bbox 70 351 1595 584">
     <span class='ocr_line' id='line_1_2' title="bbox 70 351 1300 441; baseline 0.002 -17"><span class='ocrx_word' id='word_1_6' title='bbox 70 372 255 424; x_wconf 80' lang='lat' dir='ltr'><strong>Audiit</strong></span> <span class='ocrx_word' id='word_1_7' title='bbox 279 373 533 436; x_wconf 80' lang='lat' dir='ltr'><strong>EurotaS,</strong></span> <span class='ocrx_word' id='word_1_8' title='bbox 570 373 834 441; x_wconf 44' lang='lat' dir='ltr'><strong>iussitque*</strong></span> <span class='ocrx_word' id='word_1_9' title='bbox 846 351 1086 424; x_wconf 81' lang='lat' dir='ltr'><strong>ediscere</strong></span> <span class='ocrx_word' id='word_1_10' title='bbox 1106 374 1300 440; x_wconf 80' lang='lat' dir='ltr'><strong>lauruS,</strong></span> 
     </span>
     <span class='ocr_line' id='line_1_3' title="bbox 70 442 1349 511; baseline 0.002 -17"><span class='ocrx_word' id='word_1_11' title='bbox 70 443 172 494; x_wconf 90' lang='lat' dir='ltr'><strong>Ille</strong></span> <span class='ocrx_word' id='word_1_12' title='bbox 193 444 358 505; x_wconf 80' lang='lat' dir='ltr'><strong>canit3</strong></span> <span class='ocrx_word' id='word_1_13' title='bbox 399 442 584 511; x_wconf 87' lang='lat' dir='ltr'><strong>pulsae</strong></span> <span class='ocrx_word' id='word_1_14' title='bbox 609 442 855 493; x_wconf 83' lang='lat' dir='ltr'><strong>referunt</strong></span> <span class='ocrx_word' id='word_1_15' title='bbox 876 443 945 493; x_wconf 85' lang='lat' dir='ltr'><strong>ad</strong></span> <span class='ocrx_word' id='word_1_16' title='bbox 974 443 1149 494; x_wconf 87' lang='lat' dir='ltr'><strong>sidera</strong></span> <span class='ocrx_word' id='word_1_17' title='bbox 1167 445 1349 498; x_wconf 82' lang='lat' dir='ltr'><strong>valles:</strong></span> 
     </span>
     <span class='ocr_line' id='line_1_4' title="bbox 73 512 1595 584; baseline 0.005 -19"><span class='ocrx_word' id='word_1_18' title='bbox 73 515 283 579; x_wconf 82' lang='lat' dir='ltr'>Cogere</span> <span class='ocrx_word' id='word_1_19' title='bbox 305 512 483 576; x_wconf 81' lang='lat' dir='ltr'><strong>donec</strong></span> <span class='ocrx_word' id='word_1_20' title='bbox 497 530 624 564; x_wconf 85' lang='lat' dir='ltr'><strong>oves</strong></span> <span class='ocrx_word' id='word_1_21' title='bbox 642 513 877 578; x_wconf 79' lang='lat' dir='ltr'><strong>stabuliS,</strong></span> <span class='ocrx_word' id='word_1_22' title='bbox 899 531 1303 584; x_wconf 79' lang='lat' dir='ltr'><strong>numerumque</strong></span> <span class='ocrx_word' id='word_1_23' title='bbox 1320 514 1513 567; x_wconf 88' lang='lat' dir='ltr'><strong>referri</strong></span> <span class='ocrx_word' id='word_1_24' title='bbox 1529 523 1595 571; x_wconf 91' lang='lat'><strong>85</strong></span> 
     </span>
    </p>
   </div>
   <div class='ocr_carea' id='block_1_3' title="bbox 142 621 932 671">
    <p class='ocr_par' dir='ltr' id='par_1_3' title="bbox 142 621 932 671">
     <span class='ocr_line' id='line_1_5' title="bbox 142 621 932 671; baseline -0.001 0"><span class='ocrx_word' id='word_1_25' title='bbox 142 624 224 671; x_wconf 82' lang='lat'><strong>83.</strong></span> <span class='ocrx_word' id='word_1_26' title='bbox 258 633 468 669; x_wconf 69' lang='lat' dir='ltr'><strong>munos</strong></span> <span class='ocrx_word' id='word_1_27' title='bbox 573 621 654 671; x_wconf 88' lang='lat'><strong>85.</strong></span> <span class='ocrx_word' id='word_1_28' title='bbox 689 635 932 670; x_wconf 78' lang='lat' dir='ltr'>REPERRE</span> 
     </span>
    </p>
   </div>
   <div class='ocr_carea' id='block_1_4' title="bbox 72 771 1600 1900">
    <p class='ocr_par' dir='ltr' id='par_1_4' title="bbox 72 771 1600 1900">
     <span class='ocr_line' id='line_1_6' title="bbox 142 771 1596 815; baseline -0.001 -7"><span class='ocrx_word' id='word_1_29' title='bbox 142 771 191 808; x_wconf 79' lang='grc'><strong>88</strong></span> <span class='ocrx_word' id='word_1_30' title='bbox 220 771 383 806; x_wconf 68' lang='lat' dir='ltr'><strong>edissere</strong></span> <span class='ocrx_word' id='word_1_31' title='bbox 406 771 572 806; x_wconf 78' lang='lat' dir='ltr'><strong>Pan-has.</strong></span> <span class='ocrx_word' id='word_1_32' title='bbox 621 772 763 807; x_wconf 84' lang='lat' dir='ltr'><em>edicere</em></span> <span class='ocrx_word' id='word_1_33' title='bbox 787 772 925 807; x_wconf 86' lang='lat' dir='ltr'><strong>Pierius</strong></span> <span class='ocrx_word' id='word_1_34' title='bbox 954 773 1119 815; x_wconf 85' lang='lat' dir='ltr'>exhibet,</span> <span class='ocrx_word' id='word_1_35' title='bbox 1155 779 1191 806; x_wconf 88' lang='lat' dir='ltr'><strong>et</strong></span> <span class='ocrx_word' id='word_1_36' title='bbox 1215 771 1338 807; x_wconf 86' lang='lat' dir='ltr'><strong>laudat</strong></span> <span class='ocrx_word' id='word_1_37' title='bbox 1365 784 1409 806; x_wconf 87' lang='lat' dir='ltr'><strong>ex</strong></span> <span class='ocrx_word' id='word_1_38' title='bbox 1432 780 1501 808; x_wconf 82' lang='lat' dir='ltr'><strong>vet.</strong></span> <span class='ocrx_word' id='word_1_39' title='bbox 1527 785 1596 807; x_wconf 78' lang='lat' dir='ltr'><strong>ra-</strong></span> 
     </span>
     <span class='ocr_line' id='line_1_7' title="bbox 72 818 1596 866; baseline 0.001 -14"><span class='ocrx_word' id='word_1_40' title='bbox 72 830 164 853; x_wconf 73' lang='lat' dir='ltr'><strong>mos.</strong></span> <span class='ocrx_word' id='word_1_41' title='bbox 209 818 344 852; x_wconf 66' lang='lat' dir='ltr'><strong>laurus</strong></span> <span class='ocrx_word' id='word_1_42' title='bbox 361 818 489 852; x_wconf 80' lang='lat' dir='ltr'><strong>Medic.</strong></span> <span class='ocrx_word' id='word_1_43' title='bbox 518 825 555 852; x_wconf 90' lang='lat' dir='ltr'><strong>et</strong></span> <span class='ocrx_word' id='word_1_44' title='bbox 568 820 658 853; x_wconf 86' lang='lat' dir='ltr'><strong>Ven.</strong></span> <span class='ocrx_word' id='word_1_45' title='bbox 675 820 822 854; x_wconf 88' lang='lat' dir='ltr'><strong>Heinsii.</strong></span> <span class='ocrx_word' id='word_1_46' title='bbox 872 821 933 866; x_wconf 77' lang='lat' dir='ltr'><strong>(In</strong></span> <span class='ocrx_word' id='word_1_47' title='bbox 962 820 1108 866; x_wconf 85' lang='lat' dir='ltr'><strong>reliquis</strong></span> <span class='ocrx_word' id='word_1_48' title='bbox 1131 819 1267 854; x_wconf 79' lang='lat' dir='ltr'><strong>casibus</strong></span> <span class='ocrx_word' id='word_1_49' title='bbox 1294 832 1399 866; x_wconf 89' lang='lat' dir='ltr'><strong>quum</strong></span> <span class='ocrx_word' id='word_1_50' title='bbox 1424 819 1494 854; x_wconf 85' lang='lat' dir='ltr'><strong>hoc</strong></span> <span class='ocrx_word' id='word_1_51' title='bbox 1519 831 1596 854; x_wconf 83' lang='lat' dir='ltr'><strong>voc.</strong></span> 
     </span>
     <span class='ocr_line' id='line_1_8' title="bbox 73 865 1598 913; baseline 0.001 -14"><span class='ocrx_word' id='word_1_52' title='bbox 73 865 514 900; x_wconf 72' lang='lat' dir='ltr'><strong>secundae-declinationis</strong></span> <span class='ocrx_word' id='word_1_53' title='bbox 539 877 615 900; x_wconf 90' lang='lat' dir='ltr'><strong>esse</strong></span> <span class='ocrx_word' id='word_1_54' title='bbox 638 867 792 901; x_wconf 85' lang='lat' dir='ltr'><strong>voluerit</strong></span> <span class='ocrx_word' id='word_1_55' title='bbox 807 866 999 913; x_wconf 82' lang='lat' dir='ltr'><strong>Virgilius,</strong></span> <span class='ocrx_word' id='word_1_56' title='bbox 1033 867 1070 900; x_wconf 90' lang='lat' dir='ltr'><strong>in</strong></span> <span class='ocrx_word' id='word_1_57' title='bbox 1097 866 1294 901; x_wconf 84' lang='lat' dir='ltr'><strong>accusativo</strong></span> <span class='ocrx_word' id='word_1_58' title='bbox 1325 866 1452 912; x_wconf 87' lang='lat' dir='ltr'><strong>plural.</strong></span> <span class='ocrx_word' id='word_1_59' title='bbox 1480 874 1598 901; x_wconf 89' lang='lat' dir='ltr'><strong>tamen</strong></span> 
     </span>
     <span class='ocr_line' id='line_1_9' title="bbox 74 913 1597 959; baseline 0.001 -13"><span class='ocrx_word' id='word_1_60' title='bbox 74 919 235 958; x_wconf 75' lang='lat' dir='ltr'><strong>quartam</strong></span> <span class='ocrx_word' id='word_1_61' title='bbox 263 920 400 946; x_wconf 86' lang='lat' dir='ltr'><strong>secutus</strong></span> <span class='ocrx_word' id='word_1_62' title='bbox 428 913 578 947; x_wconf 85' lang='lat' dir='ltr'><strong>videtur.</strong></span> <span class='ocrx_word' id='word_1_63' title='bbox 624 915 670 949; x_wconf 86' lang='lat' dir='ltr'><strong>Et</strong></span> <span class='ocrx_word' id='word_1_64' title='bbox 691 922 835 959; x_wconf 87' lang='lat' dir='ltr'><strong>praeter</strong></span> <span class='ocrx_word' id='word_1_65' title='bbox 866 915 958 948; x_wconf 90' lang='lat' dir='ltr'><strong>hunc</strong></span> <span class='ocrx_word' id='word_1_66' title='bbox 979 914 1094 948; x_wconf 87' lang='lat' dir='ltr'><strong>locum</strong></span> <span class='ocrx_word' id='word_1_67' title='bbox 1127 914 1250 948; x_wconf 89' lang='lat' dir='ltr'><strong>eadem</strong></span> <span class='ocrx_word' id='word_1_68' title='bbox 1276 914 1392 948; x_wconf 82' lang='lat' dir='ltr'><strong>forma</strong></span> <span class='ocrx_word' id='word_1_69' title='bbox 1419 921 1534 948; x_wconf 83' lang='lat' dir='ltr'><strong>exstat</strong></span> <span class='ocrx_word' id='word_1_70' title='bbox 1559 914 1597 947; x_wconf 90' lang='lat' dir='ltr'><strong>iu</strong></span> 
     </span>
     <span class='ocr_line' id='line_1_10' title="bbox 72 958 1597 1007; baseline 0 -13"><span class='ocrx_word' id='word_1_71' title='bbox 72 958 202 994; x_wconf 80' lang='lat' dir='ltr'><strong>Medic.</strong></span> <span class='ocrx_word' id='word_1_72' title='bbox 222 959 296 994; x_wconf 82' lang='lat' dir='ltr'><strong>Ecl.</strong></span> <span class='ocrx_word' id='word_1_73' title='bbox 317 961 412 1001; x_wconf 85' lang='lat' dir='ltr'><strong>vm,</strong></span> <span class='ocrx_word' id='word_1_74' title='bbox 429 961 487 997; x_wconf 80' lang='lat'><strong>82.</strong></span> <span class='ocrx_word' id='word_1_75' title='bbox 514 966 551 993; x_wconf 87' lang='lat' dir='ltr'><strong>et</strong></span> <span class='ocrx_word' id='word_1_76' title='bbox 568 963 655 995; x_wconf 81' lang='lat' dir='ltr'><strong>Aen.</strong></span> <span class='ocrx_word' id='word_1_77' title='bbox 675 963 735 1003; x_wconf 89' lang='grc' dir='ltr'><strong>ΙΙΙ,</strong></span> <span class='ocrx_word' id='word_1_78' title='bbox 752 961 855 1002; x_wconf 81' lang='grc'><strong>363.;</strong></span> <span class='ocrx_word' id='word_1_79' title='bbox 878 961 1079 1006; x_wconf 87' lang='lat' dir='ltr'><strong>posteriore</strong></span> <span class='ocrx_word' id='word_1_80' title='bbox 1099 969 1215 995; x_wconf 85' lang='lat' dir='ltr'><strong>tamen</strong></span> <span class='ocrx_word' id='word_1_81' title='bbox 1235 961 1316 995; x_wconf 88' lang='lat' dir='ltr'><strong>loco</strong></span> <span class='ocrx_word' id='word_1_82' title='bbox 1342 973 1432 1006; x_wconf 86' lang='lat' dir='ltr'><strong>quae</strong></span> <span class='ocrx_word' id='word_1_83' title='bbox 1456 974 1479 994; x_wconf 85' lang='lat' dir='ltr'><strong>u</strong></span> <span class='ocrx_word' id='word_1_84' title='bbox 1500 961 1597 1007; x_wconf 88' lang='lat' dir='ltr'><strong>prius</strong></span> 
     </span>
     <span class='ocr_line' id='line_1_11' title="bbox 73 1006 1597 1050; baseline 0.001 -10"><span class='ocrx_word' id='word_1_85' title='bbox 73 1007 208 1048; x_wconf 78' lang='lat' dir='ltr'><strong>fuerat,</strong></span> <span class='ocrx_word' id='word_1_86' title='bbox 242 1013 456 1041; x_wconf 86' lang='lat' dir='ltr'><strong>commutata</strong></span> <span class='ocrx_word' id='word_1_87' title='bbox 478 1014 532 1040; x_wconf 93' lang='lat' dir='ltr'><strong>est</strong></span> <span class='ocrx_word' id='word_1_88' title='bbox 557 1006 594 1041; x_wconf 88' lang='lat' dir='ltr'><strong>in</strong></span> <span class='ocrx_word' id='word_1_89' title='bbox 619 1021 651 1042; x_wconf 87' lang='lat' dir='ltr'><strong>o.</strong></span> <span class='ocrx_word' id='word_1_90' title='bbox 698 1008 814 1043; x_wconf 85' lang='lat' dir='ltr'><strong>Semel</strong></span> <span class='ocrx_word' id='word_1_91' title='bbox 836 1009 968 1042; x_wconf 76' lang='lat' dir='ltr'><strong>lauros</strong></span> <span class='ocrx_word' id='word_1_92' title='bbox 994 1007 1140 1042; x_wconf 81' lang='lat' dir='ltr'><strong>exhibet</strong></span> <span class='ocrx_word' id='word_1_93' title='bbox 1159 1008 1287 1042; x_wconf 82' lang='lat' dir='ltr'><strong>Medic.</strong></span> <span class='ocrx_word' id='word_1_94' title='bbox 1310 1008 1385 1042; x_wconf 89' lang='lat' dir='ltr'><strong>Ecl.</strong></span> <span class='ocrx_word' id='word_1_95' title='bbox 1403 1009 1497 1050; x_wconf 84' lang='lat' dir='ltr'><strong>Vm,</strong></span> <span class='ocrx_word' id='word_1_96' title='bbox 1522 1010 1597 1049; x_wconf 83' lang='lat'><strong>13.;</strong></span> 
     </span>
     <span class='ocr_line' id='line_1_12' title="bbox 75 1053 1598 1101; baseline 0.001 -14"><span class='ocrx_word' id='word_1_97' title='bbox 75 1053 140 1088; x_wconf 71' lang='lat' dir='ltr'><strong>sed</strong></span> <span class='ocrx_word' id='word_1_98' title='bbox 159 1053 294 1087; x_wconf 76' lang='lat' dir='ltr'><strong>laurus</strong></span> <span class='ocrx_word' id='word_1_99' title='bbox 314 1065 358 1087; x_wconf 89' lang='lat' dir='ltr'><strong>eo</strong></span> <span class='ocrx_word' id='word_1_100' title='bbox 383 1053 466 1088; x_wconf 92' lang='lat' dir='ltr'><strong>loco</strong></span> <span class='ocrx_word' id='word_1_101' title='bbox 483 1054 670 1089; x_wconf 81' lang='lat' dir='ltr'><strong>manifeste</strong></span> <span class='ocrx_word' id='word_1_102' title='bbox 696 1055 858 1101; x_wconf 88' lang='lat' dir='ltr'><strong>agnoscit</strong></span> <span class='ocrx_word' id='word_1_103' title='bbox 880 1054 1068 1089; x_wconf 85' lang='lat' dir='ltr'><strong>Charisius.</strong></span> <span class='ocrx_word' id='word_1_104' title='bbox 1115 1056 1242 1100; x_wconf 85' lang='lat' dir='ltr'><strong>Neque</strong></span> <span class='ocrx_word' id='word_1_105' title='bbox 1265 1053 1336 1089; x_wconf 89' lang='lat' dir='ltr'><strong>hoc</strong></span> <span class='ocrx_word' id='word_1_106' title='bbox 1363 1062 1598 1100; x_wconf 87' lang='lat' dir='ltr'><strong>praetereun-</strong></span> 
     </span>
     <span class='ocr_line' id='line_1_13' title="bbox 75 1100 1598 1147; baseline 0.001 -13"><span class='ocrx_word' id='word_1_107' title='bbox 75 1100 180 1143; x_wconf 86' lang='lat' dir='ltr'><strong>dum,</strong></span> <span class='ocrx_word' id='word_1_108' title='bbox 211 1100 307 1146; x_wconf 88' lang='lat' dir='ltr'><strong>quod</strong></span> <span class='ocrx_word' id='word_1_109' title='bbox 326 1101 467 1135; x_wconf 80' lang='lat' dir='ltr'><strong>Servius</strong></span> <span class='ocrx_word' id='word_1_110' title='bbox 486 1102 632 1142; x_wconf 87' lang='lat' dir='ltr'><strong>Dresd.‚</strong></span> <span class='ocrx_word' id='word_1_111' title='bbox 667 1102 762 1136; x_wconf 79' lang='lat' dir='ltr'><strong>haud</strong></span> <span class='ocrx_word' id='word_1_112' title='bbox 784 1114 867 1136; x_wconf 89' lang='lat' dir='ltr'><strong>raro</strong></span> <span class='ocrx_word' id='word_1_113' title='bbox 895 1102 1106 1147; x_wconf 87' lang='lat' dir='ltr'><strong>optimarum</strong></span> <span class='ocrx_word' id='word_1_114' title='bbox 1131 1102 1324 1136; x_wconf 85' lang='lat' dir='ltr'><strong>lectionum</strong></span> <span class='ocrx_word' id='word_1_115' title='bbox 1343 1102 1495 1147; x_wconf 84' lang='lat' dir='ltr'><strong>vestigia</strong></span> <span class='ocrx_word' id='word_1_116' title='bbox 1517 1114 1598 1136; x_wconf 88' lang='lat' dir='ltr'><strong>ser-</strong></span> 
     </span>
     <span class='ocr_line' id='line_1_14' title="bbox 74 1146 1597 1195; baseline 0.001 -14"><span class='ocrx_word' id='word_1_117' title='bbox 74 1160 180 1190; x_wconf 76' lang='lat' dir='ltr'><strong>vans,</strong></span> <span class='ocrx_word' id='word_1_118' title='bbox 203 1146 241 1181; x_wconf 86' lang='lat' dir='ltr'><strong>in</strong></span> <span class='ocrx_word' id='word_1_119' title='bbox 257 1147 415 1182; x_wconf 74' lang='lat' dir='ltr'><strong>eiusdem</strong></span> <span class='ocrx_word' id='word_1_120' title='bbox 434 1148 599 1194; x_wconf 86' lang='lat' dir='ltr'><strong>Eclogae,</strong></span> <span class='ocrx_word' id='word_1_121' title='bbox 623 1150 724 1191; x_wconf 88' lang='lat' dir='ltr'>VIII,</span> <span class='ocrx_word' id='word_1_122' title='bbox 748 1162 851 1183; x_wconf 84' lang='lat' dir='ltr'><strong>versu</strong></span> <span class='ocrx_word' id='word_1_123' title='bbox 874 1149 1050 1194; x_wconf 72' lang='lat' dir='ltr'><strong>proximo,</strong></span> <span class='ocrx_word' id='word_1_124' title='bbox 1073 1150 1152 1191; x_wconf 58' lang='lat'><strong>83„</strong></span> <span class='ocrx_word' id='word_1_125' title='bbox 1178 1161 1283 1195; x_wconf 90' lang='lat' dir='ltr'><strong>quum</strong></span> <span class='ocrx_word' id='word_1_126' title='bbox 1303 1149 1452 1183; x_wconf 84' lang='lat' dir='ltr'><strong>laurum</strong></span> <span class='ocrx_word' id='word_1_127' title='bbox 1469 1149 1597 1194; x_wconf 80' lang='lat' dir='ltr'><strong>singul.</strong></span> 
     </span>
     <span class='ocr_line' id='line_1_15' title="bbox 74 1194 1598 1243; baseline 0.001 -15"><span class='ocrx_word' id='word_1_128' title='bbox 74 1207 171 1229; x_wconf 86' lang='lat' dir='ltr'><strong>num.</strong></span> <span class='ocrx_word' id='word_1_129' title='bbox 187 1194 346 1240; x_wconf 82' lang='lat' dir='ltr'><strong>requirat</strong></span> <span class='ocrx_word' id='word_1_130' title='bbox 358 1194 410 1228; x_wconf 89' lang='lat' dir='ltr'><strong>ibi</strong></span> <span class='ocrx_word' id='word_1_131' title='bbox 430 1195 510 1240; x_wconf 88' lang='lat' dir='ltr'><strong>ipsa</strong></span> <span class='ocrx_word' id='word_1_132' title='bbox 529 1195 663 1238; x_wconf 87' lang='lat' dir='ltr'><strong>oratio,</strong></span> <span class='ocrx_word' id='word_1_133' title='bbox 687 1197 822 1230; x_wconf 78' lang='lat' dir='ltr'><strong>laurus</strong></span> <span class='ocrx_word' id='word_1_134' title='bbox 837 1196 957 1238; x_wconf 90' lang='lat' dir='ltr'><strong>dedit,</strong></span> <span class='ocrx_word' id='word_1_135' title='bbox 982 1197 1078 1243; x_wconf 90' lang='lat' dir='ltr'><strong>quod</strong></span> <span class='ocrx_word' id='word_1_136' title='bbox 1096 1209 1139 1230; x_wconf 80' lang='lat' dir='ltr'><strong>ex</strong></span> <span class='ocrx_word' id='word_1_137' title='bbox 1155 1196 1340 1241; x_wconf 86' lang='lat' dir='ltr'><strong>superiore</strong></span> <span class='ocrx_word' id='word_1_138' title='bbox 1359 1206 1463 1230; x_wconf 80' lang='lat' dir='ltr'><strong>versu</strong></span> <span class='ocrx_word' id='word_1_139' title='bbox 1478 1196 1598 1230; x_wconf 87' lang='lat' dir='ltr'><strong>adsci-</strong></span> 
     </span>
     <span class='ocr_line' id='line_1_16' title="bbox 74 1241 1598 1297; baseline 0.001 -22"><span class='ocrx_word' id='word_1_140' title='bbox 74 1248 151 1275; x_wconf 86' lang='lat' dir='ltr'><strong>tum</strong></span> <span class='ocrx_word' id='word_1_141' title='bbox 166 1241 318 1276; x_wconf 84' lang='lat' dir='ltr'><strong>videtur.</strong></span> <span class='ocrx_word' id='word_1_142' title='bbox 363 1245 414 1276; x_wconf 81' lang='lat' dir='ltr'><strong>Ac</strong></span> <span class='ocrx_word' id='word_1_143' title='bbox 430 1242 460 1276; x_wconf 82' lang='lat' dir='ltr'><strong>si</strong></span> <span class='ocrx_word' id='word_1_144' title='bbox 482 1242 661 1288; x_wconf 88' lang='lat' dir='ltr'><strong>quaeritur</strong></span> <span class='ocrx_word' id='word_1_145' title='bbox 674 1269 683 1285; x_wconf 95' lang='lat'><strong>,</strong></span> <span class='ocrx_word' id='word_1_146' title='bbox 717 1243 776 1297; x_wconf 76' lang='lat' dir='ltr'><strong>qui</strong></span> <span class='ocrx_word' id='word_1_147' title='bbox 795 1244 927 1277; x_wconf 82' lang='lat' dir='ltr'><strong>factum</strong></span> <span class='ocrx_word' id='word_1_148' title='bbox 948 1244 1012 1285; x_wconf 89' lang='lat' dir='ltr'><strong>sit,</strong></span> <span class='ocrx_word' id='word_1_149' title='bbox 1047 1250 1086 1276; x_wconf 91' lang='lat' dir='ltr'><strong>ut</strong></span> <span class='ocrx_word' id='word_1_150' title='bbox 1107 1243 1197 1277; x_wconf 81' lang='lat' dir='ltr'><strong>adeo</strong></span> <span class='ocrx_word' id='word_1_151' title='bbox 1216 1256 1296 1277; x_wconf 89' lang='lat' dir='ltr'><strong>rara</strong></span> <span class='ocrx_word' id='word_1_152' title='bbox 1324 1243 1413 1278; x_wconf 90' lang='lat' dir='ltr'><strong>haec</strong></span> <span class='ocrx_word' id='word_1_153' title='bbox 1428 1244 1544 1277; x_wconf 79' lang='lat' dir='ltr'><strong>forma</strong></span> <span class='ocrx_word' id='word_1_154' title='bbox 1561 1244 1598 1277; x_wconf 87' lang='lat' dir='ltr'><strong>in</strong></span> 
     </span>
     <span class='ocr_line' id='line_1_17' title="bbox 76 1288 1597 1334; baseline 0.002 -12"><span class='ocrx_word' id='word_1_155' title='bbox 76 1288 182 1323; x_wconf 82' lang='lat' dir='ltr'><strong>codd.</strong></span> <span class='ocrx_word' id='word_1_156' title='bbox 207 1296 400 1334; x_wconf 79' lang='lat' dir='ltr'><strong>appareat,</strong></span> <span class='ocrx_word' id='word_1_157' title='bbox 427 1301 566 1323; x_wconf 85' lang='lat' dir='ltr'><strong>causam</strong></span> <span class='ocrx_word' id='word_1_158' title='bbox 585 1289 660 1324; x_wconf 90' lang='lat' dir='ltr'><strong>eius</strong></span> <span class='ocrx_word' id='word_1_159' title='bbox 686 1302 739 1323; x_wconf 76' lang='lat' dir='ltr'><strong>rei</strong></span> <span class='ocrx_word' id='word_1_160' title='bbox 763 1290 939 1324; x_wconf 87' lang='lat' dir='ltr'><strong>redditam</strong></span> <span class='ocrx_word' id='word_1_161' title='bbox 962 1290 1100 1324; x_wconf 86' lang='lat' dir='ltr'><strong>videbis</strong></span> <span class='ocrx_word' id='word_1_162' title='bbox 1133 1290 1170 1324; x_wconf 89' lang='lat' dir='ltr'><strong>in</strong></span> <span class='ocrx_word' id='word_1_163' title='bbox 1201 1292 1243 1332; x_wconf 90' lang='lat' dir='ltr'><strong>Q.</strong></span> <span class='ocrx_word' id='word_1_164' title='bbox 1271 1292 1316 1324; x_wconf 83' lang='lat' dir='ltr'><strong>V.</strong></span> <span class='ocrx_word' id='word_1_165' title='bbox 1338 1291 1437 1331; x_wconf 86' lang='lat' dir='ltr'><strong>XVI,</strong></span> <span class='ocrx_word' id='word_1_166' title='bbox 1464 1288 1499 1326; x_wconf 78' lang='lat'><strong>4.</strong></span> <span class='ocrx_word' id='word_1_167' title='bbox 1524 1290 1597 1325; x_wconf 83' lang='lat' dir='ltr'><strong>vid.</strong></span> 
     </span>
     <span class='ocr_line' id='line_1_18' title="bbox 74 1335 1597 1382; baseline 0.001 -13"><span class='ocrx_word' id='word_1_168' title='bbox 74 1335 273 1370; x_wconf 85' lang='lat' dir='ltr'><strong>Broukhus.</strong></span> <span class='ocrx_word' id='word_1_169' title='bbox 292 1335 339 1369; x_wconf 89' lang='lat' dir='ltr'><strong>ad</strong></span> <span class='ocrx_word' id='word_1_170' title='bbox 363 1335 446 1370; x_wconf 88' lang='lat' dir='ltr'><strong>Tib.</strong></span> <span class='ocrx_word' id='word_1_171' title='bbox 469 1338 509 1378; x_wconf 88' lang='grc' dir='ltr'><strong>Π,</strong></span> <span class='ocrx_word' id='word_1_172' title='bbox 525 1337 559 1378; x_wconf 87' lang='lat'><strong>5,</strong></span> <span class='ocrx_word' id='word_1_173' title='bbox 576 1338 634 1373; x_wconf 86' lang='lat'><strong>63.</strong></span> <span class='ocrx_word' id='word_1_174' title='bbox 680 1339 830 1371; x_wconf 74' lang='lat' dir='ltr'><strong>Lauros</strong></span> <span class='ocrx_word' id='word_1_175' title='bbox 849 1338 978 1382; x_wconf 89' lang='lat' dir='ltr'><strong>probat</strong></span> <span class='ocrx_word' id='word_1_176' title='bbox 996 1338 1093 1371; x_wconf 84' lang='lat' dir='ltr'><strong>Cort.</strong></span> <span class='ocrx_word' id='word_1_177' title='bbox 1117 1338 1163 1371; x_wconf 90' lang='lat' dir='ltr'><strong>ad</strong></span> <span class='ocrx_word' id='word_1_178' title='bbox 1187 1338 1319 1371; x_wconf 89' lang='lat' dir='ltr'><strong>Lucan.</strong></span> <span class='ocrx_word' id='word_1_179' title='bbox 1340 1338 1367 1378; x_wconf 85' lang='lat'><strong>1,</strong></span> <span class='ocrx_word' id='word_1_180' title='bbox 1387 1338 1470 1375; x_wconf 78' lang='grc'><strong>287.</strong></span> <span class='ocrx_word' id='word_1_181' title='bbox 1501 1338 1597 1382; x_wconf 65' lang='grc'><strong>171.)</strong></span> 
     </span>
     <span class='ocr_line' id='line_1_19' title="bbox 75 1383 1599 1430; baseline 0.001 -14"><span class='ocrx_word' id='word_1_182' title='bbox 75 1385 124 1417; x_wconf 74' lang='lat' dir='ltr'><strong>At</strong></span> <span class='ocrx_word' id='word_1_183' title='bbox 145 1390 287 1427; x_wconf 70' lang='lat' dir='ltr'><strong>myrtos</strong></span> <span class='ocrx_word' id='word_1_184' title='bbox 310 1383 356 1416; x_wconf 80' lang='lat' dir='ltr'><strong>ad</strong></span> <span class='ocrx_word' id='word_1_185' title='bbox 376 1384 542 1417; x_wconf 80' lang='lat' dir='ltr'><strong>Eurotam</strong></span> <span class='ocrx_word' id='word_1_186' title='bbox 562 1384 784 1428; x_wconf 83' lang='lat' dir='ltr'><strong>plantaverat</strong></span> <span class='ocrx_word' id='word_1_187' title='bbox 804 1384 927 1418; x_wconf 88' lang='lat' dir='ltr'><strong>Catull.</strong></span> <span class='ocrx_word' id='word_1_188' title='bbox 951 1385 1071 1430; x_wconf 85' lang='lat' dir='ltr'><strong>Epith.</strong></span> <span class='ocrx_word' id='word_1_189' title='bbox 1092 1385 1199 1419; x_wconf 84' lang='lat' dir='ltr'><strong>Thet.</strong></span> <span class='ocrx_word' id='word_1_190' title='bbox 1220 1385 1277 1420; x_wconf 57' lang='grc' dir='ltr'><strong>ὥ.</strong></span> <span class='ocrx_word' id='word_1_191' title='bbox 1323 1384 1457 1418; x_wconf 75' lang='lat' dir='ltr'><strong>statius</strong></span> <span class='ocrx_word' id='word_1_192' title='bbox 1482 1392 1599 1418; x_wconf 76' lang='lat' dir='ltr'><strong>autem</strong></span> 
     </span>
     <span class='ocr_line' id='line_1_20' title="bbox 78 1429 1599 1477; baseline 0.001 -14"><span class='ocrx_word' id='word_1_193' title='bbox 78 1429 182 1464; x_wconf 70' lang='lat' dir='ltr'><strong>oleas</strong></span> <span class='ocrx_word' id='word_1_194' title='bbox 198 1431 249 1463; x_wconf 84' lang='lat' dir='ltr'><strong>IV</strong></span> <span class='ocrx_word' id='word_1_195' title='bbox 264 1429 382 1464; x_wconf 87' lang='lat' dir='ltr'><strong>Theb.</strong></span> <span class='ocrx_word' id='word_1_196' title='bbox 400 1430 482 1466; x_wconf 79' lang='lat'><strong>227.</strong></span> <span class='ocrx_word' id='word_1_197' title='bbox 529 1431 669 1464; x_wconf 87' lang='lat' dir='ltr'><strong>Monuit</strong></span> <span class='ocrx_word' id='word_1_198' title='bbox 690 1433 740 1465; x_wconf 87' lang='lat' dir='ltr'><strong>Io.</strong></span> <span class='ocrx_word' id='word_1_199' title='bbox 762 1431 949 1466; x_wconf 84' lang='lat' dir='ltr'><strong>Schrader.</strong></span> <span class='ocrx_word' id='word_1_200' title='bbox 1043 1432 1089 1468; x_wconf 90' lang='grc'><strong>85</strong></span> <span class='ocrx_word' id='word_1_201' title='bbox 1114 1431 1252 1477; x_wconf 82' lang='lat' dir='ltr'><strong>referri</strong></span> <span class='ocrx_word' id='word_1_202' title='bbox 1276 1431 1430 1476; x_wconf 85' lang='lat' dir='ltr'><strong>optimus</strong></span> <span class='ocrx_word' id='word_1_203' title='bbox 1452 1432 1599 1477; x_wconf 89' lang='lat' dir='ltr'><strong>quisque</strong></span> 
     </span>
     <span class='ocr_line' id='line_1_21' title="bbox 78 1475 1599 1524; baseline 0.001 -13"><span class='ocrx_word' id='word_1_204' title='bbox 78 1488 156 1511; x_wconf 84' lang='lat' dir='ltr'><strong>eum</strong></span> <span class='ocrx_word' id='word_1_205' title='bbox 172 1475 300 1510; x_wconf 82' lang='lat' dir='ltr'><strong>Medic.</strong></span> <span class='ocrx_word' id='word_1_206' title='bbox 325 1488 346 1510; x_wconf 89' lang='lat' dir='ltr'><strong>a</strong></span> <span class='ocrx_word' id='word_1_207' title='bbox 368 1489 414 1511; x_wconf 88' lang='lat' dir='ltr'><strong>m.</strong></span> <span class='ocrx_word' id='word_1_208' title='bbox 435 1489 525 1519; x_wconf 63' lang='lat' dir='ltr'><strong>sec„</strong></span> <span class='ocrx_word' id='word_1_209' title='bbox 557 1490 626 1523; x_wconf 87' lang='lat' dir='ltr'><strong>qua</strong></span> <span class='ocrx_word' id='word_1_210' title='bbox 645 1478 870 1524; x_wconf 82' lang='lat' dir='ltr'><strong>exquisitiore</strong></span> <span class='ocrx_word' id='word_1_211' title='bbox 890 1479 1028 1512; x_wconf 87' lang='lat' dir='ltr'><strong>ratione</strong></span> <span class='ocrx_word' id='word_1_212' title='bbox 1047 1491 1128 1512; x_wconf 90' lang='lat' dir='ltr'><strong>usus</strong></span> <span class='ocrx_word' id='word_1_213' title='bbox 1152 1478 1326 1512; x_wconf 83' lang='lat' dir='ltr'><strong>interdum</strong></span> <span class='ocrx_word' id='word_1_214' title='bbox 1343 1478 1513 1524; x_wconf 85' lang='lat' dir='ltr'><strong>Virgilius</strong></span> <span class='ocrx_word' id='word_1_215' title='bbox 1525 1505 1535 1520; x_wconf 89' lang='lat'><strong>,</strong></span> <span class='ocrx_word' id='word_1_216' title='bbox 1560 1485 1599 1512; x_wconf 90' lang='lat' dir='ltr'><strong>ut</strong></span> 
     </span>
     <span class='ocr_line' id='line_1_22' title="bbox 78 1524 1599 1571; baseline 0.001 -13"><span class='ocrx_word' id='word_1_217' title='bbox 78 1525 143 1558; x_wconf 82' lang='lat' dir='ltr'><strong>Ge.</strong></span> <span class='ocrx_word' id='word_1_218' title='bbox 162 1524 190 1565; x_wconf 86' lang='lat'><strong>1,</strong></span> <span class='ocrx_word' id='word_1_219' title='bbox 210 1524 291 1560; x_wconf 77' lang='lat'><strong>130.</strong></span> <span class='ocrx_word' id='word_1_220' title='bbox 314 1525 358 1565; x_wconf 89' lang='lat'><strong>11,</strong></span> <span class='ocrx_word' id='word_1_221' title='bbox 374 1525 456 1561; x_wconf 82' lang='lat'><strong>316.</strong></span> <span class='ocrx_word' id='word_1_222' title='bbox 488 1528 575 1559; x_wconf 86' lang='lat' dir='ltr'><strong>Aen.</strong></span> <span class='ocrx_word' id='word_1_223' title='bbox 594 1526 653 1567; x_wconf 87' lang='lat'><strong>111,</strong></span> <span class='ocrx_word' id='word_1_224' title='bbox 673 1527 730 1561; x_wconf 89' lang='grc'><strong>61.</strong></span> <span class='ocrx_word' id='word_1_225' title='bbox 761 1525 832 1559; x_wconf 80' lang='lat' dir='ltr'><strong>vid.</strong></span> <span class='ocrx_word' id='word_1_226' title='bbox 850 1525 971 1559; x_wconf 86' lang='lat' dir='ltr'><strong>Heius.</strong></span> <span class='ocrx_word' id='word_1_227' title='bbox 988 1526 1095 1571; x_wconf 89' lang='lat' dir='ltr'><strong>idque</strong></span> <span class='ocrx_word' id='word_1_228' title='bbox 1114 1525 1192 1570; x_wconf 89' lang='lat' dir='ltr'><strong>ipse</strong></span> <span class='ocrx_word' id='word_1_229' title='bbox 1207 1525 1416 1570; x_wconf 81' lang='lat' dir='ltr'><strong>praeferam.</strong></span> <span class='ocrx_word' id='word_1_230' title='bbox 1465 1526 1599 1570; x_wconf 82' lang='lat' dir='ltr'><strong>Regius</strong></span> 
     </span>
     <span class='ocr_line' id='line_1_23' title="bbox 79 1570 1599 1618; baseline 0.001 -14"><span class='ocrx_word' id='word_1_231' title='bbox 79 1570 206 1605; x_wconf 84' lang='lat' dir='ltr'><strong>etiam:</strong></span> <span class='ocrx_word' id='word_1_232' title='bbox 238 1583 462 1617; x_wconf 82' lang='lat' dir='ltr'><strong>numeroque</strong></span> <span class='ocrx_word' id='word_1_233' title='bbox 487 1570 632 1618; x_wconf 67' lang='lat' dir='ltr'><strong>refiert-i.</strong></span> <span class='ocrx_word' id='word_1_234' title='bbox 676 1576 765 1606; x_wconf 87' lang='lat' dir='ltr'><strong>Sunt</strong></span> <span class='ocrx_word' id='word_1_235' title='bbox 790 1580 905 1606; x_wconf 89' lang='lat' dir='ltr'><strong>tamen</strong></span> <span class='ocrx_word' id='word_1_236' title='bbox 928 1581 1063 1607; x_wconf 85' lang='lat' dir='ltr'><strong>veteres</strong></span> <span class='ocrx_word' id='word_1_237' title='bbox 1092 1572 1326 1618; x_wconf 84' lang='lat' dir='ltr'><strong>grammatici,</strong></span> <span class='ocrx_word' id='word_1_238' title='bbox 1359 1572 1419 1618; x_wconf 87' lang='lat' dir='ltr'><strong>qui</strong></span> <span class='ocrx_word' id='word_1_239' title='bbox 1439 1572 1599 1613; x_wconf 84' lang='lat' dir='ltr'><strong>alterum,</strong></span> 
     </span>
     <span class='ocr_line' id='line_1_24' title="bbox 79 1616 1600 1665; baseline 0.001 -14"><span class='ocrx_word' id='word_1_240' title='bbox 79 1616 241 1664; x_wconf 81' lang='lat' dir='ltr'><strong>referre,</strong></span> <span class='ocrx_word' id='word_1_241' title='bbox 263 1617 420 1653; x_wconf 71' lang='lat' dir='ltr'><strong>laudant.</strong></span> <span class='ocrx_word' id='word_1_242' title='bbox 469 1619 554 1664; x_wconf 79' lang='lat' dir='ltr'><strong>(Sed</strong></span> <span class='ocrx_word' id='word_1_243' title='bbox 580 1618 707 1652; x_wconf 89' lang='lat' dir='ltr'><strong>horum</strong></span> <span class='ocrx_word' id='word_1_244' title='bbox 729 1619 766 1652; x_wconf 89' lang='lat' dir='ltr'><strong>iu</strong></span> <span class='ocrx_word' id='word_1_245' title='bbox 781 1619 845 1653; x_wconf 84' lang='lat' dir='ltr'><strong>tali</strong></span> <span class='ocrx_word' id='word_1_246' title='bbox 862 1632 901 1653; x_wconf 91' lang='lat' dir='ltr'><strong>re</strong></span> <span class='ocrx_word' id='word_1_247' title='bbox 922 1632 1030 1665; x_wconf 87' lang='lat' dir='ltr'><strong>saepe</strong></span> <span class='ocrx_word' id='word_1_248' title='bbox 1051 1619 1243 1665; x_wconf 84' lang='lat' dir='ltr'><strong>perexigua</strong></span> <span class='ocrx_word' id='word_1_249' title='bbox 1263 1619 1464 1653; x_wconf 81' lang='lat' dir='ltr'><strong>auctoritas.</strong></span> <span class='ocrx_word' id='word_1_250' title='bbox 1514 1619 1600 1653; x_wconf 88' lang='lat' dir='ltr'><strong>Ori-</strong></span> 
     </span>
     <span class='ocr_line' id='line_1_25' title="bbox 79 1664 1600 1714; baseline 0.001 -16"><span class='ocrx_word' id='word_1_251' title='bbox 79 1664 197 1710; x_wconf 87' lang='lat' dir='ltr'><strong>ginem</strong></span> <span class='ocrx_word' id='word_1_252' title='bbox 213 1664 331 1698; x_wconf 83' lang='lat' dir='ltr'><strong>mendi</strong></span> <span class='ocrx_word' id='word_1_253' title='bbox 345 1665 376 1698; x_wconf 88' lang='lat' dir='ltr'><strong>si</strong></span> <span class='ocrx_word' id='word_1_254' title='bbox 395 1666 547 1711; x_wconf 83' lang='lat' dir='ltr'><strong>quaeris,</strong></span> <span class='ocrx_word' id='word_1_255' title='bbox 569 1666 628 1699; x_wconf 82' lang='lat' dir='ltr'><strong>vix</strong></span> <span class='ocrx_word' id='word_1_256' title='bbox 649 1673 768 1710; x_wconf 89' lang='lat' dir='ltr'><strong>potest</strong></span> <span class='ocrx_word' id='word_1_257' title='bbox 787 1666 954 1709; x_wconf 87' lang='lat' dir='ltr'><strong>dubitari,</strong></span> <span class='ocrx_word' id='word_1_258' title='bbox 979 1667 1062 1713; x_wconf 88' lang='lat' dir='ltr'><strong>quin</strong></span> <span class='ocrx_word' id='word_1_259' title='bbox 1080 1665 1221 1713; x_wconf 63' lang='lat' dir='ltr'><strong>referre</strong></span> <span class='ocrx_word' id='word_1_260' title='bbox 1239 1678 1449 1712; x_wconf 81' lang='lat' dir='ltr'><strong>praegresso</strong></span> <span class='ocrx_word' id='word_1_261' title='bbox 1468 1679 1600 1714; x_wconf 85' lang='lat' dir='ltr'><strong>cogere</strong></span> 
     </span>
     <span class='ocr_line' id='line_1_26' title="bbox 79 1711 1600 1759; baseline 0 -13"><span class='ocrx_word' id='word_1_262' title='bbox 79 1711 381 1746; x_wconf 78' lang='lat' dir='ltr'><strong>accommodatum</strong></span> <span class='ocrx_word' id='word_1_263' title='bbox 400 1712 448 1746; x_wconf 89' lang='lat' dir='ltr'><strong>sit</strong></span> <span class='ocrx_word' id='word_1_264' title='bbox 471 1725 491 1746; x_wconf 84' lang='lat' dir='ltr'><strong>a</strong></span> <span class='ocrx_word' id='word_1_265' title='bbox 514 1712 690 1754; x_wconf 83' lang='lat' dir='ltr'><strong>librariis;</strong></span> <span class='ocrx_word' id='word_1_266' title='bbox 725 1720 760 1747; x_wconf 89' lang='lat' dir='ltr'><strong>et</strong></span> <span class='ocrx_word' id='word_1_267' title='bbox 785 1725 888 1758; x_wconf 86' lang='lat' dir='ltr'><strong>quam</strong></span> <span class='ocrx_word' id='word_1_268' title='bbox 910 1726 1018 1759; x_wconf 89' lang='lat' dir='ltr'><strong>saepe</strong></span> <span class='ocrx_word' id='word_1_269' title='bbox 1041 1713 1234 1747; x_wconf 79' lang='lat' dir='ltr'><strong>vicinorum</strong></span> <span class='ocrx_word' id='word_1_270' title='bbox 1252 1713 1503 1747; x_wconf 85' lang='lat' dir='ltr'><strong>vocabulorum</strong></span> <span class='ocrx_word' id='word_1_271' title='bbox 1522 1721 1600 1747; x_wconf 87' lang='lat' dir='ltr'><strong>ter-</strong></span> 
     </span>
     <span class='ocr_line' id='line_1_27' title="bbox 78 1757 1599 1806; baseline 0.001 -14"><span class='ocrx_word' id='word_1_272' title='bbox 78 1757 225 1792; x_wconf 76' lang='lat' dir='ltr'><strong>minatio</strong></span> <span class='ocrx_word' id='word_1_273' title='bbox 245 1759 493 1804; x_wconf 87' lang='lat' dir='ltr'><strong>corrumpendi</strong></span> <span class='ocrx_word' id='word_1_274' title='bbox 512 1772 615 1794; x_wconf 90' lang='lat' dir='ltr'><strong>causa</strong></span> <span class='ocrx_word' id='word_1_275' title='bbox 637 1760 764 1802; x_wconf 85' lang='lat' dir='ltr'><strong>fuerit,</strong></span> <span class='ocrx_word' id='word_1_276' title='bbox 790 1760 932 1795; x_wconf 84' lang='lat' dir='ltr'><strong>docebit</strong></span> <span class='ocrx_word' id='word_1_277' title='bbox 952 1773 1097 1806; x_wconf 87' lang='lat' dir='ltr'><strong>magnus</strong></span> <span class='ocrx_word' id='word_1_278' title='bbox 1119 1760 1358 1806; x_wconf 82' lang='lat' dir='ltr'><strong>exemplorum</strong></span> <span class='ocrx_word' id='word_1_279' title='bbox 1382 1772 1543 1794; x_wconf 87' lang='lat' dir='ltr'><strong>numerus</strong></span> <span class='ocrx_word' id='word_1_280' title='bbox 1563 1760 1599 1794; x_wconf 86' lang='lat' dir='ltr'><strong>in</strong></span> 
     </span>
     <span class='ocr_line' id='line_1_28' title="bbox 80 1806 1598 1847; baseline 0.001 -8"><span class='ocrx_word' id='word_1_281' title='bbox 80 1806 125 1847; x_wconf 90' lang='lat' dir='ltr'><strong>Q.</strong></span> <span class='ocrx_word' id='word_1_282' title='bbox 143 1806 189 1839; x_wconf 83' lang='lat' dir='ltr'><strong>V.</strong></span> <span class='ocrx_word' id='word_1_283' title='bbox 207 1806 269 1847; x_wconf 81' lang='lat' dir='ltr'><strong>VI,</strong></span> <span class='ocrx_word' id='word_1_284' title='bbox 287 1807 319 1841; x_wconf 88' lang='lat' dir='ltr'><strong>l.</strong></span> <span class='ocrx_word' id='word_1_285' title='bbox 339 1814 620 1840; x_wconf 85' lang='lat' dir='ltr'><strong>memoratorum.</strong></span> <span class='ocrx_word' id='word_1_286' title='bbox 666 1807 900 1842; x_wconf 83' lang='lat' dir='ltr'><strong>Procliviores</strong></span> <span class='ocrx_word' id='word_1_287' title='bbox 925 1814 1040 1842; x_wconf 87' lang='lat' dir='ltr'><strong>autem</strong></span> <span class='ocrx_word' id='word_1_288' title='bbox 1057 1808 1101 1841; x_wconf 91' lang='lat' dir='ltr'><strong>ad</strong></span> <span class='ocrx_word' id='word_1_289' title='bbox 1125 1807 1311 1842; x_wconf 87' lang='lat' dir='ltr'><strong>errandum</strong></span> <span class='ocrx_word' id='word_1_290' title='bbox 1329 1807 1495 1841; x_wconf 88' lang='lat' dir='ltr'><strong>librarios</strong></span> <span class='ocrx_word' id='word_1_291' title='bbox 1516 1807 1552 1841; x_wconf 86' lang='lat' dir='ltr'><strong>h.</strong></span> <span class='ocrx_word' id='word_1_292' title='bbox 1573 1807 1598 1841; x_wconf 92' lang='lat' dir='ltr'><strong>l.</strong></span> 
     </span>
     <span class='ocr_line' id='line_1_29' title="bbox 78 1851 1597 1900; baseline 0.001 -14"><span class='ocrx_word' id='word_1_293' title='bbox 78 1851 167 1886; x_wconf 71' lang='lat' dir='ltr'><strong>feeit</strong></span> <span class='ocrx_word' id='word_1_294' title='bbox 186 1851 302 1886; x_wconf 84' lang='lat' dir='ltr'><strong>rarior</strong></span> <span class='ocrx_word' id='word_1_295' title='bbox 321 1854 592 1888; x_wconf 86' lang='lat' dir='ltr'><strong>constructionis</strong></span> <span class='ocrx_word' id='word_1_296' title='bbox 612 1854 815 1896; x_wconf 62' lang='lat' dir='ltr'><strong>conversim</strong></span> <span class='ocrx_word' id='word_1_297' title='bbox 847 1855 993 1889; x_wconf 85' lang='lat' dir='ltr'><strong>defensa</strong></span> <span class='ocrx_word' id='word_1_298' title='bbox 1013 1861 1132 1889; x_wconf 86' lang='lat' dir='ltr'><strong>tamen</strong></span> <span class='ocrx_word' id='word_1_299' title='bbox 1149 1859 1235 1889; x_wconf 81' lang='lat' dir='ltr'><strong>Aen.</strong></span> <span class='ocrx_word' id='word_1_300' title='bbox 1258 1856 1303 1898; x_wconf 85' lang='lat' dir='ltr'><strong>V,</strong></span> <span class='ocrx_word' id='word_1_301' title='bbox 1326 1855 1408 1891; x_wconf 81' lang='lat'><strong>772.</strong></span> <span class='ocrx_word' id='word_1_302' title='bbox 1432 1867 1503 1900; x_wconf 87' lang='lat' dir='ltr'><strong>sq.:</strong></span> <span class='ocrx_word' id='word_1_303' title='bbox 1529 1861 1597 1896; x_wconf 91' lang='lat' dir='ltr'><strong>„et</strong></span> 
     </span>
    </p>
   </div>
   <div class='ocr_carea' id='block_1_5' title="bbox 78 1983 818 3071">
    <p class='ocr_par' dir='ltr' id='par_1_5' title="bbox 78 1983 818 3071">
     <span class='ocr_line' id='line_1_30' title="bbox 78 1983 811 2037; baseline 0.003 -17"><span class='ocrx_word' id='word_1_304' title='bbox 78 1987 210 2021; x_wconf 79' lang='lat' dir='ltr'><strong>tatam</strong></span> <span class='ocrx_word' id='word_1_305' title='bbox 225 1983 420 2023; x_wconf 77' lang='lat' dir='ltr'><strong>referunt.</strong></span> <span class='ocrx_word' id='word_1_306' title='bbox 458 1984 637 2024; x_wconf 86' lang='lat' dir='ltr'><strong>Desert</strong></span> <span class='ocrx_word' id='word_1_307' title='bbox 648 1999 671 2023; x_wconf 91' lang='lat' dir='ltr'><strong>a</strong></span> <span class='ocrx_word' id='word_1_308' title='bbox 687 1984 811 2037; x_wconf 84' lang='lat' dir='ltr'><strong>magis</strong></span> 
     </span>
     <span class='ocr_line' id='line_1_31' title="bbox 81 2041 810 2092; baseline 0.004 -14"><span class='ocrx_word' id='word_1_309' title='bbox 81 2041 331 2080; x_wconf 83' lang='lat' dir='ltr'><strong>conveniunt</strong></span> <span class='ocrx_word' id='word_1_310' title='bbox 361 2041 575 2092; x_wconf 87' lang='lat' dir='ltr'><strong>lusciniae,</strong></span> <span class='ocrx_word' id='word_1_311' title='bbox 621 2043 664 2082; x_wconf 86' lang='lat' dir='ltr'><strong>in</strong></span> <span class='ocrx_word' id='word_1_312' title='bbox 701 2043 810 2082; x_wconf 71' lang='lat' dir='ltr'><strong>silvis</strong></span> 
     </span>
     <span class='ocr_line' id='line_1_32' title="bbox 82 2097 811 2151; baseline 0.005 -16"><span class='ocrx_word' id='word_1_313' title='bbox 82 2097 263 2150; x_wconf 86' lang='lat' dir='ltr'><strong>degenti,</strong></span> <span class='ocrx_word' id='word_1_314' title='bbox 310 2112 432 2150; x_wconf 82' lang='lat' dir='ltr'><strong>quam</strong></span> <span class='ocrx_word' id='word_1_315' title='bbox 466 2099 696 2151; x_wconf 80' lang='lat' dir='ltr'><strong>hirundini,</strong></span> <span class='ocrx_word' id='word_1_316' title='bbox 735 2101 811 2139; x_wconf 91' lang='lat' dir='ltr'><strong>sub</strong></span> 
     </span>
     <span class='ocr_line' id='line_1_33' title="bbox 80 2155 812 2197; baseline 0.003 -3"><span class='ocrx_word' id='word_1_317' title='bbox 80 2155 199 2194; x_wconf 80' lang='lat' dir='ltr'><strong>tectis</strong></span> <span class='ocrx_word' id='word_1_318' title='bbox 218 2156 453 2195; x_wconf 88' lang='lat' dir='ltr'><strong>nidificanti.</strong></span> <span class='ocrx_word' id='word_1_319' title='bbox 501 2158 696 2197; x_wconf 86' lang='lat' dir='ltr'><strong>Voculam</strong></span> <span class='ocrx_word' id='word_1_320' title='bbox 719 2167 812 2196; x_wconf 84' lang='lat' dir='ltr'><strong>ante</strong></span> 
     </span>
     <span class='ocr_line' id='line_1_34' title="bbox 83 2214 812 2269; baseline 0.004 -17"><span class='ocrx_word' id='word_1_321' title='bbox 83 2227 176 2252; x_wconf 89' lang='lat' dir='ltr'><strong>cum</strong></span> <span class='ocrx_word' id='word_1_322' title='bbox 201 2214 335 2253; x_wconf 84' lang='lat' dir='ltr'><strong>verbis</strong></span> <span class='ocrx_word' id='word_1_323' title='bbox 362 2229 439 2252; x_wconf 81' lang='lat' dir='ltr'><strong>sua</strong></span> <span class='ocrx_word' id='word_1_324' title='bbox 468 2223 571 2254; x_wconf 83' lang='lat' dir='ltr'><strong>tecta</strong></span> <span class='ocrx_word' id='word_1_325' title='bbox 595 2217 705 2268; x_wconf 82' lang='lat' dir='ltr'><strong>iungi</strong></span> <span class='ocrx_word' id='word_1_326' title='bbox 727 2216 812 2269; x_wconf 90' lang='lat' dir='ltr'><strong>ipse</strong></span> 
     </span>
     <span class='ocr_line' id='line_1_35' title="bbox 81 2271 813 2326; baseline 0.001 -16"><span class='ocrx_word' id='word_1_327' title='bbox 81 2271 215 2322; x_wconf 84' lang='lat' dir='ltr'><strong>locus,</strong></span> <span class='ocrx_word' id='word_1_328' title='bbox 245 2285 364 2323; x_wconf 87' lang='lat' dir='ltr'><strong>quem</strong></span> <span class='ocrx_word' id='word_1_329' title='bbox 383 2273 452 2310; x_wconf 89' lang='lat' dir='ltr'><strong>illa</strong></span> <span class='ocrx_word' id='word_1_330' title='bbox 472 2279 605 2323; x_wconf 82' lang='lat' dir='ltr'><strong>tenet,</strong></span> <span class='ocrx_word' id='word_1_331' title='bbox 635 2288 719 2313; x_wconf 89' lang='lat' dir='ltr'><strong>non</strong></span> <span class='ocrx_word' id='word_1_332' title='bbox 736 2287 813 2326; x_wconf 91' lang='lat' dir='ltr'><strong>pa-</strong></span> 
     </span>
     <span class='ocr_line' id='line_1_36' title="bbox 81 2329 814 2381; baseline 0.004 -14"><span class='ocrx_word' id='word_1_333' title='bbox 81 2329 206 2380; x_wconf 87' lang='lat' dir='ltr'><strong>titur;</strong></span> <span class='ocrx_word' id='word_1_334' title='bbox 228 2330 366 2381; x_wconf 84' lang='lat' dir='ltr'><strong>itaque</strong></span> <span class='ocrx_word' id='word_1_335' title='bbox 383 2329 602 2370; x_wconf 86' lang='lat' dir='ltr'><strong>Philomela</strong></span> <span class='ocrx_word' id='word_1_336' title='bbox 613 2362 625 2381; x_wconf 95' lang='lat'><em>‚</em></span> <span class='ocrx_word' id='word_1_337' title='bbox 645 2331 814 2370; x_wconf 86' lang='lat' dir='ltr'><strong>luscinia</strong></span> 
     </span>
     <span class='ocr_line' id='line_1_37' title="bbox 81 2388 814 2442; baseline 0.004 -17"><span class='ocrx_word' id='word_1_338' title='bbox 81 2388 209 2438; x_wconf 82' lang='lat' dir='ltr'><strong>facta,</strong></span> <span class='ocrx_word' id='word_1_339' title='bbox 253 2394 363 2426; x_wconf 85' lang='lat' dir='ltr'><strong>tecta</strong></span> <span class='ocrx_word' id='word_1_340' title='bbox 396 2402 470 2427; x_wconf 91' lang='lat' dir='ltr'><strong>sua</strong></span> <span class='ocrx_word' id='word_1_341' title='bbox 503 2389 814 2442; x_wconf 84' lang='lat' dir='ltr'><strong>supervolitavit</strong></span> 
     </span>
     <span class='ocr_line' id='line_1_38' title="bbox 84 2446 813 2500; baseline 0.004 -18"><span class='ocrx_word' id='word_1_342' title='bbox 84 2450 201 2495; x_wconf 88' lang='lat' dir='ltr'><strong>ante,</strong></span> <span class='ocrx_word' id='word_1_343' title='bbox 232 2459 354 2497; x_wconf 89' lang='lat' dir='ltr'><strong>quam</strong></span> <span class='ocrx_word' id='word_1_344' title='bbox 380 2446 539 2485; x_wconf 82' lang='lat' dir='ltr'><strong>deserta</strong></span> <span class='ocrx_word' id='word_1_345' title='bbox 566 2448 695 2500; x_wconf 80' lang='lat' dir='ltr'><strong>petiit.</strong></span> <span class='ocrx_word' id='word_1_346' title='bbox 730 2448 813 2485; x_wconf 89' lang='lat' dir='ltr'><strong>Ne-</strong></span> 
     </span>
     <span class='ocr_line' id='line_1_39' title="bbox 84 2502 809 2554; baseline 0.006 -14"><span class='ocrx_word' id='word_1_347' title='bbox 84 2515 163 2554; x_wconf 88' lang='lat' dir='ltr'><strong>que</strong></span> <span class='ocrx_word' id='word_1_348' title='bbox 186 2502 440 2542; x_wconf 84' lang='lat' dir='ltr'><strong>haerendum</strong></span> <span class='ocrx_word' id='word_1_349' title='bbox 470 2505 515 2544; x_wconf 92' lang='lat' dir='ltr'><strong>in</strong></span> <span class='ocrx_word' id='word_1_350' title='bbox 548 2519 639 2544; x_wconf 84' lang='lat' dir='ltr'><strong>voc.</strong></span> <span class='ocrx_word' id='word_1_351' title='bbox 676 2521 809 2544; x_wconf 79' lang='lat' dir='ltr'><strong>cursu.</strong></span> 
     </span>
     <span class='ocr_line' id='line_1_40' title="bbox 82 2560 814 2612; baseline 0.005 -14"><span class='ocrx_word' id='word_1_352' title='bbox 82 2560 186 2599; x_wconf 78' lang='lat' dir='ltr'><strong>Nam</strong></span> <span class='ocrx_word' id='word_1_353' title='bbox 211 2567 262 2600; x_wconf 88' lang='lat' dir='ltr'><strong>ut</strong></span> <span class='ocrx_word' id='word_1_354' title='bbox 287 2568 465 2612; x_wconf 87' lang='lat' dir='ltr'><strong>taceam,</strong></span> <span class='ocrx_word' id='word_1_355' title='bbox 497 2577 661 2602; x_wconf 87' lang='lat' dir='ltr'><strong>cursum</strong></span> <span class='ocrx_word' id='word_1_356' title='bbox 682 2563 814 2602; x_wconf 83' lang='lat' dir='ltr'><strong>inter-</strong></span> 
     </span>
     <span class='ocr_line' id='line_1_41' title="bbox 85 2617 816 2674; baseline 0.004 -18"><span class='ocrx_word' id='word_1_357' title='bbox 85 2617 185 2656; x_wconf 90' lang='lat' dir='ltr'><strong>dum</strong></span> <span class='ocrx_word' id='word_1_358' title='bbox 216 2633 294 2672; x_wconf 90' lang='lat' dir='ltr'><strong>pro</strong></span> <span class='ocrx_word' id='word_1_359' title='bbox 320 2620 464 2659; x_wconf 85' lang='lat' dir='ltr'><strong>volatu</strong></span> <span class='ocrx_word' id='word_1_360' title='bbox 492 2621 590 2672; x_wconf 88' lang='lat' dir='ltr'><strong>diei,</strong></span> <span class='ocrx_word' id='word_1_361' title='bbox 629 2627 679 2660; x_wconf 90' lang='lat' dir='ltr'><strong>ut</strong></span> <span class='ocrx_word' id='word_1_362' title='bbox 705 2621 816 2674; x_wconf 88' lang='lat' dir='ltr'><strong>apud</strong></span> 
     </span>
     <span class='ocr_line' id='line_1_42' title="bbox 83 2676 815 2730; baseline 0.004 -16"><span class='ocrx_word' id='word_1_363' title='bbox 83 2676 217 2727; x_wconf 86' lang='lat' dir='ltr'><strong>ipsum</strong></span> <span class='ocrx_word' id='word_1_364' title='bbox 242 2677 349 2730; x_wconf 90' lang='lat' dir='ltr'><strong>Virg.</strong></span> <span class='ocrx_word' id='word_1_365' title='bbox 375 2676 475 2717; x_wconf 85' lang='lat' dir='ltr'><strong>Aen.</strong></span> <span class='ocrx_word' id='word_1_366' title='bbox 504 2679 576 2728; x_wconf 93' lang='lat' dir='ltr'><strong>VI,</strong></span> <span class='ocrx_word' id='word_1_367' title='bbox 607 2678 701 2722; x_wconf 85' lang='lat'><strong>194.</strong></span> <span class='ocrx_word' id='word_1_368' title='bbox 741 2679 815 2717; x_wconf 86' lang='lat' dir='ltr'><strong>cfr.</strong></span> 
     </span>
     <span class='ocr_line' id='line_1_43' title="bbox 84 2732 815 2787; baseline 0.005 -15"><span class='ocrx_word' id='word_1_369' title='bbox 84 2732 222 2772; x_wconf 79' lang='lat' dir='ltr'><strong>Heius.</strong></span> <span class='ocrx_word' id='word_1_370' title='bbox 254 2735 308 2773; x_wconf 87' lang='lat' dir='ltr'><strong>ad</strong></span> <span class='ocrx_word' id='word_1_371' title='bbox 331 2735 452 2775; x_wconf 86' lang='lat' dir='ltr'><strong>Ovid.</strong></span> <span class='ocrx_word' id='word_1_372' title='bbox 479 2735 567 2775; x_wconf 84' lang='lat' dir='ltr'><strong>Am.</strong></span> <span class='ocrx_word' id='word_1_373' title='bbox 589 2737 636 2787; x_wconf 87' lang='lat' dir='ltr'><strong>H,</strong></span> <span class='ocrx_word' id='word_1_374' title='bbox 665 2740 704 2786; x_wconf 89' lang='lat'><strong>6,</strong></span> <span class='ocrx_word' id='word_1_375' title='bbox 735 2740 815 2786; x_wconf 90' lang='grc'><strong>11.,</strong></span> 
     </span>
     <span class='ocr_line' id='line_1_44' title="bbox 85 2790 816 2847; baseline 0.007 -19"><span class='ocrx_word' id='word_1_376' title='bbox 85 2790 213 2829; x_wconf 79' lang='lat' dir='ltr'><strong>verba</strong></span> <span class='ocrx_word' id='word_1_377' title='bbox 231 2807 310 2844; x_wconf 83' lang='lat' dir='ltr'><strong>quo</strong></span> <span class='ocrx_word' id='word_1_378' title='bbox 326 2808 459 2843; x_wconf 79' lang='lat' dir='ltr'><strong>cursu,</strong></span> <span class='ocrx_word' id='word_1_379' title='bbox 486 2794 514 2833; x_wconf 88' lang='lat' dir='ltr'><strong>i.</strong></span> <span class='ocrx_word' id='word_1_380' title='bbox 533 2807 566 2833; x_wconf 89' lang='lat' dir='ltr'><strong>e.</strong></span> <span class='ocrx_word' id='word_1_381' title='bbox 586 2795 704 2847; x_wconf 79' lang='lat' dir='ltr'><strong>quali</strong></span> <span class='ocrx_word' id='word_1_382' title='bbox 722 2809 816 2832; x_wconf 84' lang='lat' dir='ltr'><strong>cur-</strong></span> 
     </span>
     <span class='ocr_line' id='line_1_45' title="bbox 86 2848 817 2903; baseline 0.007 -17"><span class='ocrx_word' id='word_1_383' title='bbox 86 2863 156 2897; x_wconf 79' lang='lat' dir='ltr'><strong>su,</strong></span> <span class='ocrx_word' id='word_1_384' title='bbox 181 2848 364 2888; x_wconf 87' lang='lat' dir='ltr'><strong>indicant</strong></span> <span class='ocrx_word' id='word_1_385' title='bbox 386 2851 515 2903; x_wconf 88' lang='lat' dir='ltr'><strong>ipsam</strong></span> <span class='ocrx_word' id='word_1_386' title='bbox 536 2852 817 2902; x_wconf 84' lang='lat' dir='ltr'><strong>mutationem,</strong></span> 
     </span>
     <span class='ocr_line' id='line_1_46' title="bbox 88 2907 818 2961; baseline 0.008 -18"><span class='ocrx_word' id='word_1_387' title='bbox 88 2919 209 2957; x_wconf 87' lang='lat' dir='ltr'><strong>quam</strong></span> <span class='ocrx_word' id='word_1_388' title='bbox 254 2907 431 2946; x_wconf 86' lang='lat' dir='ltr'><strong>subierat</strong></span> <span class='ocrx_word' id='word_1_389' title='bbox 467 2910 639 2960; x_wconf 82' lang='lat' dir='ltr'><strong>Tereus3</strong></span> <span class='ocrx_word' id='word_1_390' title='bbox 687 2923 818 2961; x_wconf 88' lang='lat' dir='ltr'><strong>neque</strong></span> 
     </span>
     <span class='ocr_line' id='line_1_47' title="bbox 89 2963 817 3018; baseline 0.008 -17"><span class='ocrx_word' id='word_1_391' title='bbox 89 2963 196 3001; x_wconf 82' lang='lat' dir='ltr'><strong>enim</strong></span> <span class='ocrx_word' id='word_1_392' title='bbox 214 2964 332 3003; x_wconf 84' lang='lat' dir='ltr'><strong>solito</strong></span> <span class='ocrx_word' id='word_1_393' title='bbox 346 2965 425 3003; x_wconf 83' lang='lat' dir='ltr'><strong>iam</strong></span> <span class='ocrx_word' id='word_1_394' title='bbox 445 2980 579 3018; x_wconf 85' lang='lat' dir='ltr'><strong>cursu,</strong></span> <span class='ocrx_word' id='word_1_395' title='bbox 606 2967 678 3006; x_wconf 90' lang='lat' dir='ltr'><strong>sed</strong></span> <span class='ocrx_word' id='word_1_396' title='bbox 694 2981 817 3017; x_wconf 79' lang='lat' dir='ltr'><strong>nove,</strong></span> 
     </span>
     <span class='ocr_line' id='line_1_48' title="bbox 88 3021 818 3071; baseline 0.005 -12"><span class='ocrx_word' id='word_1_397' title='bbox 88 3027 138 3060; x_wconf 87' lang='lat' dir='ltr'><strong>ut</strong></span> <span class='ocrx_word' id='word_1_398' title='bbox 150 3021 340 3071; x_wconf 83' lang='lat' dir='ltr'><strong>volucris,</strong></span> <span class='ocrx_word' id='word_1_399' title='bbox 351 3022 566 3064; x_wconf 80' lang='lat' dir='ltr'><strong>serebatur.</strong></span> <span class='ocrx_word' id='word_1_400' title='bbox 590 3025 683 3065; x_wconf 86' lang='lat' dir='ltr'><strong>vid.</strong></span> <span class='ocrx_word' id='word_1_401' title='bbox 697 3026 818 3064; x_wconf 84' lang='lat' dir='ltr'><strong>etiam</strong></span> 
     </span>
    </p>
   </div>
   <div class='ocr_carea' id='block_1_6' title="bbox 866 1984 1604 3080">
    <p class='ocr_par' dir='ltr' id='par_1_6' title="bbox 866 1984 1601 2270">
     <span class='ocr_line' id='line_1_49' title="bbox 866 1984 1601 2036; baseline -0.003 -12"><span class='ocrx_word' id='word_1_402' title='bbox 866 1985 980 2024; x_wconf 88' lang='lat' dir='ltr'><strong>Voss.</strong></span> <span class='ocrx_word' id='word_1_403' title='bbox 1036 1985 1208 2036; x_wconf 86' lang='lat' dir='ltr'><strong>Langius</strong></span> <span class='ocrx_word' id='word_1_404' title='bbox 1226 1984 1269 2023; x_wconf 89' lang='lat' dir='ltr'><strong>in</strong></span> <span class='ocrx_word' id='word_1_405' title='bbox 1286 1984 1478 2024; x_wconf 85' lang='lat' dir='ltr'><strong>vindiciis</strong></span> <span class='ocrx_word' id='word_1_406' title='bbox 1496 1985 1601 2023; x_wconf 90' lang='lat' dir='ltr'><strong>Tra-</strong></span> 
     </span>
     <span class='ocr_line' id='line_1_50' title="bbox 866 2042 1601 2096; baseline -0.003 -14"><span class='ocrx_word' id='word_1_407' title='bbox 866 2043 1029 2095; x_wconf 89' lang='lat' dir='ltr'><strong>goediae</strong></span> <span class='ocrx_word' id='word_1_408' title='bbox 1056 2044 1260 2081; x_wconf 88' lang='lat' dir='ltr'><strong>Romanae</strong></span> <span class='ocrx_word' id='word_1_409' title='bbox 1287 2057 1376 2096; x_wconf 86' lang='lat' dir='ltr'><strong>pag.</strong></span> <span class='ocrx_word' id='word_1_410' title='bbox 1403 2043 1472 2086; x_wconf 91' lang='lat'><strong>50.</strong></span> <span class='ocrx_word' id='word_1_411' title='bbox 1497 2042 1601 2081; x_wconf 87' lang='lat' dir='ltr'><strong>illud</strong></span> 
     </span>
     <span class='ocr_line' id='line_1_51' title="bbox 868 2100 1600 2154; baseline -0.001 -15"><span class='ocrx_word' id='word_1_412' title='bbox 868 2116 963 2154; x_wconf 84' lang='lat' dir='ltr'><strong>quo,</strong></span> <span class='ocrx_word' id='word_1_413' title='bbox 986 2101 1144 2153; x_wconf 79' lang='lat' dir='ltr'><strong>quibus,</strong></span> <span class='ocrx_word' id='word_1_414' title='bbox 1164 2100 1326 2152; x_wconf 83' lang='lat' dir='ltr'><strong>gravius</strong></span> <span class='ocrx_word' id='word_1_415' title='bbox 1344 2101 1600 2152; x_wconf 88' lang='lat' dir='ltr'><strong>interrogan-</strong></span> 
     </span>
     <span class='ocr_line' id='line_1_52' title="bbox 870 2158 1600 2208; baseline 0 -11"><span class='ocrx_word' id='word_1_416' title='bbox 870 2159 921 2198; x_wconf 85' lang='lat' dir='ltr'><strong>tis</strong></span> <span class='ocrx_word' id='word_1_417' title='bbox 941 2172 1023 2196; x_wconf 89' lang='lat' dir='ltr'><strong>esse</strong></span> <span class='ocrx_word' id='word_1_418' title='bbox 1044 2158 1274 2208; x_wconf 86' lang='lat' dir='ltr'><strong>contendit,</strong></span> <span class='ocrx_word' id='word_1_419' title='bbox 1306 2159 1395 2197; x_wconf 86' lang='lat' dir='ltr'><strong>coll.</strong></span> <span class='ocrx_word' id='word_1_420' title='bbox 1414 2158 1514 2197; x_wconf 76' lang='lat' dir='ltr'><strong>Aen,</strong></span> <span class='ocrx_word' id='word_1_421' title='bbox 1535 2158 1600 2207; x_wconf 84' lang='lat' dir='ltr'><strong>HI,</strong></span> 
     </span>
     <span class='ocr_line' id='line_1_53' title="bbox 870 2215 1114 2270; baseline -0.02 -11"><span class='ocrx_word' id='word_1_422' title='bbox 870 2219 967 2259; x_wconf 86' lang='lat'><strong>337.</strong></span> <span class='ocrx_word' id='word_1_423' title='bbox 1002 2218 1072 2255; x_wconf 64' lang='lat' dir='ltr'><strong>JV</strong></span> <span class='ocrx_word' id='word_1_424' title='bbox 1065 2215 1114 2270; x_wconf 86' lang='lat' dir='ltr'><strong>r.)</strong></span> 
     </span>
    </p>

    <p class='ocr_par' dir='ltr' id='par_1_7' title="bbox 868 2273 1604 3080">
     <span class='ocr_line' id='line_1_54' title="bbox 928 2273 1602 2325; baseline 0 -13"><span class='ocrx_word' id='word_1_425' title='bbox 928 2276 997 2316; x_wconf 85' lang='lat'><strong>83.</strong></span> <span class='ocrx_word' id='word_1_426' title='bbox 1025 2273 1189 2313; x_wconf 82' lang='lat' dir='ltr'><strong>Amavit</strong></span> <span class='ocrx_word' id='word_1_427' title='bbox 1206 2273 1496 2325; x_wconf 83' lang='lat' dir='ltr'><strong>Hyacinthum,</strong></span> <span class='ocrx_word' id='word_1_428' title='bbox 1518 2274 1602 2312; x_wconf 88' lang='lat' dir='ltr'><strong>Oe-</strong></span> 
     </span>
     <span class='ocr_line' id='line_1_55' title="bbox 868 2331 1603 2383; baseline -0.001 -13"><span class='ocrx_word' id='word_1_429' title='bbox 868 2331 951 2370; x_wconf 84' lang='lat' dir='ltr'><strong>bali</strong></span> <span class='ocrx_word' id='word_1_430' title='bbox 976 2331 1124 2381; x_wconf 88' lang='lat' dir='ltr'><strong>filium,</strong></span> <span class='ocrx_word' id='word_1_431' title='bbox 1164 2333 1432 2383; x_wconf 84' lang='lat' dir='ltr'><strong>Spartanum,</strong></span> <span class='ocrx_word' id='word_1_432' title='bbox 1469 2331 1603 2370; x_wconf 85' lang='lat' dir='ltr'><strong>Phoe-</strong></span> 
     </span>
     <span class='ocr_line' id='line_1_56' title="bbox 869 2389 1602 2441; baseline -0.001 -13"><span class='ocrx_word' id='word_1_433' title='bbox 869 2390 958 2428; x_wconf 88' lang='lat' dir='ltr'><strong>bus.</strong></span> <span class='ocrx_word' id='word_1_434' title='bbox 980 2390 1066 2428; x_wconf 78' lang='lat' dir='ltr'><strong>vid.</strong></span> <span class='ocrx_word' id='word_1_435' title='bbox 1085 2389 1205 2428; x_wconf 87' lang='lat' dir='ltr'><strong>Ovid.</strong></span> <span class='ocrx_word' id='word_1_436' title='bbox 1216 2389 1374 2440; x_wconf 83' lang='lat' dir='ltr'><strong>Met.X,</strong></span> <span class='ocrx_word' id='word_1_437' title='bbox 1396 2392 1479 2431; x_wconf 82' lang='lat'><strong>162</strong></span> <span class='ocrx_word' id='word_1_438' title='bbox 1495 2403 1602 2441; x_wconf 87' lang='lat' dir='ltr'><strong>sqq.;</strong></span> 
     </span>
     <span class='ocr_line' id='line_1_57' title="bbox 871 2447 1603 2499; baseline -0.001 -13"><span class='ocrx_word' id='word_1_439' title='bbox 871 2447 925 2486; x_wconf 90' lang='lat' dir='ltr'><strong>ad</strong></span> <span class='ocrx_word' id='word_1_440' title='bbox 945 2447 1123 2486; x_wconf 78' lang='lat' dir='ltr'><strong>Eurotae</strong></span> <span class='ocrx_word' id='word_1_441' title='bbox 1147 2448 1284 2499; x_wconf 85' lang='lat' dir='ltr'><strong>itaque</strong></span> <span class='ocrx_word' id='word_1_442' title='bbox 1297 2477 1308 2497; x_wconf 91' lang='lat'>‚</span> <span class='ocrx_word' id='word_1_443' title='bbox 1338 2447 1409 2499; x_wconf 86' lang='lat' dir='ltr'><strong>qui</strong></span> <span class='ocrx_word' id='word_1_444' title='bbox 1430 2447 1603 2486; x_wconf 88' lang='lat' dir='ltr'><strong>Laconi-</strong></span> 
     </span>
     <span class='ocr_line' id='line_1_58' title="bbox 872 2505 1603 2558; baseline 0 -15"><span class='ocrx_word' id='word_1_445' title='bbox 872 2519 942 2544; x_wconf 88' lang='lat' dir='ltr'><strong>cae</strong></span> <span class='ocrx_word' id='word_1_446' title='bbox 960 2505 999 2543; x_wconf 87' lang='lat' dir='ltr'><strong>fl.</strong></span> <span class='ocrx_word' id='word_1_447' title='bbox 1017 2512 1098 2556; x_wconf 85' lang='lat' dir='ltr'><strong>est,</strong></span> <span class='ocrx_word' id='word_1_448' title='bbox 1130 2506 1238 2558; x_wconf 87' lang='lat' dir='ltr'><strong>ripas</strong></span> <span class='ocrx_word' id='word_1_449' title='bbox 1257 2518 1373 2558; x_wconf 88' lang='lat' dir='ltr'><strong>saepe</strong></span> <span class='ocrx_word' id='word_1_450' title='bbox 1388 2506 1480 2558; x_wconf 84' lang='lat' dir='ltr'><strong>lyra</strong></span> <span class='ocrx_word' id='word_1_451' title='bbox 1498 2505 1603 2544; x_wconf 87' lang='lat' dir='ltr'><strong>ceci-</strong></span> 
     </span>
     <span class='ocr_line' id='line_1_59' title="bbox 870 2561 1603 2616; baseline -0.001 -14"><span class='ocrx_word' id='word_1_452' title='bbox 870 2564 952 2613; x_wconf 87' lang='lat' dir='ltr'><strong>nit;</strong></span> <span class='ocrx_word' id='word_1_453' title='bbox 984 2561 1159 2616; x_wconf 69' lang='lat' dir='ltr'><strong>(lam-os:</strong></span> <span class='ocrx_word' id='word_1_454' title='bbox 1187 2563 1391 2615; x_wconf 84' lang='lat' dir='ltr'><strong>regionem</strong></span> <span class='ocrx_word' id='word_1_455' title='bbox 1412 2563 1603 2615; x_wconf 85' lang='lat' dir='ltr'><strong>Amycla-</strong></span> 
     </span>
     <span class='ocr_line' id='line_1_60' title="bbox 870 2620 1603 2673; baseline -0.003 -13"><span class='ocrx_word' id='word_1_456' title='bbox 870 2635 965 2660; x_wconf 90' lang='lat' dir='ltr'><strong>rum</strong></span> <span class='ocrx_word' id='word_1_457' title='bbox 983 2621 1035 2659; x_wconf 88' lang='lat' dir='ltr'><strong>ad</strong></span> <span class='ocrx_word' id='word_1_458' title='bbox 1054 2622 1248 2660; x_wconf 88' lang='lat' dir='ltr'><strong>Eurotam</strong></span> <span class='ocrx_word' id='word_1_459' title='bbox 1265 2621 1476 2660; x_wconf 71' lang='lat' dir='ltr'><strong>arboribus</strong></span> <span class='ocrx_word' id='word_1_460' title='bbox 1494 2620 1603 2673; x_wconf 88' lang='lat' dir='ltr'><strong>opti-</strong></span> 
     </span>
     <span class='ocr_line' id='line_1_61' title="bbox 872 2679 1604 2728; baseline -0.001 -11"><span class='ocrx_word' id='word_1_461' title='bbox 872 2680 948 2718; x_wconf 90' lang='lat' dir='ltr'><strong>mis</strong></span> <span class='ocrx_word' id='word_1_462' title='bbox 976 2680 1174 2718; x_wconf 88' lang='lat' dir='ltr'><strong>consitam</strong></span> <span class='ocrx_word' id='word_1_463' title='bbox 1199 2679 1339 2728; x_wconf 84' lang='lat' dir='ltr'><strong>fuisse,</strong></span> <span class='ocrx_word' id='word_1_464' title='bbox 1372 2680 1499 2718; x_wconf 81' lang='lat' dir='ltr'><strong>refert</strong></span> <span class='ocrx_word' id='word_1_465' title='bbox 1523 2679 1604 2716; x_wconf 94' lang='lat' dir='ltr'><strong>Po-</strong></span> 
     </span>
     <span class='ocr_line' id='line_1_62' title="bbox 871 2735 1604 2790; baseline -0.004 -15"><span class='ocrx_word' id='word_1_466' title='bbox 871 2737 1006 2790; x_wconf 86' lang='lat' dir='ltr'><strong>lybius</strong></span> <span class='ocrx_word' id='word_1_467' title='bbox 1031 2738 1078 2787; x_wconf 91' lang='lat' dir='ltr'><strong>V,</strong></span> <span class='ocrx_word' id='word_1_468' title='bbox 1108 2739 1173 2779; x_wconf 91' lang='lat'><strong>19.</strong></span> <span class='ocrx_word' id='word_1_469' title='bbox 1216 2735 1368 2790; x_wconf 80' lang='lat' dir='ltr'><strong>chlz.)</strong></span> <span class='ocrx_word' id='word_1_470' title='bbox 1408 2749 1510 2788; x_wconf 87' lang='lat' dir='ltr'><strong>quae</strong></span> <span class='ocrx_word' id='word_1_471' title='bbox 1536 2735 1604 2773; x_wconf 84' lang='lat' dir='ltr'><strong>ille</strong></span> 
     </span>
     <span class='ocr_line' id='line_1_63' title="bbox 874 2794 1602 2846; baseline -0.005 -12"><span class='ocrx_word' id='word_1_472' title='bbox 874 2795 1094 2845; x_wconf 84' lang='lat' dir='ltr'><strong>cecinerat,</strong></span> <span class='ocrx_word' id='word_1_473' title='bbox 1123 2808 1234 2834; x_wconf 89' lang='lat' dir='ltr'><strong>nunc</strong></span> <span class='ocrx_word' id='word_1_474' title='bbox 1262 2794 1411 2846; x_wconf 86' lang='lat' dir='ltr'><strong>repetit</strong></span> <span class='ocrx_word' id='word_1_475' title='bbox 1437 2794 1602 2831; x_wconf 89' lang='lat' dir='ltr'><strong>Silenus.</strong></span> 
     </span>
     <span class='ocr_line' id='line_1_64' title="bbox 872 2851 1604 2903; baseline -0.007 -12"><span class='ocrx_word' id='word_1_476' title='bbox 872 2854 1102 2903; x_wconf 76' lang='lat' dir='ltr'><strong>meditante,</strong></span> <span class='ocrx_word' id='word_1_477' title='bbox 1120 2867 1160 2892; x_wconf 80' lang='lat' dir='ltr'><strong>v.</strong></span> <span class='ocrx_word' id='word_1_478' title='bbox 1180 2852 1233 2890; x_wconf 89' lang='lat' dir='ltr'><strong>ad</strong></span> <span class='ocrx_word' id='word_1_479' title='bbox 1253 2852 1377 2900; x_wconf 83' lang='lat' dir='ltr'><strong>Ecl.1,</strong></span> <span class='ocrx_word' id='word_1_480' title='bbox 1393 2855 1428 2892; x_wconf 90' lang='lat'><strong>1.</strong></span> <span class='ocrx_word' id='word_1_481' title='bbox 1454 2851 1604 2902; x_wconf 65' lang='lat' dir='ltr'><strong>pulsae</strong></span> 
     </span>
     <span class='ocr_line' id='line_1_65' title="bbox 874 2910 1602 2960; baseline -0.01 -10"><span class='ocrx_word' id='word_1_482' title='bbox 874 2924 928 2950; x_wconf 80' lang='lat' dir='ltr'><strong>sc,</strong></span> <span class='ocrx_word' id='word_1_483' title='bbox 944 2911 1124 2960; x_wconf 81' lang='lat' dir='ltr'><strong>vocibus,</strong></span> <span class='ocrx_word' id='word_1_484' title='bbox 1147 2910 1266 2959; x_wconf 89' lang='lat' dir='ltr'><strong>sonis,</strong></span> <span class='ocrx_word' id='word_1_485' title='bbox 1292 2915 1342 2948; x_wconf 91' lang='lat' dir='ltr'><strong>ut</strong></span> <span class='ocrx_word' id='word_1_486' title='bbox 1357 2912 1602 2947; x_wconf 87' lang='lat' dir='ltr'><strong>resonarent.</strong></span> 
     </span>
     <span class='ocr_line' id='line_1_66' title="bbox 876 2965 1603 3021; baseline -0.007 -14"><span class='ocrx_word' id='word_1_487' title='bbox 876 2966 978 3021; x_wconf 86' lang='lat' dir='ltr'><strong>(vid.</strong></span> <span class='ocrx_word' id='word_1_488' title='bbox 997 2968 1179 3007; x_wconf 84' lang='lat' dir='ltr'><strong>Huschk.</strong></span> <span class='ocrx_word' id='word_1_489' title='bbox 1207 2967 1260 3006; x_wconf 84' lang='lat' dir='ltr'><strong>ad</strong></span> <span class='ocrx_word' id='word_1_490' title='bbox 1281 2966 1367 3005; x_wconf 90' lang='lat' dir='ltr'><strong>Tib.</strong></span> <span class='ocrx_word' id='word_1_491' title='bbox 1388 2965 1435 3014; x_wconf 85' lang='grc' dir='ltr'><strong>Π,</strong></span> <span class='ocrx_word' id='word_1_492' title='bbox 1467 2967 1505 3013; x_wconf 86' lang='grc'><strong>1,</strong></span> <span class='ocrx_word' id='word_1_493' title='bbox 1534 2966 1603 3005; x_wconf 88' lang='grc'><strong>66.</strong></span> 
     </span>
     <span class='ocr_line' id='line_1_67' title="bbox 879 3021 1603 3080; baseline -0.008 -16"><span class='ocrx_word' id='word_1_494' title='bbox 879 3027 950 3066; x_wconf 72' lang='lat' dir='ltr'><strong>JV</strong></span> <span class='ocrx_word' id='word_1_495' title='bbox 942 3025 998 3080; x_wconf 87' lang='lat' dir='ltr'><strong>r.)</strong></span> <span class='ocrx_word' id='word_1_496' title='bbox 1040 3026 1107 3069; x_wconf 85' lang='lat'><strong>85.</strong></span> <span class='ocrx_word' id='word_1_497' title='bbox 1137 3026 1293 3064; x_wconf 89' lang='lat' dir='ltr'><strong>Silenus</strong></span> <span class='ocrx_word' id='word_1_498' title='bbox 1310 3035 1439 3074; x_wconf 87' lang='lat' dir='ltr'><strong>usque</strong></span> <span class='ocrx_word' id='word_1_499' title='bbox 1458 3021 1511 3060; x_wconf 89' lang='lat' dir='ltr'><strong>ad</strong></span> <span class='ocrx_word' id='word_1_500' title='bbox 1526 3034 1603 3059; x_wconf 89' lang='lat' dir='ltr'><strong>no-</strong></span> 
     </span>
    </p>
   </div>
  </div>
 </body>
</html>
