1734 3320
144 231 247 280 498
432 228 488 278 P.
512 225 699 278 VIRG.
723 225 890 275 MAR.
919 224 1024 275 GE.
1050 224 1175 274 LIB.
1198 224 1265 288 ΙΙ,
1293 224 1398 276 542

143 358 212 407 Et
233 355 340 405 iam
364 363 584 421 tempus
609 368 815 420 equum
839 349 1100 401 fumantia
1127 351 1336 402 solvere
1363 350 1513 404 colla.

194 482 265 520 542
288 484 504 531 spumantia
531 484 634 517 Rom.
669 487 706 514 et
732 480 868 526 aliquot
894 480 956 514 alii
988 480 1118 524 Pierii,
1152 480 1240 515 item
1264 481 1430 516 Parrhas.
1464 481 1516 526 (et
1536 480 1571 516 3.
1593 480 1628 516 7.
1647 480 1680 515 8.

152 533 247 578 Wr.)
295 532 427 568 Eadem
447 530 600 565 varietas
625 541 682 574 ap.
706 528 873 570 Quinctil.
889 529 994 571 VIII,
1029 529 1072 570 6,
1098 528 1160 562 ubi
1186 541 1308 562 versus
1329 527 1506 562 laudatur.
1553 530 1599 561 At
1608 526 1682 574 sa·-

146 581 289 614 mantia
313 578 437 612 melius
465 578 534 612 hoc
561 575 704 622 quidem
732 576 832 613 loco3
870 581 907 608 et
931 575 1101 608 exhibent
1121 576 1300 609 Charisius
1329 583 1364 609 et
1382 575 1481 609 Beda
1500 575 1546 608 de
1568 573 1683 620 tropis

126 631 182 662 ¹S.
202 631 236 662 S.
288 626 392 672 (Equi
411 625 481 671 ipsi
504 632 539 658 et
561 636 733 671 spumare
752 630 788 656 et
801 622 955 669 fumare
977 622 1162 664 dicuntum
1196 623 1267 656 vid.
1289 623 1406 656 Hand.
1427 622 1472 656 ad
1492 625 1582 656 Stat.
1599 622 1683 655 Silv.

147 678 173 716 Ι,
197 677 277 716 21.;
302 674 366 707 sed
387 673 490 707 colla
505 672 718 718 spumantia
738 682 812 703 non
831 677 885 703 est
903 681 1042 711 sanum3
1066 670 1208 704 videtur
1227 677 1346 704 tamen
1364 670 1404 703 id
1423 669 1573 716 probari
1591 669 1683 703 Cor—
1720 677 1722 680 '

146 723 200 756 tio
221 722 267 756 ad
283 722 413 755 Lucan.
435 721 495 763 IV,
520 719 601 755 754.
634 717 730 762 Wr.)

151 830 267 868 Colla
287 841 478 881 equorum
498 826 674 874 solvere,
707 824 806 863 dum
823 824 890 862 iu-
950 822 1053 878 μένη
1085 821 1355 863 Callimachus
1383 837 1407 861 a
1436 823 1568 863 Gerda
1592 823 1698 862 lau-'

147 894 244 941 gum
266 887 458 934 solvitur,
484 883 676 922 demitur.
719 883 785 921 Sic
803 877 887 934 ὕφ’
948 882 1070 921 datus
1090 882 1142 921 H.
1163 881 1206 920 in
1225 882 1322 922 Pan.
1344 882 1440 922 Lav.
1471 885 1537 926 10.
1569 877 1685 923 λύειν

150 944 329 1001 ἅρματος
367 939 541 996 αὐχένας
581 942 723 982 ἵππων
760 944 886 982 λυσα-
946 941 1114 991 ἵππους,
1145 941 1295 979 solvere
1313 955 1457 994 eqnw,
1492 940 1684 979 sollenne.
