1768 3320
155 254 260 305 214
486 252 540 301 P.
577 217 941 301 VI'RGILII
975 239 1354 298 MARoNJs

159 378 414 443 Coniugis
434 387 496 429 ut
516 378 733 443 magicis
758 391 914 425 sanos
944 382 1186 423 avertere
1209 374 1368 423 sacris

155 449 412 516 Experiar
435 464 649 510 sensus;
693 445 826 495 nihil
847 445 935 494 hic
957 444 1058 493 nisi
1081 444 1314 494 carmina
1339 443 1548 494 desunt.
1583 438 1586 444 ’

153 520 349 577 Ducite
381 519 445 568 ab
477 519 615 569 urbe
648 517 904 580 domum,
939 531 1063 564 mea
1085 515 1343 580 carmina,
1382 513 1561 565 ducite
1582 515 1688 564 Da-

947 584 1155 652 phnim.

161 659 412 710 Carmina
432 657 516 707 vel
542 656 695 706 coelo
718 664 946 722 possunt
967 654 1240 705 deducere
1263 656 1499 716 Lunam3

161 728 501 781 Carminibus
525 728 676 778 Circe
697 726 872 776 socios
894 725 1120 776 mutavit
1141 723 1304 784 Ulixi;

232 827 312 874 68.
348 825 595 873 DAPHNIN

1620 726 1690 774 70

207 941 255 976 66
288 939 466 986 Coniugis·
492 946 529 972 et
555 938 708 984 magicis
736 936 870 970 Moreti
896 936 1041 982 primus.
1091 944 1264 970 avertere
1291 946 1426 969 sensus
1449 937 1542 981 Exp.
1574 933 1694 968 sacris
1745 934 1748 938 ’

159 988 288 1021 Moret.
309 992 424 1032 quart.
445 991 481 1019 et
499 985 663 1019 Parrhas.
698 985 856 1018 insanos
873 992 1019 1018 vertere
1037 983 1175 1017 emend.
1194 984 1246 1017 Io.
1266 981 1454 1016 Schrader.
1544 982 1590 1017 68
1608 984 1692 1014 Da—

156 1035 278 1082 phnin
306 1032 437 1078 ubique
466 1032 612 1076 reposui
642 1043 709 1077 pro
730 1032 936 1079 Daphnim,
970 1037 1009 1064 ut
1035 1031 1212 1076 scriptura
1238 1029 1307 1063 sibi
1332 1035 1527 1063 constaret:
1553 1027 1624 1062 vid.
1647 1027 1693 1061 ad
1729 1040 1731 1043 ’

159 1083 203 1123 ΙΙ,
222 1082 280 1117 26.
330 1081 419 1126 (Ego
450 1086 573 1113 contra
601 1080 789 1126 Daphnim
816 1078 923 1112 edidi.
965 1079 1062 1123 Wr.)
1159 1079 1205 1114 69
1229 1079 1381 1111 Versum
1413 1075 1599 1120 adoptavit
1620 1076 1693 1109 Pe-

159 1134 254 1161 tron.
279 1127 347 1163 134
367 1127 403 1159 in
428 1139 536 1160 verss.
561 1127 606 1160 de
634 1139 718 1171 saga
739 1127 795 1162 13.
846 1127 1019 1159 Carmina
1037 1138 1057 1158 e
1076 1125 1178 1159 caelo
1199 1124 1353 1169 Giphan.
1383 1124 1428 1157 ad
1445 1124 1587 1157 Lucret.
1609 1133 1692 1167 pag.

159 1174 231 1212 463
252 1187 270 1208 e
289 1173 441 1219 scriptis.
493 1176 664 1208 Carmina
685 1182 721 1207 et
740 1187 759 1206 e
778 1174 882 1207 caelo
903 1186 945 1206 ex
967 1172 1116 1218 antiquis
1138 1172 1275 1218 aliquot
1295 1170 1553 1216 exemplaribus
1570 1169 1694 1204 laudat

159 1222 307 1256 Pierius.
357 1222 528 1255 Carmina
546 1222 609 1255 vel
627 1221 755 1254 lunam
781 1221 884 1254 caelo
902 1220 1084 1254 deducere
1097 1227 1260 1266 possunt
1280 1218 1399 1252 Schol.
1421 1221 1507 1252 Stat.
1530 1217 1648 1251 Theb.
1665 1218 1693 1259 Ι,

163 1267 241 1304 104.
292 1268 371 1314 (Hic
392 1280 513 1302 versus
533 1268 569 1301 in
587 1267 751 1301 Mediceo
775 1267 923 1301 omissus
936 1294 944 1310 ,
979 1279 1062 1301 casu
1086 1274 1172 1311 puto
1185 1293 1193 1309 ,
1229 1272 1265 1299 et
1285 1265 1323 1299 in
1349 1265 1506 1310 margine
1523 1264 1694 1298 inferiore

160 1315 371 1360 adscriptus.
412 1316 506 1359 Wr.)
602 1317 649 1351 70
682 1315 785 1348 Ulixi
804 1314 925 1348 Heins.
958 1326 976 1348 e
995 1314 1124 1347 Medic.
1155 1320 1192 1347 et
1212 1312 1378 1355 MenteL,
1414 1324 1517 1358 quem
1537 1312 1619 1346 vide
1647 1311 1694 1345 ad

162 1363 196 1396 h.
217 1362 243 1396 l.
271 1362 390 1408 (etiam
407 1363 440 1398 3.
466 1363 537 1396 vid.
556 1362 602 1395 ad
625 1365 711 1396 Aen.
731 1364 757 1404 Ι,
775 1363 833 1398 30.
865 1361 963 1406 Wr.)
1013 1363 1090 1395 Nec
1114 1367 1234 1394 tamen
1261 1359 1402 1394 codices
1423 1372 1478 1393 me
1497 1364 1693 1400 moverent,

159 1409 228 1443 nisi
258 1417 395 1443 veteres
415 1409 644 1443 Grammatiei
674 1410 923 1453 observarent,
957 1409 1029 1443 dici
1055 1408 1218 1442 Achillei
1244 1415 1279 1441 et
1308 1407 1442 1441 Ulixei.
1490 1407 1631 1441 Achilli
1658 1412 1695 1439 et

168 1457 279 1491 Ulixi.
304 1456 458 1499 Scilicet,
478 1463 644 1502 quantum
660 1457 799 1502 assequi
818 1456 915 1499 licet,
932 1452 1138 1495 Ὀδυσσεὺς
1154 1455 1222 1487 fuit
1239 1454 1504 1500 pronuntiatum
1522 1455 1693 1494 Ulixen-93

162 1511 198 1537 et
219 1503 289 1538 alia
306 1503 456 1538 flexione
469 1530 477 1546 ‚
502 1500 688 1549 Ὀδύσσης
700 1530 709 1548 ,
738 1511 776 1537 ut
800 1501 947 1548 Τύδης,
965 1499 1119 1548 ”Ορφης
1138 1502 1320 1548 (Priscian.
1337 1513 1419 1546 pag.
1441 1501 1521 1546 68),
1554 1502 1694 1535 Ulixes.

161 1553 232 1584 Iam
251 1551 405 1585 occurrit
430 1563 528 1584 casus
547 1553 718 1585 secundus
744 1552 862 1593 Ulixi3
897 1558 934 1584 ut
954 1551 1126 1596 Chryses,
1152 1549 1298 1595 Chrysi;
1323 1549 1514 1591 Hercules,
1540 1547 1694 1582 Herculi.

162 1599 206 1632 cs.
226 1599 272 1631 ad
289 1601 375 1632 Aen.
394 1599 438 1640 ΙΙ,
457 1600 491 1634 7.
523 1600 562 1631 In
583 1599 663 1633 edd.
682 1599 866 1643 legebatur
891 1599 1029 1644 Ulyssz,
1052 1603 1088 1631 et
1105 1597 1187 1630 inde
1207 1609 1227 1630 a
1244 1597 1424 1630 Pulmann.
1453 1596 1612 1642 Ulyssei.
1647 1598 1695 1629 At

160 1645 198 1678 in
217 1645 321 1678 codd.
346 1645 476 1687 Ulixis,
509 1647 650 1680 Ulixes.
693 1647 802 1691 (Haec
819 1646 934 1679 forma
957 1646 1121 1691 Ulysses,
1140 1643 1318 1689 geminata
1337 1656 1366 1686 s,
1385 1643 1443 1678 vix
1463 1643 1603 1678 videtur
1618 1643 1694 1676 La·-

162 1692 238 1725 tina
267 1692 395 1733 fuisse3
430 1692 500 1726 vid.
523 1695 709 1727 Burmann.
742 1694 787 1727 ad
809 1693 909 1727 Ovid.
928 1693 1075 1726 Heroid.
1094 1694 1121 1734 1,
1153 1695 1184 1727 1.
1215 1698 1250 1725 et
1277 1694 1404 1725 Osann.
1424 1691 1471 1724 ad
1489 1690 1629 1735 Apulei.
1650 1690 1696 1724 de

164 1739 333 1783 Orthogr.
362 1751 444 1783 pag.
466 1740 543 1782 523
577 1740 647 1774 nisi
666 1740 831 1775 statueris
844 1767 853 1783 ,
884 1747 1021 1774 veteres
1041 1741 1219 1773 Romanos
1247 1738 1426 1783 geminata
1447 1750 1466 1771 s
1484 1750 1551 1783 pro
1569 1752 1594 1772 x
1611 1749 1696 1771 usos

163 1785 292 1827 fuisse3
318 1786 412 1831 quod
427 1787 538 1821 tradit
552 1787 629 1832 ipse
647 1788 815 1833 Apuleius
833 1788 941 1821 modo
960 1787 1055 1821 laud.
1073 1787 1104 1832 <j-
1125 1787 1180 1822 17.
1205 1785 1267 1819 ubi
1287 1785 1359 1819 vid.
1382 1788 1510 1819 Osann.
1560 1785 1698 1819 Ulissei

163 1833 276 1868 Palat.
293 1835 349 1868 W
343 1832 387 1878 r.)
417 1835 515 1868 Circe
530 1835 567 1868 in
576 1836 717 1878 Medic„
733 1835 1022 1881 superadscripto
1037 1847 1071 1877 a,
1088 1839 1129 1867 ut
1141 1833 1189 1867 sit
1202 1835 1323 1875 Circa3
1347 1839 1422 1866 tum
1436 1830 1593 1866 mutabit
1604 1832 1694 1867 Gud.

164 1928 345 1978 adolere,
385 1930 496 1981 quod
522 1931 687 1984 proprie
718 1931 795 1970 suit
823 1945 900 1970 au—
956 1931 1051 1969 sani
1087 1942 1186 1969 vero
1218 1928 1394 1967 ornandi
1417 1942 1558 1967 caussa
1583 1929 1696 1967 adje-

164 1999 274 2039 gere,
307 1989 532 2037 cumulare,
569 1990 814 2028 translatum
840 1996 901 2028 est

166 2044 220 2082 ad
251 2057 374 2096 genus
404 2047 597 2099 augendi,
635 2048 819 2101 inprimis
855 2049 901 2087 in

166 2102 304 2153 sacris,
327 2117 475 2156 angere
488 2107 730 2157 flammam,
757 2109 898 2159 ignes:

165 2160 277 2198 unde
305 2173 385 2199 usu
411 2162 633 2203 deductum
662 2171 722 2203 est
749 2178 819 2214 eo,
853 2171 903 2204 ut

167 2218 221 2256 sit
238 2218 472 2271 simpliciter
492 2235 690 2261 cremare:
722 2223 825 2261 conf.
848 2222 902 2261 ad

166 2275 266 2315 Aen.
287 2276 324 2326 Ι,
354 2278 450 2320 704.
501 2279 633 2319 valer.
659 2281 720 2320 Fl.
741 2281 781 2331 Ι,
815 2279 901 2323 204

168 2334 246 2373 alio
261 2335 387 2374 verbo
409 2336 533 2376 dixit:
547 2340 703 2391 pingui
720 2340 903 2377 cumulat

168 2391 361 2430 libamine
378 2395 618 2445 flammam.
683 2400 750 2439 66.
781 2412 902 2436 sanos

169 2458 343 2489 avertere
366 2474 423 2481 -—-
443 2467 593 2492 sensus,
643 2455 766 2493 Recte
787 2457 901 2495 Serv.

169 2521 193 2546 a
221 2507 393 2547 sanitate
427 2517 606 2562 mutare,
646 2519 901 2565 pervertere3

168 2565 456 2621 παρατρέπειν.
524 2570 595 2607 Est
623 2584 698 2623 pro
728 2572 902 2624 vulgari:

168 2638 212 2663 m
233 2637 381 2663 amoris
400 2627 597 2665 msaniam
621 2635 804 2679 vertere,
835 2631 902 2668 in—

171 2695 315 2720 sanum
337 2696 515 2722 amorem
530 2685 712 2725 reddere.
743 2688 903 2727 Puellae

170 2740 322 2779 mentio
347 2741 460 2779 nulla
482 2742 553 2793 fit,
586 2757 608 2781 a
628 2746 740 2782 cuius
767 2760 903 2785 amore

170 2811 264 2836 eum
293 2805 476 2838 avertere
505 2806 545 2838 et
571 2815 741 2840 avocare
764 2805 902 2855 possit.

170 2855 294 2909 Apud
313 2856 575 2897 Theocritum
593 2866 664 2909 est,
684 2874 797 2899 sacro
814 2877 902 2900 ma-

169 2914 255 2967 gico
271 2915 378 2954 facto
394 2916 604 2955 incantare
620 2916 900 2960 καταθύεσθαι

169 2972 196 3030 l.
214 2972 241 3012 l.
259 2986 298 3013 v.
313 2976 338 3015 3
359 2972 437 3023 ‘523
455 2972 529 3016 τόν
548 2974 636 3027 ἐμοὶ
657 2974 790 3029 βαρύν
813 2972 902 3018 εὖν-

171 3046 219 3071 τα
263 3031 389 3083 φίλον
430 3029 716 3088 καταθύσομαι
759 3031 901 3089 ἄνδρα.

959 1995 1091 2027 ctum:
1122 1988 1215 2039 quia
1237 1987 1289 2026 ad
1308 1987 1506 2026 insaniam
1525 1993 1566 2026 et
1581 2001 1696 2026 amo-

957 2061 1045 2086 rem
1091 2045 1292 2086 vertebat.
1372 2046 1527 2084 Coniux
1565 2045 1695 2098 simpl.

960 2111 1138 2154 amator,
1168 2109 1216 2142 ut
1243 2118 1331 2157 sup.
1362 2106 1436 2154 18,
1468 2110 1508 2143 et
1538 2104 1595 2142 sic
1624 2104 1695 2143 Gr.

961 2159 1090 2216 οἷνῆρ,
1121 2168 1170 2201 ut
1189 2162 1395 2202 Theocrit.
1434 2164 1619 2201 carmina
1645 2162 1697 2201 de

958 2222 1113 2274 magica
1130 2221 1308 2260 formula
1329 2221 1476 2273 accipe.

1019 2283 1086 2322 69.
1125 2280 1183 2317 De
1209 2278 1273 2318 his
1297 2279 1543 2332 tei-atologiis
1565 2278 1697 2331 magi-

960 2352 1101 2377 carum
1121 2337 1273 2376 artium
1293 2338 1346 2376 ad
1374 2351 1512 2379 omnes
1530 2343 1697 2376 tantum

959 2411 1044 2436 non
1070 2402 1210 2449 poetas
1243 2396 1441 2449 plurima,
1480 2401 1530 2435 ut
1564 2396 1697 2434 solent

959 2456 1044 2494 fere
1071 2455 1114 2493 in
1145 2454 1209 2493 his
1242 2454 1427 2493 munifici
1455 2467 1559 2504 esse,
1606 2453 1697 2492 loca

959 2513 1153 2565 collegere
1180 2513 1443 2566 interpretes5
1473 2526 1514 2552 v.
1536 2511 1589 2550 ad
1605 2511 1697 2562 Ho-

959 2577 1038 2611 rat.
1077 2571 1207 2624 Epod.
1236 2572 1272 2611 V
1302 2577 1343 2610 et
1374 2570 1499 2610 XVH.
1545 2570 1696 2609 Lucan.

961 2630 1027 2679 VI,
1054 2627 1138 2671 420
1160 2635 1235 2668 etc.
1276 2630 1422 2668 Tibull.
1442 2629 1472 2679 Ι,
1494 2631 1535 2678 2,
1555 2631 1623 2679 32,
1657 2634 1698 2666 et

961 2688 1014 2727 ad
1028 2687 1069 2727 h.
1085 2688 1112 2726 l.
1135 2687 1265 2726 cerda
1285 2687 1452 2739 aliique:
1472 2688 1611 2740 itaque
1629 2685 1698 2725 hic

960 2745 1207 2799 paucissimis
1243 2745 1408 2798 defungi
1431 2745 1590 2796 licebit,
1621 2757 1698 2783 nec

962 2805 1090 2843 otium
1131 2805 1175 2843 in
1210 2803 1273 2843 his
1305 2811 1516 2843 conterere
1550 2804 1696 2856 placet.

959 2863 1119 2901 Interea
1142 2861 1195 2900 ad.
1224 2862 1557 2916 superstitionum
1578 2875 1696 2901 caus-

960 2935 1022 2959 sas
1041 2920 1252 2959 attendere
1274 2921 1396 2960 velim
1419 2920 1617 2969 animum,
1649 2924 1699 2958 ut

959 2978 1177 3031 intelligas,
1209 2992 1292 3018 esse
1308 2980 1392 3018 fere
1409 2992 1475 3017 eas
1497 2984 1570 3017 aut
1590 2992 1613 3015 a
1628 2988 1699 3017 re·-
1764 2996 1766 3001 ·

959 3037 1036 3075 bus
1065 3036 1238 3076 insolitis
1264 3043 1306 3077 et
1337 3043 1502 3091 praeter
1526 3042 1698 3076 naturae
