1768 3320
215 205 364 239 CXLVI

733 182 1247 236 ARGUMENTA

214 317 439 361 Misenum
458 313 632 373 sepelit:
664 328 797 356 mons
816 318 958 355 servat
981 323 1147 352 nomen
1170 304 1359 370 humati.

214 376 414 419 Ramum
435 373 592 424 etiam,
625 378 727 414 ante
749 370 882 413 deum
903 368 1079 426 placato
1100 377 1312 416 numme,
1343 370 1515 420 portat.

216 436 273 476 At
301 439 417 475 vates
437 431 650 486 longaeva
675 443 761 471 una
784 425 1005 469 descendit
1032 426 1280 467 Avernum.

218 490 426 544 Agnoscit
451 488 733 538 Palinurum,
765 493 807 528 et
828 484 891 526 ibi
918 482 1088 525 solatur
1111 479 1300 522 Elisam.

214 546 598 606 Deiphobumque
627 543 742 587 videt
765 542 959 584 lacerum
984 537 1224 604 crudeliter
1245 551 1338 578 ora.

215 605 503 649 Umbrarum
521 616 688 661 poenas
708 600 832 643 discit
852 604 1060 641 narrante
1079 593 1262 659 Sibylla..
1365 651 1374 659 ·

217 662 438 705 Convenit
460 659 695 702 Anchisen:
728 657 993 716 penitusque
1012 655 1055 695 in
1079 652 1192 696 valle
1216 658 1376 695 virenti

219 719 514 778 Agnoscitque
541 731 665 759 suam
690 714 866 774 prolem
885 717 1167 755 monstrante
1188 718 1389 768 parente.

219 778 334 820 Haec
355 776 429 819 ubi
448 774 669 834 percepit,
699 772 920 831 graditur,
949 769 1183 826 sociosque
1202 767 1367 811 revisit.

223 998 494 1038 Laurentum
513 992 655 1036 venit:
696 990 808 1032 hanc
828 989 970 1033 verbis
993 989 1204 1046 cognovit
1223 988 1310 1032 Iuli

217 1053 409 1095 Fatalem
430 1059 616 1094 terram.
678 1048 840 1091 Mensis
863 1063 916 1091 en
941 1048 1186 1099 vescimur,
1217 1046 1385 1105 inquit.

219 1111 410 1153 Centum
430 1115 627 1151 oratores
647 1106 818 1149 veniam
839 1120 1086 1164 pacemque
1106 1112 1309 1163 petentes

219 1168 468 1232 AdUregem
497 1165 633 1207 mittit
654 1163 791 1206 lectos
818 1171 917 1205 tum
944 1171 1066 1205 sorte
1095 1163 1327 1205 Latinum:

218 1225 310 1278 Qui
336 1240 440 1267 cum
468 1237 575 1281 pace
609 1222 740 1264 etiam
771 1229 898 1263 natae
926 1220 1150 1263 connubia
1176 1228 1348 1279 pactus.

221 1283 313 1325 Hoc
329 1281 447 1325 forte
468 1280 616 1323 Alecto
640 1279 827 1322 Iunonis
848 1278 1031 1335 dissipat
1052 1278 1130 1321 ira.

218 1341 504 1382 Concurrunt
524 1337 669 1387 dictis,
702 1337 905 1394 quamvis
930 1337 1003 1394 pia
1025 1334 1117 1379 fata
1137 1343 1404 1395 repugnent.

217 1396 329 1440 Belli
347 1411 496 1439 caussa
514 1394 600 1437 fuit
625 1395 813 1438 violatus
835 1393 1019 1437 vulnere
1039 1408 1210 1438 cervus.
1273 1398 1276 1401 '

218 1615 299 1657 Dat
332 1614 438 1657 belli
465 1615 642 1672 signum
673 1615 883 1658 Laurenti
907 1615 1094 1658 Turnus
1121 1613 1176 1658 ab
1205 1630 1318 1658 arce.

218 1672 412 1714 Mittitur
432 1679 474 1714 et
492 1673 641 1729 magni
664 1672 860 1715 Venulus
880 1673 1108 1716 Diomedis
1132 1672 1186 1715 ad
1210 1674 1387 1724 urbem,

222 1789 382 1828 Aeneas
410 1787 563 1829 divum
594 1788 775 1830 monitis
809 1788 897 1831 adit
925 1789 1093 1831 Arcada
1126 1803 1277 1846 regem

222 1958 435 2000 Evander.
493 1960 629 2002 Pallas
647 1959 746 2003 fatis
767 1977 915 2004 comes
937 1963 1025 2005 ibat
1044 1962 1219 2020 iniquis.

1683 483 1740 527 65

1682 773 1739 813 70

810 878 833 909 S
858 874 886 907 E
909 874 937 907 P
961 874 993 907 T
1018 874 1034 906 I
1058 873 1097 906 M
1120 874 1137 906 I

219 938 299 980 Hic
320 951 501 996 quoque
523 934 712 978 Caietam
736 931 913 990 sepelit3
946 940 1045 974 tum
1069 930 1227 974 deinde
1252 922 1507 990 profectus

1679 1164 1736 1207 75

216 1454 339 1497 Tum
362 1461 513 1512 gentes
532 1452 649 1496 socia
671 1467 794 1494 arma
813 1459 995 1510 parant:
1025 1451 1181 1494 fremit
1201 1467 1327 1495 arma
1342 1452 1562 1496 iuventus.
1682 1454 1738 1495 80

823 1558 851 1590 O
877 1556 902 1590 C
927 1556 960 1590 Τ
983 1558 1015 1591 A
1037 1557 1072 1591 V
1096 1557 1112 1590 I

220 1729 309 1782 Qui
332 1736 452 1787 petat
468 1730 685 1772 auxilium
700 1763 711 1782 ,
746 1738 787 1773 et
806 1730 983 1783 doceat,
1013 1746 1130 1788 quae
1148 1745 1300 1774 caussa
1316 1729 1512 1790 petendi.

222 1844 501 1895 Evandrum,
535 1845 711 1888 Arcadia
732 1846 1005 1904 profugum,
1041 1861 1155 1890 nova
1179 1861 1314 1904 regna
1335 1853 1576 1905 petentem.
1681 1846 1737 1889 85

223 1901 390 1959 Accipit
411 1901 642 1945 auxilium.
702 1904 814 1946 Huic
834 1912 990 1947 natum
1004 1937 1017 1957 ‚
1049 1912 1091 1947 et
1110 1905 1227 1947 socia
1249 1905 1426 1962 agmina
1451 1903 1596 1961 iungit

222 2015 403 2072 Iamque
428 2015 580 2059 habilis
606 2018 741 2069 bello,
771 2027 812 2061 et
830 2021 1040 2062 maternis
1063 2020 1203 2062 laetus
1225 2020 1270 2062 in
1292 2019 1444 2072 armis,

223 2072 431 2130 Fataque,
460 2073 754 2133 fortunasque
779 2077 970 2128 ducum,
1001 2091 1218 2135 casusque
1239 2092 1431 2120 suorum
1681 2137 1737 2178 90

221 2129 413 2173 Sortitus
438 2130 578 2190 clipeo
593 2166 604 2186 ‚
633 2134 779 2177 divina
796 2135 993 2178 intentus
1017 2136 1063 2178 in
1085 2143 1179 2178 arte
1199 2141 1274 2178 est.

878 2228 914 2261 N
938 2230 966 2260 O
991 2229 1026 2262 N
1050 2229 1066 2261 1

222 2279 369 2336 Atque
392 2295 438 2322 ea
459 2280 625 2324 diversa
646 2284 823 2341 penitus
846 2285 958 2327 dum
983 2293 1111 2344 parte
1131 2294 1366 2344 geruntur,

269 2395 315 2429 68
332 2395 357 2428 f.
384 2398 491 2429 Conv.
518 2398 704 2432 Anchisen
730 2402 881 2446 penitus
903 2403 943 2435 in

222 2441 323 2474 valle
345 2443 498 2486 virenti,
529 2447 576 2478 A.
612 2447 651 2478 In
676 2446 818 2481 Viecht.
841 2450 944 2482 vire—

223 2500 313 2521 mus.
342 2491 396 2523 W
393 2502 422 2522 r.

268 2535 314 2569 69
338 2544 517 2569 narrante
538 2538 583 2570 V.

267 2582 311 2616 71
337 2582 519 2615 Praecedit
552 2583 589 2616 in
622 2584 762 2620 Viecht.
791 2586 851 2621 hic
877 2600 945 2621 vs:

222 2628 406 2680 Septimus
428 2632 588 2664 Aeneam
618 2633 740 2665 reddit
760 2632 949 2679 fatalibus

222 2685 334 2708 arms.

268 2720 315 2755 74
363 2733 460 2754 acem
486 2724 703 2770 veniamque
723 2726 769 2760 V.

244 2771 248 2775 '
266 2768 313 2802 77
342 2791 351 2800 .
376 2770 458 2801 Hoc
473 2771 589 2803 Furia
602 2771 741 2805 Alecto.
766 2773 809 2806 Et
825 2773 945 2818 paullo

221 2819 304 2846 ante
321 2813 346 2847 f.
371 2823 485 2848 natae
513 2824 568 2849 esc
598 2817 779 2852 connubia
801 2829 945 2865 pactus.

266 2861 313 2896 78
329 2860 355 2894 f.
381 2863 611 2896 Concurrunt
628 2863 757 2909 ferro,
794 2872 831 2899 ut
864 2869 946 2901 Me—

220 2917 313 2952 nag.‚
336 2907 394 2941 vel
420 2911 455 2941 C.
475 2910 626 2952 Rutuli,
652 2923 683 2956 q.
713 2914 810 2946 Fata
831 2920 946 2949 autem

220 2965 292 2988 non
310 2955 453 2998 Turno,
476 2955 539 2989 sed
556 2959 694 2993 Aeneae
710 2958 850 2993 Latium
870 2973 945 2996 cum

999 2403 1150 2437 Lavinia
1185 2403 1449 2448 assignaverant
1468 2415 1478 2444 ;
1522 2408 1559 2436 et
1583 2402 1630 2437 ef.
1654 2403 1738 2445 vn,

1002 2451 1083 2486 583.
1109 2451 1189 2486 584.

1050 2499 1096 2532 80
1126 2500 1284 2531 Tunc—
1304 2497 1446 2531 sociare
1460 2497 1505 2532 V.

1053 2545 1097 2579 81
1122 2544 1311 2578 Praecedit
1337 2543 1375 2577 in
1404 2542 1550 2579 Viecht.
1574 2542 1634 2577 hic
1662 2554 1728 2577 vs.:

1004 2592 1218 2638 Praeparat
1234 2600 1366 2626 octava
1379 2591 1414 2637 (—
1423 2590 1483 2635 νο)
1504 2589 1638 2624 bellum
1647 2601 1740 2637 quos

1005 2639 1128 2671 mittat
1146 2640 1185 2672 in
1206 2639 1335 2673 hostis.

1052 2686 1098 2720 86
1124 2686 1261 2719 socium
1281 2686 1326 2720 V.

1049 2732 1097 2766 90
1119 2732 1145 2766 f.
1177 2734 1345 2767 Miratur
1368 2731 1486 2779 clipeo
1511 2731 1644 2765 divina
1675 2731 1738 2764 in-

1004 2784 1131 2812 tentus
1149 2779 1188 2813 in
1209 2788 1313 2821 ιιι-ιω
1340 2790 1443 2813 casus
1469 2778 1508 2812 in
1536 2777 1655 2824 clipeo
1674 2789 1738 2811 ex-

1002 2836 1157 2869 pressos.
1677 2858 1679 2860 .

1049 2872 1092 2906 91
1120 2874 1160 2906 In
1177 2872 1322 2908 Viecht.
1337 2871 1580 2918 praemittitur
1596 2870 1657 2905 hic
1674 2878 1738 2905 ‘vsa

1004 2917 1139 2953 Nonus
1156 2919 1267 2953 habet
1281 2931 1434 2968 pugnas
1449 2932 1516 2954 nec
1532 2918 1642 2953 adest
1660 2917 1739 2952 dux

1000 2965 1080 3010 ipse
1097 2967 1273 3001 tumultu.
