1768 3320
228 217 257 250 L
657 196 759 244 EX
807 185 1400 243 PRAEFATIONE

230 324 469 377 hominis
499 322 748 389 sagacitas
779 329 870 371 aut
898 317 1138 368 studium
1171 318 1536 379 consequatur
1574 309 1768 363 omnia.

229 402 406 449 Fuere
431 410 654 464 quoque
673 392 770 443 viri
791 390 950 453 docti,
990 387 1080 455 qui
1107 385 1244 436 votis
1277 383 1360 432 his
1381 381 1521 431 meis
1540 397 1766 448 respon-

234 468 441 519 derent.
522 469 867 531 Proposuere
908 459 1054 509 enim
1086 454 1466 523 supplementa
1498 452 1555 501 in
1597 453 1768 502 Geor-

232 540 346 605 gica
374 541 645 597 Geislerus,
692 538 1095 599 Bergstraesser,
1142 529 1355 585 Nezker,
1397 522 1495 574 viri
1529 521 1768 572 doctissi—

234 610 338 670 mi,
374 608 516 657 inter
548 622 686 673 quae
727 620 838 653 non
869 612 1035 668 pauca
1064 606 1214 660 sunt,
1260 612 1399 664 quae
1427 594 1543 662 ipse
1579 593 1636 643 in
1670 610 1768 644 no-

238 698 302 730 va
335 678 527 746 prioris
558 673 860 728 Voluminis
902 670 1221 721 recensione
1256 664 1636 734 amplectenda
1670 681 1768 732 pu-

236 750 377 802 tab0.
448 747 643 814 Accepi
669 742 1063 795 communicata
1098 738 1195 789 alia
1219 755 1320 805 per
1349 736 1551 787 litteras
1580 752 1609 785 a
1637 737 1768 788 Ven.

235 825 484 879 Ernestio,
534 827 587 867 et
609 835 636 866 a
657 818 964 877 Ruhnkem'o,
1001 811 1115 862 viro
1146 811 1201 859 in
1232 818 1346 859 arte
1378 807 1555 859 critica
1574 806 1768 857 utrius-

237 907 345 959 que
377 888 642 940 sermonis
673 901 916 948 summ0,
957 898 1095 950 quae
1124 881 1180 930 in
1215 897 1358 931 nova
1393 878 1634 931 editione
1666 877 1768 928 su‘is

235 961 365 1012 locis
393 957 677 1010 inserenda
705 964 876 1007 erunt.

376 1034 438 1081 In
474 1030 724 1080 varietate
758 1022 1029 1076 enotanda
1065 1022 1130 1072 ab
1158 1020 1311 1071 initio
1346 1036 1484 1070 onus
1512 1018 1649 1069 mihi
1670 1019 1768 1068 im-

236 1119 548 1170 posueram,
604 1100 720 1166 ipso
766 1112 964 1164 operae
996 1110 1258 1162 processu
1293 1090 1431 1142 adeo
1459 1089 1768 1154 molestum,

235 1182 296 1223 ut
318 1171 592 1223 interdum
621 1170 703 1219 vix
739 1166 958 1217 tolerari
981 1181 1141 1233 posse
1175 1162 1467 1213 videretur.
1542 1161 1655 1212 Sed
1685 1178 1768 1212 re-

238 1260 487 1310 ceperam
520 1239 712 1303 semel,
752 1255 978 1288 omnem
1002 1253 1095 1286 me
1120 1235 1434 1285 varietatem
1458 1249 1574 1283 non
1597 1231 1768 1283 modo

238 1314 302 1364 ab
326 1313 545 1364 Heinsio
577 1320 630 1361 et
655 1313 969 1360 Burmanno
1005 1316 1308 1369 enotatam,
1345 1321 1540 1355 verum
1574 1312 1628 1354 et
1651 1304 1768 1354 Pie-

235 1385 454 1445 rianam,
495 1392 549 1432 et
579 1383 650 1431 sic
682 1397 874 1448 porrO,
915 1395 1031 1430 esse
1059 1377 1423 1438 adiecturum;
1462 1392 1588 1425 cum
1622 1374 1768 1442 equi-

237 1454 367 1505 dem
402 1453 573 1504 fidem
603 1461 794 1519 putem
827 1464 941 1501 esse
978 1447 1359 1517 praestandam
1395 1447 1558 1497 etiam
1592 1446 1648 1495 in
1690 1462 1768 1498 e0.

236 1525 387 1594 quod
417 1523 557 1574 male
602 1523 897 1590 receperiS,
955 1519 1107 1570 nolui
1146 1519 1211 1569 ab
1272 1535 1367 1582 e0,
1417 1516 1570 1586 quod
1602 1515 1768 1567 semel

236 1604 545 1662 susceptum
580 1602 715 1658 erat,
768 1591 1044 1644 recedere.
1119 1594 1264 1641 Tum
1296 1589 1540 1640 virorum
1579 1587 1768 1638 docto-

235 1684 360 1716 rum
401 1665 595 1715 iudicia
635 1680 800 1730 super
839 1663 1093 1713 varietate
1134 1661 1383 1711 lectionis
1424 1669 1478 1711 et
1521 1658 1768 1710 codicum

240 1734 640 1802 comparatione
680 1734 1006 1801 plerumque
1042 1750 1102 1783 ea
1141 1741 1293 1795 sunt,
1351 1740 1414 1782 ut
1443 1729 1581 1781 nihil
1611 1730 1768 1780 omit-

237 1805 467 1857 tendum
509 1822 624 1855 esse
652 1813 868 1872 putent,
919 1803 1071 1873 quod
1094 1804 1149 1853 in
1171 1803 1353 1871 aliquo
1383 1801 1526 1853 libro
1555 1802 1768 1868 scripto,

239 1877 422 1927 velex
461 1876 666 1943 scriptis
707 1875 878 1939 edito,
932 1874 1108 1939 aliter,
1157 1892 1323 1942 quam
1361 1873 1526 1940 vulgo
1564 1873 1768 1939 legitur,

241 1956 511 1998 exaratum
535 1947 612 1998 sit.
660 1946 714 1996 Si
738 1955 922 1996 tamen
946 1947 1000 1995 in
1021 1946 1244 2011 Virgilio
1268 1945 1377 1996 hoc
1400 1943 1545 1995 forte
1577 1959 1768 1994 conce-

242 2018 296 2068 di
317 2025 522 2084 potest,
560 2025 817 2084 tanquam
839 2018 894 2066 in
918 2026 1079 2084 poeta
1099 2017 1370 2084 principe,
1409 2016 1464 2066 in
1496 2032 1607 2084 quo
1638 2012 1768 2064 nihil

239 2088 399 2137 nimis
424 2087 543 2137 leve
566 2104 679 2137 esse
703 2088 891 2154 possit,
931 2097 984 2138 et
1011 2089 1066 2137 in
1090 2105 1200 2156 quo
1236 2087 1443 2138 critices
1462 2086 1768 2137 rudimenta

239 2157 486 2208 facienda
528 2158 632 2207 sint
677 2157 1027 2210 adolescenti:
1083 2159 1258 2209 nolim
1299 2167 1485 2209 tamen
1521 2158 1768 2225 cuiquam

242 2228 473 2279 eandem
502 2229 768 2279 rationem
799 2229 1018 2296 probari
1046 2230 1102 2279 in
1135 2230 1247 2279 aliis
1280 2229 1509 2280 minoris
1547 2228 1768 2294 dignita-

240 2299 304 2349 tis
335 2299 692 2366 scriptoribus
775 2301 830 2350 Si
871 2301 1020 2351 enim
1052 2302 1107 2350 in
1140 2300 1388 2366 Virgilio,
1434 2309 1497 2351 ut
1531 2299 1768 2360 diximus!

243 2386 357 2419 esse
394 2378 574 2436 potest
610 2369 804 2420 utilitas
838 2370 1012 2439 aliqua
1045 2372 1221 2422 variae
1254 2371 1501 2423 lectionis
1546 2370 1768 2436 diligen-

241 2439 343 2489 tius
376 2440 535 2489 etiam
559 2440 614 2489 in
642 2440 881 2491 obscuris
905 2451 958 2491 et
977 2442 1230 2492 tenuibus
1253 2443 1417 2492 autin
1439 2440 1768 2492 sollennibus

243 2509 514 2560 erroribus
551 2510 868 2578 adscriptae:
917 2521 979 2562 ut
1019 2514 1313 2580 specimina
1356 2513 1597 2564 habeant
1641 2510 1768 2562 ado-

239 2579 503 2630 lescentes
524 2578 877 2631 festinationis
900 2591 952 2632 et
973 2585 1205 2651 stuporis
1224 2584 1594 2635 librariorum:
1635 2597 1768 2650 quae

239 2649 462 2700 tandem
484 2651 539 2700 in
561 2650 696 2716 aliis,
737 2661 790 2702 et
808 2653 1035 2720 ubique,
1075 2671 1189 2705 esse
1213 2665 1395 2722 potest
1413 2654 1612 2706 utilitas
1639 2669 1768 2704 eno-

239 2729 379 2771 tatae
410 2721 694 2784 varietatis,
745 2740 906 2789 quae,
954 2725 996 2773 si
1025 2742 1153 2775 vere
1184 2726 1350 2789 dicas,
1395 2726 1620 2776 varietas
1651 2723 1768 2774 nul-

239 2790 288 2841 la
330 2800 434 2855 est,
490 2790 587 2840 sed
626 2808 777 2841 mera
817 2791 1157 2846 librariorum
1198 2797 1489 2859 aberratiO,
1537 2794 1768 2846 millenis

242 2860 498 2942 exemplis
538 2860 747 2911 dudum
787 2872 937 2928 nota,
999 2866 1170 2916 modo
1215 2868 1279 2917 ab
1320 2868 1552 2932 incuria,
1597 2864 1768 2916 modo

239 2931 304 2983 ab
341 2932 663 2997 ignorantia,
720 2933 891 2984 modo
939 2952 967 2985 3
1016 2937 1213 2987 saeculi
1255 2939 1459 2990 inscitia
1494 2935 1768 3006 profecta?
