1768 3320
467 296 474 298 ,
509 238 951 292 „RUeOHCA
993 240 1159 291 ECL.
1194 242 1219 289 1
1559 249 1627 298 53

120 373 472 422 amonemur-at,
509 368 582 407 sed
606 381 674 407 eos
699 368 848 421 passim
871 367 1027 407 vicinos
1045 381 1159 420 agros
1184 369 1429 408 insolenter·
1418 374 1628 426 invasisse3

117 427 234 481 pb,
397 439 631 466 eoncessum
656 433 780 475 esset,
808 439 1043 478 usurpasse,
1080 432 1122 465 et
1140 439 1240 478 quos
1258 427 1464 466 meliores
1452 430 1520 479 iis,
1559 433 1628 482 qui

117 490 229 525 me
240 484 297 524 ob
399 490 493 534 ant,
517 490 713 537 putarent
729 498 861 536 agros,
897 497 992 523 suos
1007 484 1383 524 sedsse.Potue1e
1399 486 1533 537 itaque
1549 489 1627 527 mi-

116 540 208 583 lites
222 541 450 595 transgredi
465 541 566 581 fines
583 541 625 581 el
639 541 883 581 Mantuanos
900 555 1016 594 agros
1032 541 1248 593 invadere3
1276 548 1326 581 ut
1340 542 1407 581 vel
1423 543 1480 581 sic
1494 546 1628 583 Man-

75 596 81 599 *
116 607 191 639 tua
218 600 434 651 &motzae
449 602 623 638 m'mium
638 601 774 639 vicina
790 598 882 638 dici
908 605 1056 652 posset.
1113 599 1225 639 Inter
1248 599 1511 650 Mantuanos,
1559 603 1628 653 qui

115 655 251 698 lunc
237 658 405 698 iniuriae
420 658 702 724 indignitatem
717 657 921 707 subirent,
951 657 1163 710 Virgilium
1179 657 1299 697 fuisse
1316 658 1506 697 tradunt:
1536 672 1628 698 eum
1660 690 1666 708 2

116 721 275 769 umen,
310 715 396 756 aive
412 730 486 756 suo
512 716 597 755 sive
613 714 741 755 Asinii
764 715 955 755 Pollionis
981 715 1169 765 consilio,
1204 715 1377 755 Romam
1400 717 1627 768 profectum

116 761 365 826 &Angusto
381 773 621 824 obtinuisse,
658 782 709 813 ut
725 773 811 826 agri
828 773 903 812 sibi
919 773 1254 824 restituerentur3
1282 787 1364 825 qua
1382 773 1433 812 de
1450 787 1495 812 re
1514 788 1555 813 v.
1574 774 1627 813 ad

114 830 252 872 Vitam
266 831 421 884 Virgilii
445 845 481 871 a-
499 834 605 882 713,
643 838 693 870 ut
710 831 811 870 adeo
836 831 912 870 sub
931 831 1062 884 Tityri
1082 844 1256 884 persona
1281 845 1396 870 suam
1420 832 1627 871 fortunam

112 895 237 943 poeta
251 889 569 930 adumbraverit.
625 888 762 941 Atque
787 902 834 927 ea
849 889 931 928 iam
947 895 1134 928 veterum
1152 889 1288 942 opinio
1305 890 1396 929 suit.
1421 903 1462 928 v.
1480 889 1518 928 N
1518 902 1627 928 eme-

114 946 213 987 dan.
228 946 314 987 Ed.
330 947 390 998 II,
427 950 495 990 82.
556 948 745 1001 Calpur-n.
763 947 838 996 IV,
881 949 976 989 162.
1034 946 1172 986 sidon.
1189 947 1258 986 lib.
1278 947 1318 996 1,
1349 947 1473 1001 Epist.
1491 948 1540 996 5,
1577 955 1628 987 ut

114 1003 436 1054 quinotilimum
449 1012 617 1046 taceam.
674 1005 791 1054 Quae
806 1018 872 1045 res
887 1004 991 1043 bene
1009 1018 1051 1044 se
1067 1003 1219 1044 habere
1232 1010 1388 1058 potoet3
1423 1004 1548 1044 modo
1564 1005 1626 1044 al-

111 1062 263 1116 legoria
277 1077 363 1103 non
380 1063 435 1102 ad
451 1077 588 1102 omnes
606 1076 748 1103 versus
766 1062 941 1102 etverba
958 1063 1112 1115 singula
1129 1063 1449 1102 circumferatur.
1479 1063 1626 1101 Gram—

112 1121 358 1170 maticomm
381 1121 625 1173 omninoque
652 1121 951 1174 Ima-pretam,
988 1121 1033 1160 in
1053 1119 1116 1160 his
1134 1121 1313 1171 Cati-oei,
1353 1121 1626 1160 intolerabiles

113 1179 271 1220 suntin
286 1179 473 1232 allegoria
496 1178 747 1232 expedienda
774 1178 951 1231 argutiae
978 1185 1019 1217 et
1036 1192 1176 1231 nugae.
1233 1179 1363 1217 Locus
1389 1185 1545 1228 autem,
1581 1178 1625 1217 in

68 1270 71 1276 .
113 1250 194 1290 quo
209 1243 392 1292 pastores
411 1237 670 1286 conveniunt,
701 1242 762 1275 est
778 1236 831 1274 ad
846 1236 1078 1275 umbrosam
1095 1238 1229 1289 fagum
1245 1237 1290 1275 in
1306 1237 1396 1275 loco
1413 1235 1624 1275 arboribus

116 1295 295 1345 consito,
324 1294 399 1335 sub
419 1309 499 1347 qua
518 1295 685 1348 Tityrus
700 1294 901 1333 recubans
924 1294 1139 1347 pastoritio
1169 1301 1295 1333 cantu
1319 1295 1449 1334 otium
1475 1307 1624 1333 consu-

110 1352 207 1403 mit,
238 1352 337 1392 dum
351 1366 509 1406 gregem
525 1359 729 1391 errantem
754 1352 964 1404 prospicit.
1022 1352 1152 1390 Versu
1175 1358 1314 1390 tamen
1339 1353 1463 1395 52—
1471 1354 1527 1395 59
1554 1365 1624 1390 ac-

112 1411 294 1451 curatius
319 1402 559 1450 dmm-ibitur
574 1410 655 1450 loci
670 1415 931 1462 prospectus,
962 1415 1004 1448 et
1023 1416 1222 1462 quantum
1245 1423 1286 1449 v.
1305 1407 1375 1452 48
1391 1408 1449 1453 49
1475 1423 1623 1462 quam-

111 1469 174 1508 vis
186 1469 298 1520 Iapis
309 1471 447 1507 onmia
460 1469 664 1507 nudus—
682 1467 939 1520 intelligitur,
977 1481 1029 1506 ex
1047 1467 1137 1520 ipsa
1156 1461 1295 1506 rerum
1316 1466 1501 1506 veritate.
1557 1466 1624 1506 Ad

110 1526 303 1567 maiorem
323 1526 383 1567 rei
403 1526 700 1566 iucunditatem
718 1498 834 1565 facit1>
837 1526 1040 1564 contraria
1062 1525 1226 1564 alterius
1246 1525 1421 1578 pastoris
1439 1525 1623 1574 fortuna,

110 1597 214 1637 quae
229 1583 526 1624 miserationem
544 1589 700 1633 movet,
738 1590 781 1622 et
800 1597 881 1636 qua
902 1582 1004 1622 nihil
1024 1582 1212 1642 disertius
1234 1583 1288 1622 ad
1308 1582 1439 1635 Tityri
1451 1582 1623 1621 felicita-

110 1648 195 1682 tem
206 1642 489 1682 illustrandam
503 1641 809 1681 commemorari
819 1647 997 1694 poterat.

225 1700 332 1739 Sunt
342 1706 481 1739 tamen
493 1699 648 1739 multa
636 1714 680 1738 m
694 1698 773 1738 hac
785 1699 938 1752 ecloga,
972 1699 1017 1738 in
1030 1698 1175 1750 quibus
1189 1698 1375 1737 subtilius
1388 1705 1532 1751 poetae
1554 1699 1621 1738 iu-

109 1757 261 1798 dicium
274 1756 491 1797 desideres·
482 1787 493 1808 ‚
528 1771 604 1798 nec
616 1770 668 1796 ex
680 1756 761 1796 hoc
775 1758 951 1796 carmine
966 1757 1050 1796 eius
1060 1756 1265 1809 ingenium
1286 1757 1495 1796 aoeh'mare
1508 1757 1620 1796 velis.

108 1815 289 1856 Primum
299 1813 434 1868 ipsum
446 1815 527 1856 hoc
539 1829 663 1868 genus
677 1815 920 1868 argumenti,
950 1814 1080 1867 quod,
1111 1815 1187 1853 etsi
1205 1828 1283 1867 pro
1304 1827 1415 1853 mera
1436 1815 1621 1868 allegoria

108 1873 250 1914 haberi
260 1874 425 1926 nequit,
461 1874 515 1913 ad
529 1874 756 1926 allegoriam
768 1880 904 1912 tamen
919 1871 1218 1925 quodammodo
1233 1872 1406 1922 accedit,
1442 1873 1622 1925 adeoque

108 1932 152 1972 in
172 1938 372 1985 perpetuo
392 1945 531 1971 rerum
550 1946 598 1970 ac
616 1932 837 1971 verborum
863 1932 958 1970 lusu
976 1937 1185 1980 versatur,
1225 1930 1301 1969 vix
1320 1931 1417 1970 satis
1436 1945 1621 1983 maguam

106 1990 347 2043 gravitatem
361 2003 409 2028 ac
423 1989 657 2042 dignitatem
677 2003 857 2041 unquam
870 1988 1021 2028 habere
1040 1994 1190 2041 potest.
1246 1987 1331 2027 Nee
1348 1988 1393 2027 in
1416 2002 1464 2028 eo
1483 1989 1622 2042 potuit

106 2048 218 2088 vitae
235 2048 411 2088 rusticae
431 2048 599 2101 propria
620 2047 681 2087 vis
703 2062 750 2086 ac
770 2048 876 2086 ratio
900 2045 1193 2101 (characterem
1213 2044 1381 2101 vocant)
1402 2053 1512 2086 recte
1533 2060 1620 2085 ser-

108 2106 209 2146 vari.
246 2105 325 2146 Vix
339 2119 361 2144 e
373 2119 547 2159 persona
560 2106 735 2158 pastoris
750 2104 979 2158 apotheosis
990 2105 1060 2143 illa
1074 2103 1163 2143 heri
1183 2103 1279 2142 satis
1298 2104 1457 2157 placere
1471 2111 1619 2158 potest.

107 2163 366 2218 Comparafio
380 2171 517 2203 autem
531 2177 602 2202 seu
617 2163 803 2216 allegoria
816 2163 1063 2214 nonvubique
1078 2161 1286 2201 conunode
1299 2163 1498 2215 procedit.
1556 2163 1621 2201 Sic

107 2236 148 2261 v-
163 2223 221 2264 28
238 2221 423 2274 Tityrus,
459 2228 510 2261 ut
529 2222 758 2260 libertatem
773 2235 887 2260 suam
899 2220 1111 2273 impetret,
1141 2220 1312 2258 Romam
1330 2220 1620 2272 proficiscitur5

107 2279 266 2319 obtinet
280 2279 331 2318 ab
345 2279 446 2319 hero
462 2279 691 2318 libertatem
703 2293 838 2332 greges
851 2278 1060 2332 pascendi:
1095 2277 1195 2330 quid
1208 2277 1446 2318 mirabimur
1464 2277 1545 2317 hoc
1557 2278 1619 2316 sa-

109 2344 242 2389 ctum,
278 2337 312 2376 si
328 2337 491 2390 quidem
509 2337 576 2376 ille
589 2336 734 2376 heriles
753 2350 889 2390 greges
902 2337 1061 2390 pascit?
1094 2349 1135 2375 v.
1158 2334 1215 2378 46
1237 2337 1419 2387 Pascite,
1449 2344 1494 2374 ut
1513 2344 1618 2384 ante,

105 2392 234 2435 boves.
294 2395 335 2435 Si
354 2395 585 2435 libertatem
609 2402 881 2447 consequutus
902 2402 981 2445 est,
1016 2393 1220 2446 quomodo
1240 2392 1343 2432 haec
1364 2394 1620 2433 securitatem

106 2459 149 2492 et
162 2459 294 2493 tutam
309 2454 354 2493 in
369 2468 465 2505 agro
489 2467 513 2491 a
528 2454 570 2492 vi
582 2452 722 2492 hostili
742 2453 870 2492 vitam
888 2459 1096 2506 praestare
1117 2451 1285 2491 debuit?
1342 2451 1389 2490 Iu
1412 2451 1620 2490 sententiis

106 2518 243 2551 autem
257 2525 305 2550 ac
317 2511 451 2551 verbis
465 2511 641 2564 plurima
660 2517 758 2549 sunt
777 2512 827 2550 ab
840 2511 920 2550 hoc
931 2525 1068 2550 rerum
1085 2516 1126 2548 et
1140 2509 1352 2548 hominum
1364 2522 1506 2562 genere
1522 2509 1618 2547 alie-

105 2583 176 2608 na:
213 2582 315 2622 quae
339 2569 421 2609 suis
439 2569 539 2608 locis
560 2569 806 2608 notavimus.
861 2569 923 2608 Ita
941 2569 1080 2622 plures
1108 2581 1250 2606 versus
1278 2573 1375 2606 sunt
1399 2568 1482 2606 fere
1504 2566 1617 2618 epici,

106 2632 156 2666 ut
168 2629 196 2670 7
209 2628 321 2666 illias
335 2641 454 2666 aram
469 2627 598 2678 Saepe
611 2635 719 2664 tener
729 2628 870 2665 nostr-12⁹
883 2626 936 2665 al>
950 2625 1120 2665 ovilabus
1142 2624 1276 2663 inbuet
1299 2638 1447 2676 agnas.
1481 2624 1546 2662 Sic
1564 2626 1618 2665 60

106 2697 165 2736 sq.
180 2685 235 2728 65
250 2698 308 2738 sq.
352 2685 453 2724 Cum
466 2690 604 2722 tamen
618 2684 739 2722 semel
752 2690 873 2737 poeta
889 2699 1007 2724 suum
1022 2684 1096 2722 sibi
1106 2681 1282 2722 bucolici
1296 2682 1481 2720 carminis
1496 2693 1618 2733 genus

107 2741 383 2792 constituerit,
413 2756 493 2794 quo
509 2756 532 2780 a
545 2742 655 2780 vitae
670 2742 906 2794 pastoritiae
918 2741 1182 2794 'simplicitate
1201 2739 1474 2780 recedendum
1499 2739 1534 2776 ei
1555 2751 1618 2775 es-

107 2804 181 2848 set,
207 2798 323 2839 licuit
339 2806 381 2839 et
401 2799 503 2838 haec
516 2806 558 2838 et
572 2798 649 2837 alia
662 2799 707 2837 in
721 2813 883 2838 carmen
898 2814 1015 2841 suum
1030 2798 1221 2851 recipere.
1274 2795 1474 2850 (Virgilius
1493 2796 1613 2834 Octa-

106 2855 248 2905 viano,
276 2857 347 2908 qui
369 2857 562 2906 fundum,
604 2870 724 2908 quem
752 2857 855 2896 ille
843 2871 886 2896 m
912 2872 1007 2910 agro
1024 2856 1186 2896 Andino
1202 2854 1391 2921 habebat,
1420 2854 1616 2892 intactum

107 2918 365 2952 servaturum
381 2928 421 2952 se
437 2928 518 2953 esse
534 2914 797 2967 promiserat,
828 2922 989 2967 giatum
1003 2914 1084 2954 hoc
1099 2913 1274 2953 carmine
1283 2926 1361 2964 pro
1380 2918 1507 2958 tanta,
1538 2921 1616 2959 qua

107 2970 199 3021 sibi,
230 2970 329 3011 dum
344 2970 466 3011 vicini
481 2972 622 3012 misere
637 2972 951 3024 possessionibus
970 2974 1052 3012 suis
1069 2978 1190 3011 extm
1190 2971 1264 3009 bal
1265 2976 1394 3015 entui,
1424 2967 1502 3037 [rui
1519 2966 1617 3004 lice-
