1768 3320
277 173 376 222 126
618 171 673 221 P.
709 169 1056 221 VIRGILII
1090 168 1460 219 MARONIS

271 298 473 351 Augustus
492 297 680 337 librorum
698 298 968 351 fatidicomm
988 297 1135 336 Graeci
1160 297 1380 350 Latinique
1398 300 1566 350 gener-ia,
1596 301 1669 353 qui
1682 301 1768 339 nul-

271 358 323 397 lis
339 358 560 408 velparum
576 356 728 394 idoneis
745 353 1227 406 auctoribusfirehantur,
1241 368 1364 407 supra
1382 355 1464 395 duo
1481 355 1605 395 millia
1614 366 1768 398 contra-

271 424 337 455 cta
356 414 529 467 undique
549 415 791 452 cremaverit.
833 413 944 451 Iam
934 426 976 450 111
996 425 1138 462 magno
1158 411 1226 450 illo
1246 426 1416 452 numero
1431 413 1717 454 vaticinionun
1736 422 1768 455 01

272 473 548 521 oraculorum,
581 484 681 523 quae
697 471 844 523 partim
866 469 1148 523 superstitione
1176 470 1326 521 partim
1341 471 1550 511 fraudibus
1567 471 1768 513 hominum

272 531 483 579 celebrata,
494 535 533 567 et
542 530 623 568 sive
639 529 712 567 sub
730 528 814 566 aliis
826 527 1051 567 nominibus
1071 527 1153 566 sive
1175 527 1248 566 sub
1260 527 1503 581 Sibyllarum
1512 530 1673 569 nomine
1681 545 1768 584 pas-

270 589 345 628 sim
364 588 531 628 vendita
553 588 675 636 fuere,
696 599 823 624 unum
845 586 922 625 fuit
937 584 1112 636 aliquod,
1129 585 1240 636 quod
1253 599 1439 638 magnam
1459 588 1633 639 aliquam
1651 589 1768 628 felici-

270 653 397 688 tatem
413 647 592 685 suturam
609 644 882 697 promitteret,
915 643 1075 694 eiusque
1098 642 1408 697 descriptionem
1435 645 1484 684 ab
1504 646 1574 695 iis,
1605 660 1706 698 quae
1727 646 1768 686 (1(

270 705 427 745 saeculo
440 718 513 743 aur
515 716 560 741 eo
572 708 857 740 memorassent
870 707 1024 753 poetae,
1034 707 1304 741 mutuaretur.
1323 703 1423 742 Erat
1442 704 1518 743 alia
1537 703 1586 742 ab
1602 704 1768 744 Etrusciz

270 763 448 818 profecta
460 763 564 800 fama
575 760 623 798 de
644 766 734 798 octo
746 759 910 798 saeculis
920 758 1029 811 genti
1036 759 1227 798 Etruscae
1247 760 1364 811 datis,
1376 767 1416 800 et
1427 761 1477 800 de
1493 762 1651 802 saeculo
1668 777 1768 801 11011(

269 822 365 861 111ᾶο
382 834 404 858 a
424 819 533 858 Sulla
553 831 716 867 exorso,
739 823 828 856 tum
849 817 898 855 de
919 817 1084 866 decimo,
1103 818 1260 870 periodi
1275 832 1426 869 rerum,
1448 833 1550 871 quae
1570 825 1659 859 tum
1677 826 1768 860 erat

269 879 361 919 fine.
394 876 666 916 eneensorin.
698 878 822 917 c.17.
881 874 1085 914 Plutarch.
1120 876 1163 914 in
1189 876 1300 915 Sulla
1321 890 1361 929 p.
1390 877 1474 920 456
1498 877 1545 917 A.
1569 877 1768 931 Opinioniz

269 936 480 988 vestigium
500 933 662 986 aliquod
684 933 793 985 apud
810 934 922 972 Serv.
942 933 995 971 ad
1013 933 1094 972 Ecl.
1109 934 1179 984 IX,
1200 933 1256 976 47
1279 940 1339 972 est
1359 934 1408 973 de
1423 936 1521 974 noni
1540 937 1686 976 saeculi
1703 950 1768 975 ex-

269 995 332 1034 itu
349 1000 388 1032 et
405 994 582 1045 ingressu
601 991 752 1030 decimi.
812 991 911 1029 Erat
936 991 1011 1030 alia
1042 991 1092 1030 de
1120 1006 1262 1044 magno
1290 1006 1396 1032 anno
1429 999 1615 1033 vertente
1637 1007 1658 1032 e
1682 995 1768 1034 Pla-

269 1052 412 1093 tonicis
433 1057 472 1090 et
492 1050 631 1089 Stoicis
647 1050 774 1102 petita
793 1049 926 1102 opinio
939 1080 949 1100 ,
981 1063 1060 1101 quo
1081 1050 1260 1089 omnium
1275 1064 1414 1102 rerum
1437 1046 1719 1102 οἷνακύκλωσις
1736 1058 1768 1092 et

270 1104 596 1155 ἀποκατάστασις
615 1113 715 1145 055οῐ
731 1108 890 1157 futura,
923 1114 1010 1146 tum
1028 1108 1104 1146 alia
1128 1108 1178 1146 de
1205 1122 1349 1160 magno
1375 1110 1481 1162 Rege
1507 1116 1682 1149 venturo
1712 1111 1768 1150 fa-

268 1182 350 1207 ma:
380 1166 462 1206 vid.
485 1168 648 1205 Sueton.
669 1164 768 1218 Aug.
788 1163 854 1207 94.
875 1179 975 1216 quae
994 1166 1142 1204 iterum
1161 1166 1235 1205 sub
1254 1167 1412 1206 Nerone
1426 1167 1644 1207 increbuit:
1674 1170 1768 1208 Sue-

268 1232 354 1266 ton.
383 1225 542 1277 Vespas.
573 1222 612 1264 4.
633 1224 734 1262 solet
756 1223 860 1262 enim
878 1223 1073 1262 eiusmodi
1088 1224 1319 1277 superstitio
1345 1225 1466 1278 vulgo
1492 1226 1616 1265 variis
1645 1225 1768 1266 111οἆ11

269 1283 532 1332 circumferri,
572 1281 742 1332 inflecti,
781 1281 942 1321 variari.
1002 1281 1273 1335 Quascunque
1302 1289 1436 1322 autem
1463 1283 1507 1322 in
1527 1283 1608 1323 1100
1633 1297 1768 1336 genere

269 1340 552 1394 descriptiones
578 1352 707 1378 novae
735 1340 935 1378 felicitatis
961 1339 1154 1379 habemus
1176 1370 1187 1391 ,
1234 1340 1316 1380 sive
1339 1341 1384 1380 in
1417 1341 1592 1382 Orientis
1619 1342 1702 1381 sive
1731 1341 1768 1381 in

268 1399 427 1438 Graecis
450 1412 496 1436 ae
517 1398 707 1436 Romanis
733 1398 880 1451 poetis,
927 1412 1062 1437 omnes
1082 1399 1164 1437 fere
1190 1398 1298 1438 inter
1325 1413 1365 1437 se
1390 1399 1535 1438 similes
1556 1406 1673 1439 sunt:
1701 1400 1768 1439 be-

266 1457 364 1497 stiae
385 1471 431 1495 ac
451 1457 557 1494 ferae
583 1456 752 1506 cicures,
793 1462 996 1509 serpentes
1025 1454 1209 1507 innocui,
1238 1457 1369 1509 fruges
1397 1457 1508 1497 nullo
1532 1458 1647 1497 cultu
1677 1471 1768 1497 ena-

266 1522 355 1566 tae,
386 1528 495 1553 mare
510 1513 734 1566 placidum,
767 1513 822 1552 dii
853 1520 1081 1567 praesentes
1113 1514 1156 1553 in
1184 1515 1305 1554 terris
1332 1514 1487 1568 aliaque
1513 1515 1708 1555 eiusmodi
1732 1516 1768 1555 in

268 1574 450 1614 omnibus
468 1578 754 1611 memorantur.
813 1572 978 1611 Nullum
1007 1572 1050 1611 in
1072 1571 1135 1611 his
1162 1571 1403 1625 phantasma
1431 1579 1512 1624 est,
1552 1573 1662 1627 quod
1691 1587 1768 1613 non

266 1645 377 1670 mens
393 1630 569 1669 humana
590 1644 731 1682 magno
753 1636 866 1669 metu
886 1637 1074 1670 contacta
1089 1631 1298 1684 concipere
1328 1631 1475 1684 possit,
1513 1631 1546 1670 si
1585 1630 1638 1670 ad
1665 1632 1768 1672 vitae

267 1689 577 1742 simplicitatem,
610 1702 631 1725 a
650 1688 829 1740 pestibus
854 1695 895 1727 et
911 1689 1024 1728 malis
1043 1703 1279 1741 magnarum
1298 1690 1461 1729 urbium
1482 1695 1522 1728 et
1538 1703 1768 1742 magnorum

266 1747 524 1799 imperiorum
549 1745 780 1796 liberatam,
812 1747 1050 1799 cogitatione
1077 1760 1117 1786 se
1146 1746 1343 1787 retulerit.
1400 1747 1511 1787 Haec
1539 1747 1679 1787 eadem
1705 1761 1768 1787 ae-

267 1805 362 1844 tatis
396 1817 558 1853 aureae,
600 1804 746 1844 saeculi
781 1805 978 1855 saturnii,
1017 1805 1124 1844 bona
1157 1805 1422 1845 constituunt.
1490 1805 1703 1846 Translata
1729 1820 1768 1845 ea

265 1863 415 1917 partim
435 1862 487 1900 ad
502 1861 680 1914 Elysium
691 1893 701 1913 ,
735 1869 775 1901 et
792 1863 845 1901 ad
862 1863 1146 1916 Hyperboreos
1158 1894 1169 1914 ,
1192 1877 1238 1902 ac
1257 1863 1399 1902 similia
1417 1870 1657 1904 commenta.

369 1949 606 2000 Hocitaque
624 1949 786 1987 oraculo
809 1956 850 1988 et
876 1949 1067 1989 vaticinio
1095 1963 1166 1989 seu
1192 1956 1420 1989 commento
1454 1950 1657 2004 ingenioso
1678 1951 1768 1991 Vir-

267 2007 381 2059 gilius
401 2006 607 2046 commode
623 2020 718 2045 usus
737 2020 818 2046 esse
834 2037 845 2058 ,
877 2014 936 2059 et,
974 2021 1076 2060 quae
1101 2008 1152 2047 de
1180 2014 1311 2047 aetate
1344 2021 1490 2059 aurea,
1520 2010 1703 2063 inprimis
1723 2009 1768 2048 ab

266 2065 462 2115 Hesiodo,
492 2071 788 2115 memorantur,
820 2065 873 2104 ad
898 2079 945 2104 ea
978 2072 1181 2119 tempora,
1221 2066 1264 2105 in
1293 2067 1438 2118 quibus
1463 2066 1571 2106 hanc
1599 2068 1768 2120 eclogam

267 2123 474 2172 scriberet,
506 2130 546 2162 et
565 2123 618 2161 ad
632 2123 767 2175 pueri,
806 2124 912 2163 circa
935 2124 978 2163 id
1006 2130 1165 2177 tempus
1193 2124 1410 2174 nascituri,
1447 2125 1622 2176 natales,
1661 2125 1768 2178 quasi

267 2195 358 2220 cum
375 2182 421 2220 iis
443 2188 549 2220 aetas
568 2194 688 2219 aurea
705 2181 864 2221 initium
881 2182 1072 2221 habitura
1099 2183 1170 2232 sit,
1200 2183 1452 2222 transtulisse
1484 2183 1616 2223 videri
1641 2183 1768 2223 debet.

265 2239 312 2279 In
332 2253 411 2291 quo
429 2239 578 2291 aliquid
598 2239 700 2277 sumi
718 2253 740 2276 a
755 2240 853 2278 viris
883 2241 1012 2279 doctis
1031 2240 1171 2290 video,
1203 2241 1313 2292 quod
1333 2242 1496 2280 omnino
1515 2255 1672 2280 necesse
1692 2254 1768 2280 esse

265 2311 349 2336 non
366 2297 508 2348 video,
544 2297 691 2336 volunt
715 2298 819 2336 enim
850 2312 1023 2351 puerum
1049 2299 1301 2338 nasciturum
1328 2298 1425 2338 novi
1451 2312 1589 2339 rerum
1622 2299 1768 2339 ordinis

265 2364 464 2393 auctorem
475 2385 485 2405 ,
517 2360 622 2393 certe
638 2355 799 2407 pignus,
831 2370 854 2394 a
872 2363 992 2410 poeta
1012 2356 1293 2410 pronuntiari:
1323 2355 1433 2409 quod
1449 2358 1507 2396 ita
1535 2371 1577 2396 se
1595 2372 1678 2397 non
1697 2357 1768 2396 ha-

264 2413 346 2452 bet.
404 2414 599 2464 Tempora
615 2413 741 2451 felicia
762 2415 818 2453 ait
837 2427 919 2453 esse
936 2428 1184 2465 successura,
1225 2427 1443 2467 eorumque
1469 2415 1629 2455 initium
1654 2422 1768 2455 nata-

263 2471 368 2510 libus
383 2471 497 2523 pueri
514 2471 571 2508 ita
592 2471 779 2522 assignat,
809 2479 858 2512 ut
875 2487 965 2512 cum
982 2473 1091 2512 vitae
1119 2472 1320 2513 humanae
1349 2472 1538 2526 gradibus
1570 2487 1615 2512 ea
1639 2473 1768 2514 incre-

264 2535 401 2567 menta
419 2529 608 2567 habitura
631 2542 711 2567 esse
735 2531 933 2570 ostendat.
992 2532 1130 2571 Potest
1144 2531 1202 2570 ita
1233 2531 1330 2570 novi
1347 2532 1492 2571 saeculi
1509 2532 1674 2571 felicitas
1687 2563 1698 2582 ,
1723 2545 1768 2570 ex

264 2600 362 2640 pace
393 2586 650 2625 Brundusina
675 2586 818 2637 ducta,
868 2589 1117 2641 simpliciter,
1153 2596 1359 2640 tamquam
1388 2589 1582 2642 epochae,
1622 2589 1768 2642 alligari

265 2645 464 2684 natalibus
480 2644 615 2697 pueri,
647 2644 715 2695 qui
735 2651 823 2683 tum
854 2648 1186 2699 expectabantur.
1245 2647 1340 2686 Fuit
1369 2647 1474 2686 enim
1503 2662 1632 2687 annus
1655 2648 1702 2687 U.
1730 2648 1768 2687 C.

265 2702 362 2753 714,
380 2703 485 2741 Coss,
512 2703 552 2740 C.
580 2700 716 2739 Asinio
747 2703 923 2743 Pollione
952 2712 992 2744 et
1023 2707 1093 2745 Cn.
1124 2705 1297 2744 Domitio
1327 2705 1515 2756 Calvino,
1565 2712 1614 2745 ut
1651 2719 1703 2744 ex
1730 2718 1768 2745 v.

267 2763 333 2803 11.
358 2764 411 2802 12
426 2766 550 2813 patet.
609 2760 666 2797 Eo
683 2759 818 2811 itaque
836 2776 960 2813 anno,
990 2771 1084 2816 post
1102 2777 1298 2813 51111111105,
1329 2777 1379 2802 110
1400 2764 1552 2803 bellum
1571 2763 1686 2803 civile
1707 2763 1768 2802 in-

264 2824 329 2858 ter
344 2819 613 2858 Octavianum
634 2823 674 2855 et
689 2817 742 2855 M.
763 2817 1004 2871 Antonium,
1036 2823 1103 2874 qui
1125 2835 1176 2861 ex
1189 2821 1284 2860 Asia
1306 2835 1396 2861 cum
1418 2822 1541 2874 copiis
1558 2822 1602 2860 in
1616 2821 1768 2860 Italiam

263 2876 499 2926 traiecerat,
537 2874 858 2927 recrudesceret,
896 2886 1046 2930 metus,
1086 2880 1326 2920 Maecenatis
1356 2886 1397 2919 et
1424 2879 1614 2918 Pollionis
1652 2892 1768 2932 opera

263 2935 467 2975 Brundisii
482 2947 564 2988 pax
582 2933 801 2985 composita
819 2936 914 2986 suit,
946 2938 1058 2976 cuius
1075 2939 1187 2990 quasi
1212 2937 1354 2991 pignus
1379 2938 1574 2988 Octavia,
1604 2937 1768 2976 Octavi-
