1734 3320
131 180 235 230 472

461 177 517 227 Ρ.
554 166 906 227 VIRGILII
942 174 1174 225 MARO
1195 175 1328 225 NIS

198 306 312 354 Nec
333 303 512 354 minus
532 304 738 354 interea
757 299 874 352 fetu
893 319 1086 352 nemus
1111 317 1278 352 omne
1303 300 1582 366 gravescit,
1629 353 1631 355 ,

132 373 559 442 Sanguineisque
581 372 781 424 inculta
802 373 1003 422 rubent
1030 373 1217 422 aviaria
1239 371 1429 422 baccis,

1559 374 1661 426 430

132 443 459 495 Tondentur
482 445 651 510 cytisi,
689 442 871 493 taedas
894 443 1019 492 silva
1041 442 1141 493 alta
1161 442 1451 504 ministrat,

129 517 536 582 Pascunturque
557 516 707 580 ignes
729 514 982 563 nocturni
1008 523 1061 562 et
1079 513 1283 563 lumina
1305 510 1558 562 fundunt.

129 587 197 635 Et
213 584 459 635 dubitant
472 585 725 635 homines
739 600 935 648 serere,
952 583 1110 651 atque
1127 584 1218 652 inp
1226 582 1428 633 endere
1447 597 1628 631 curam
1640 586 1664 632 ?

202 671 318 720 432.
355 683 629 717 NocTURNI
644 708 656 732 ,

178 784 249 821 429
273 787 465 832 gravascit
490 784 637 819 Mentel.
666 783 768 817 Leid.
817 784 967 817 virescit
993 783 1166 816 Rottend.
1194 793 1261 828 pro
1285 794 1359 817 var.
1383 781 1464 816 lect.
1496 788 1533 815 et
1552 781 1665 816 Goth.

129 844 183 878 pr.
280 833 350 867 430
376 846 445 879 que
465 834 567 866 abest
590 845 610 866 a
632 831 740 865 Goth.
770 841 840 864 sec.
890 831 1062 864 alvearia
1084 830 1175 865 Gud.
1209 842 1230 863 a
1257 842 1302 863 m.
1320 842 1375 874 pr.

130 891 234 913 mano
253 892 284 913 v.
303 879 375 915 432
390 886 472 913 ante
491 891 631 913 versum
651 876 720 913 431
745 877 909 922 ponitur,
934 877 1038 911 male.

1423 830 1508 863 Mox
1528 829 1566 863 in
1585 830 1665 863 Ro—

1135 877 1206 913 432
1230 889 1300 923 que
1318 877 1421 911 abest
1445 889 1464 910 a
1482 877 1590 910 Goth.
1608 888 1664 922 pr.

133 932 170 959 et
198 938 267 959 uno
297 927 414 960 Mead.
465 940 508 960 ac
539 928 681 960 lumina
709 936 796 958 unus
817 923 947 967 Pierii,
972 925 1135 958 nimirum
1162 926 1361 967 Romanus,
1396 923 1465 957 duo
1488 925 1609 958 Heius.
1629 930 1666 957 et

131 974 241 1007 Goth.
260 985 328 1007 sec.

130 1021 257 1062 XXX,
282 1022 315 1056 6.
347 1021 442 1065 Wr.)

369 972 491 1020 fundi
512 974 602 1008 Gud.
632 984 699 1018 pro
727 972 798 1006 div.
824 972 909 1006 lect.
939 973 976 1018 (q

537 1020 610 1056 433
635 1020 748 1054 Abest
780 1019 839 1053 hic
860 1031 983 1054 versus
1014 1032 1033 1053 a
1050 1019 1234 1061 Mediceo,
1262 1025 1298 1051 et
1324 1019 1449 1052 aberat
1477 1019 1521 1052 ab
1544 1018 1666 1052 Ursini
1706 1024 1713 1032 ¹

978 973 1050 1006 uod
1069 971 1217 1005 Heinsio
1239 972 1431 1017 probatur3
1463 971 1534 1005 vid.
1558 973 1601 1013 Q.
1618 972 1664 1006 V.

131 1068 330 1101 Colotiano.
358 1067 428 1113 (Sic
446 1068 539 1102 solet
558 1067 764 1101 Colotianus
783 1067 982 1101 Mediceum
1001 1067 1112 1111 sequi.
1161 1067 1282 1111 Itaque
1302 1065 1340 1099 hi
1365 1065 1451 1099 libri
1469 1066 1541 1100 duo
1562 1065 1665 1100 unius

130 1115 240 1148 instar
259 1115 427 1149 habendi.
465 1115 574 1160 Signa
593 1122 712 1148 tamen
732 1115 904 1159 quaedam
923 1115 960 1147 in
977 1114 1140 1148 Mediceo
1164 1113 1308 1159 appicta
1328 1113 1520 1147 admonere
1536 1112 1665 1147 viden-

130 1168 188 1195 tur
206 1162 376 1195 lectorem
379 1188 395 1214 y
421 1162 546 1196 deesse
562 1162 621 1196 hic
640 1173 780 1195 versum
800 1161 837 1195 in
865 1161 942 1195 aliis
961 1161 1064 1196 libris
1080 1162 1223 1195 lectum.
1255 1162 1312 1195 W
1306 1160 1350 1204 ν.)
1399 1161 1470 1195 Sed
1489 1160 1665 1195 sententia

131 1221 268 1243 versum
301 1210 488 1244 absolvens
516 1210 623 1243 facile
652 1208 813 1242 excidere
847 1209 977 1254 potuit.
1034 1210 1266 1252 Versusper
1296 1219 1334 1241 se
1366 1214 1420 1241 est
1451 1208 1664 1254 praeclarus.

131 1269 243 1290 caras
272 1257 380 1290 Goth.
403 1269 457 1302 pr.
490 1264 524 1291 et
552 1257 607 1291 ed.
634 1257 736 1299 Dan„
760 1256 1022 1303 nonnullaeque
1051 1268 1108 1302 ap.
1128 1255 1331 1290 Martinam.
1380 1267 1474 1290 cura
1491 1255 1664 1290 Rottend.

130 1310 212 1338 tert.
234 1310 270 1337 et
292 1304 399 1338 Goth.
419 1317 489 1339 sec.

133 1387 364 1441 dignantes,
414 1395 558 1441 magno
600 1403 713 1428 cum
749 1403 866 1427 mur-

131 1460 246 1485 mure
284 1447 453 1498 montis,
496 1448 659 1487 Circum
691 1447 868 1486 claustra

130 1506 357 1545 sremunt.“
395 1506 503 1545 Nota
533 1513 594 1545 est
623 1506 744 1545 etiam
764 1511 870 1544 tem—

130 1564 279 1616 poralis
330 1571 510 1618 potestas
560 1564 870 1618 praepositionis

131 1637 244 1672 eam,
279 1628 324 1661 ut
345 1625 415 1662 Ge.
438 1623 502 1672 ΠΙ,
525 1622 640 1665 324.;
672 1622 872 1673 „Luciferi

130 1680 263 1734 primo
284 1695 394 1719 eum
413 1681 582 1721 sidere.“
610 1684 680 1722 VV
674 1680 729 1736 r.)
772 1680 869 1723 425.

131 1741 251 1777 Hoc:
273 1745 333 1777 est
342 1739 604 1778 Homericum
623 1743 688 1796 Τῷ
706 1753 782 1792 pro
802 1736 870 1780 διὰ

131 1800 266 1846 τοῦτο,
283 1804 452 1850 propter
467 1797 558 1847 hoc,
573 1804 802 1850 propterea,
822 1803 871 1835 ut

131 1855 293 1894 Lucret.
311 1856 378 1906 IV,
401 1857 512 1898 1087
532 1862 573 1894 et
594 1856 672 1895 alii.
702 1858 874 1894 nutritor

131 1904 385 1967 pro¹vulgari
404 1918 526 1953 nutri.

190 1970 288 2014 426.
320 1972 586 2011 Commendat
619 1977 742 2026 poeta
772 1971 870 2010 reli-

133 2043 307 2081 quarum
321 2044 480 2082 quoque
495 2031 689 2070 arborum
703 2030 869 2069 cultum.

132 2090 266 2127 Poma
286 2089 484 2128 videntur
507 2089 671 2128 omnino
697 2089 871 2142 pomife-

132 2160 201 2186 rae
231 2160 315 2185 esse
349 2148 526 2187 arbores.
588 2146 680 2200 (Ad
710 2161 768 2187 vs.
801 2145 870 2189 34.

132 2204 233 2244 haec
245 2206 384 2245 scribit
392 2206 605 2246 Wunderl.
616 2221 625 2246 τ
637 2221 786 2256 „corna
793 2220 869 2259 pro

133 2266 254 2314 corni,
268 2270 316 2302 ut
328 2278 385 2303 vs.
399 2263 497 2307 426.
506 2279 635 2315 poma
651 2279 727 2318 pro
739 2266 869 2316 pomi,

135 2322 267 2360 dicere
284 2336 404 2361 ausus
425 2329 486 2361 est
501 2323 729 2374 Virgilius.“
756 2325 826 2362 W
820 2321 868 2377 r.)

133 2380 305 2432 Reliqua
335 2380 392 2419 sic
418 2381 540 2433 vulgo
570 2381 696 2434 accipi
727 2381 870 2420 video:

134 2446 291 2477 truncas·
325 2453 499 2488 sensere,
546 2439 692 2490 quibus
725 2439 871 2478 insitae

134 2503 231 2535 sunt
250 2497 366 2547 mali,
398 2502 437 2534 et
460 2511 552 2536 cum
573 2511 713 2536 succos
731 2511 873 2538 eorum

133 2555 176 2593 in
205 2568 246 2592 se
271 2555 523 2594 derivarunt.
592 2556 745 2595 Verum
778 2570 870 2594 sen-

134 2628 240 2663 sere,
282 2619 331 2652 ut
363 2619 481 2665 poeta
517 2613 643 2663 dixit,
684 2627 759 2666 pro
791 2613 869 2652 ha-

136 2671 283 2722 buere,
322 2670 499 2722 habent3
538 2672 609 2710 ubi
630 2672 751 2710 semel
768 2672 870 2710 ado-

137 2730 335 2780 leverunt,
359 2729 505 2768 utiam
520 2730 658 2768 trunci
673 2730 766 2779 sint,
785 2744 869 2768 non

134 2788 307 2839 surculi3
345 2787 416 2827 ubi
442 2787 524 2826 iam
556 2788 685 2827 robur
702 2786 867 2827 habent.

134 2848 238 2885 vires
264 2860 385 2896 suas,
425 2860 521 2896 nos,
561 2860 701 2885 succos
729 2859 868 2884 neces-

134 2904 282 2955 sarios,
314 2911 356 2943 et
389 2906 562 2956 propria
599 2906 643 2942 vi
656 2935 667 2953 ,
723 2910 869 2943 natura

134 2976 218 3002 sua.
250 2963 356 3001 conf.
376 2975 456 3002 VSS.
477 2965 532 3005 79
546 2986 594 2992 -
616 2963 684 3005 82-

983 1387 1083 1430 429.
1103 1387 1240 1441 Pergit
1256 1388 1299 1426 in
1318 1386 1666 1440 argumentatione

925 1460 1054 1499 usque
1076 1446 1127 1485 ad
1150 1460 1190 1486 v.
1210 1445 1315 1497 4543
1347 1446 1563 1485 exornavit
1590 1459 1666 1485 au-

926 1512 1011 1544 tem
1049 1506 1186 1544 locum
1244 1512 1331 1544 arte
1379 1504 1564 1543 mirabili.
1624 1503 1667 1543 Si

930 1564 1040 1602 oleae
1070 1570 1111 1602 et
1140 1577 1258 1602 omne
1290 1555 1506 1616 pomorum
1540 1576 1665 1615 genus

930 1637 1014 1661 non
1047 1621 1216 1660 eandem
1244 1636 1291 1660 ac
1325 1622 1468 1663 ,vineae
1501 1634 1667 1674 operam

931 1681 1176 1730 desiderant,
1204 1681 1335 1719 multo
1360 1680 1494 1718 minus
1511 1680 1667 1731 reliqua

930 1740 1124 1778 arborum
1156 1751 1302 1790 genera
1319 1739 1496 1778 multum
1514 1738 1665 1776 laboris

930 1797 1119 1850 exigunt,
1147 1792 1193 1836 ‘et
1225 1811 1390 1850 magnos
1413 1803 1552 1835 tamen
1571 1796 1665 1835 fru-

929 1861 1020 1895 ctus
1040 1856 1191 1895 serunt.

987 1972 1084 2015 429.
1115 1970 1213 2014 430.
1258 1971 1470 2010 Silvestres
1507 1970 1666 2010 arbores

927 2031 1084 2070 fruetus
1104 2037 1145 2069 et
1161 2029 1353 2069 utilitates
1373 2028 1568 2082 plurimas
1587 2044 1667 2068 no-

927 2089 990 2128 bis
1029 2089 1191 2139 ferunt,
1239 2102 1314 2127 nec
1355 2094 1494 2126 tamen
1539 2087 1666 2128 ullam

930 2147 1048 2186 aliam
1080 2161 1220 2186 curam
1249 2146 1438 2198 exigunt,
1477 2159 1600 2198 quam
1620 2151 1666 2185 ut

929 2219 1120 2245 seramus.
1160 2207 1308 2243 interea
1323 2235 1334 2255 ,
1380 2204 1479 2243 dum
1513 2204 1666 2244 vitibus

927 2271 1013 2303 tam
1055 2263 1188 2317 gravis
1235 2263 1352 2302 labor
1401 2262 1664 2315 impenditur,

930 2323 1118 2374 oleaeque
1147 2328 1187 2360 et
1219 2335 1340 2375 poma
1367 2321 1523 2360 minore
1550 2321 1666 2360 cultu

928 2381 1191 2434 proveniunt.
1219 2395 1334 2427 omne
1353 2394 1514 2428 nemus,
1546 2392 1665 2418 omne

930 2440 1122 2478 arborum
1151 2450 1298 2491 genus,
1326 2439 1534 2489 gravescit
1551 2437 1663 2489 fietu,

930 2499 1091 2552 βρίθει,
1122 2504 1171 2536 ut
1187 2496 1368 2549 gravida
1373 2494 1573 2547 frugibus
1593 2510 1664 2533 ar-

930 2556 1014 2605 bos,
1049 2562 1090 2593 et
1102 2554 1378 2606 Eclog.111,56
1407 2567 1514 2591 nunc
1535 2555 1666 2591 omnis

918 2616 1099 2666 parturit
1126 2612 1256 2651 arbos.
1298 2612 1457 2650 Lueret.
1489 2611 1530 2660 I,
1565 2611 1663 2654 253.

928 2671 1015 2715 254
1046 2671 1104 2710 Ab
1129 2670 1282 2708 nitidae
1310 2677 1481 2721 surgunt
1492 2669 1660 2721 fruges,

926 2729 1111 2781 ramique
1158 2728 1368 2767 virescunt
1414 2726 1693 2778 Arboribus‚.

927 2795 1108 2825 eresczmt
1129 2789 1252 2837 ipsae
1265 2786 1442 2838 fetuque
1470 2800 1662 2838 gravan—

928 2853 1003 2883 mr.
1020 2867 1078 2874 --
1097 2846 1283 2893 aviaria,
1318 2850 1499 2894 „secreta
1520 2857 1663 2883 nemo-

926 2917 1041 2953 rum,
1082 2916 1183 2954 quae
1223 2915 1316 2942 aves
1354 2903 1627 2955 frequentant.
1638 2903 1663 2923 “

927 2961 1102 3001 Servius.
1163 2960 1197 2999 A
1235 2960 1422 3000 domibus
1463 2966 1583 3014 poeta
1611 2959 1663 2998 ad
