1734 3320
161 235 266 282 632

499 231 556 281 P.
592 229 952 284 VIRGILII
986 229 1364 282 MARONIS

158 357 322 423 Plias,
361 365 416 407 et
443 357 648 409 Oceani
670 365 880 424 spretos
902 355 1047 424 pede
1069 356 1270 424 repulit
1292 357 1489 421 amnis;

207 511 279 547 233
304 510 411 545 Plias
431 510 553 544 Heius.
576 522 595 543 e
613 509 743 543 Medic.
763 516 798 542 et
819 508 877 552 al.‚
902 514 943 542 ut
966 508 1200 555 dissyllabum
1221 510 1286 554 sit,
1313 523 1355 544 ex
1376 506 1531 551 Πλειάς.
1578 511 1699 557 Vulgo

159 559 305 600 Pleias,
330 558 427 604 quod
447 564 543 591 esset
561 554 720 603 Πληϊάς.
755 557 865 602 (recte
886 557 1012 598 Plias-3
1044 569 1126 591 nam
1153 558 1282 592 Pleias
1302 570 1444 605 semper
1472 557 1698 604 trisyllabum

161 614 231 648 est3
257 606 328 641 vid.
346 606 392 640 K.
411 606 452 639 L.
471 605 681 640 Schneideri
701 606 854 638 Gramm.
870 604 950 638 Lat.
973 603 1057 639 Vol.
1080 606 1107 639 1.
1130 617 1166 651 p.
1184 606 1211 639 Ι.
1231 618 1267 652 p.
1286 606 1369 642 283.
1401 605 1496 651 Wr.)

158 742 350 786 muntur,
379 748 475 776 vere
494 740 703 774 transacto
725 733 899 789 (Colum.

159 795 230 845 IX,
248 795 315 845 15,
329 791 385 849 1),
404 800 445 833 et
464 794 571 832 circa
596 793 901 846 aequinoctium

162 851 258 908 (IX,
289 851 364 903 14,
399 850 484 907 11).
531 853 730 905 gravidos
752 852 896 904 setas,

160 925 255 965 apes
303 911 420 950 melle
457 924 599 963 graves
616 941 627 961 ,
690 910 900 963 agricolae,

158 984 230 1010 seu
257 969 445 1019 mellarii,
486 978 637 1021 cogant
664 969 747 1019 bis,
787 983 902 1008 com-

158 1029 319 1082 pellunt
349 1034 468 1067 extra
503 1028 606 1067 alvei
635 1027 899 1067 vestibulum.

159 1088 314 1126 Colum.
346 1086 428 1137 IX,
468 1086 542 1136 15,
585 1089 611 1129 6
651 1086 803 1139 fumas
845 1086 905 1124 ad

158 1160 259 1197 apes
291 1145 556 1185 admovetur.-
607 1159 714 1198 qaae
758 1144 901 1197 conse-

157 1206 253 1243 stim
274 1204 427 1242 nidoris
449 1205 706 1255 impatientes
724 1205 768 1242 in
780 1205 901 1255 prio-

156 1277 241 1301 rem
256 1271 420 1315 parlem
438 1262 638 1300 domicilii
653 1270 692 1300 et
702 1262 902 1300 interdum

157 1330 272 1359 extra
309 1321 564 1359 domicilium
599 1335 640 1358 se
673 1320 898 1373 eorfierant.

158 1380 368 1433 Coguntur
403 1392 496 1432 ergo
520 1379 562 1418 in
593 1392 722 1418 unum
753 1379 902 1418 locum.

145 1438 264 1491 fetus
281 1438 340 1477 ita
353 1452 430 1491 pro
441 1437 583 1491 apibus
595 1437 759 1476 omnino
780 1437 901 1487 dixit,

156 1502 206 1536 ut
223 1496 343 1549 fetus
374 1497 538 1535 adultos
567 1510 656 1550 sup.
676 1509 716 1535 v.
740 1498 838 1546 163,
862 1501 904 1534 et

144 1555 265 1608 fetas
319 1570 448 1607 apam
495 1568 613 1608 saepe
667 1554 902 1594 Columella.

159 1615 330 1653 Sensum
349 1619 485 1652 tamen
508 1620 549 1652 et
579 1613 662 1667 ipse
683 1613 814 1652 habeo
835 1613 904 1652 in-

157 1685 241 1711 esse
278 1672 433 1724 aliquid
466 1671 584 1722 duri3
635 1672 772 1724 itaque
797 1672 902 1711 bene

156 1731 418 1770 monentibus
456 1730 656 1770 concedo:
703 1731 901 1784 inprimis,

157 1789 270 1842 quod
289 1803 400 1828 nunc
431 1803 513 1840 naon
544 1789 653 1842 ipsae
685 1803 778 1842 apes
803 1795 902 1828 sunt

155 1861 298 1901 graves
319 1847 436 1886 melle
452 1878 462 1898 ,
494 1847 565 1885 sed
584 1847 668 1886 favi
689 1853 788 1886 sunt
805 1861 901 1899 gra-

155 1920 238 1946 ves.
299 1905 551 1944 Manendum
570 1906 696 1957 igitur
710 1906 753 1944 in
774 1906 902 1944 altera

158 1965 333 2014 Cerdae,
365 1964 493 2003 Ruaei
523 1970 564 2003 et
584 1964 750 2003 Martini
769 1964 902 2002 inter-

155 2024 403 2077 pretatione,
447 2023 516 2075 qui
548 2022 601 2061 ad
628 2022 902 2076 interpretum

157 2095 400 2121 consensum
420 2087 634 2134 provocat,
653 2080 771 2133 fetas
790 2095 899 2133 gra-

155 2141 273 2180 vidos
309 2153 394 2179 esse
437 2139 571 2192 ipsum
616 2140 708 2179 mel.
757 2154 898 2192 cogere

156 2200 281 2238 mella
323 2198 501 2239 vidimus
539 2212 662 2250 supra
705 2212 765 2238 VS.
802 2197 898 2240 140.

155 2257 321 2297 Dictum
353 2257 432 2296 erit
440 2256 559 2309 fetas
588 2256 756 2296 notione
777 2270 899 2309 gene‘

155 2316 232 2356 rali
282 2315 332 2354 de
372 2328 630 2367 quocumque
670 2321 898 2368 proventu,

156 2389 269 2414 nunc
299 2373 453 2424 mellis;
495 2388 579 2412 non
620 2373 745 2412 modo
772 2387 900 2426 pecu-

158 2433 257 2472 (lum
271 2463 282 2483 ,
325 2432 540 2482 arborum,
591 2432 686 2485 agri.
728 2434 902 2471 triticeos

144 2491 262 2544 setus
287 2490 407 2530 Ovid.
428 2490 536 2529 Fast.
558 2488 589 2539 I,
617 2493 724 2540 693,
750 2492 901 2543 gravi-

156 2550 229 2587 dos
260 2548 409 2587 Cereris
416 2548 534 2600 setas
557 2548 607 2587 de
626 2549 832 2588 frumento
855 2562 902 2587 ac

155 2620 285 2661 pane,
316 2606 420 2644 Ciris
440 2609 542 2656 230,
572 2620 665 2659 ergo
688 2621 800 2646 nunc
823 2608 898 2646 ab-

157 2666 290 2705 solute
323 2671 550 2718 proventus
578 2665 718 2705 mellis.
747 2667 898 2718 gravi-

156 2725 234 2763 clas
250 2729 388 2762 autem
404 2737 517 2763 nunc
546 2729 606 2761 est
633 2723 797 2776 plenus,
831 2723 899 2762 di·-

156 2796 249 2833 ves,
279 2788 330 2821 ut
354 2781 558 2834 gravidas
586 2784 735 2820 aristas
748 2812 758 2831 ,
791 2796 898 2834 gra-

156 2842 274 2881 vidos
322 2841 476 2879 culmos
527 2838 659 2878 dictos
705 2840 897 2879 vidimus.

157 2899 238 2938 dno
279 2907 460 2950 tempora
490 2899 653 2947 messis,
696 2898 899 2936 mellatio-

157 2957 231 2996 nis.
299 2957 357 2996 De
409 2956 472 2995 his
510 2955 678 2996 videndi·
729 2955 899 2995 Aristot.

157 3015 260 3055 Hist.
289 3014 422 3055 Anim.
448 3014 519 3065 IX,
547 3013 616 3057 40.
650 3014 805 3054 Colum.
827 3014 899 3064 IX,

962 733 1029 784 14,
1047 734 1087 778 5.
1120 737 1186 776 11.
1210 734 1284 785 IX,
1303 734 1370 779 15.
1390 736 1461 786 XI,
1479 738 1520 786 2,
1542 736 1610 779 50.
1629 737 1698 780 57.

958 793 1059 832 Plin.
1085 793 1159 843 XI,
1192 796 1245 835 16
1278 799 1319 832 et
1339 793 1406 836 15.
1464 792 1520 833 At
1547 794 1700 834 trinam

958 851 1086 891 mellis
1116 851 1364 891 vindemiam
1385 851 1518 891 Varro
1543 866 1700 892 memo-

958 916 1026 950 rat
1045 909 1112 958 ΠΙ,
1136 912 1203 960 16,
1222 909 1291 960 34,
1311 916 1352 949 et
1371 910 1568 964 Didymus
1591 912 1699 951 Geo-

959 983 1055 1023 pon.
1082 968 1173 1020 XV,
1194 968 1235 1019 5,
1257 971 1293 1010 1.

1016 1087 1115 1127 232.
1152 1087 1249 1127 233.
1289 1083 1330 1124 h.
1372 1098 1406 1125 e.
1450 1085 1526 1125 sub
1561 1092 1700 1126 ortum

959 1143 1182 1183 Pleiadum.
1205 1143 1362 1183 Colum.
1383 1143 1455 1194 XI,
1467 1147 1507 1195 2,
1521 1147 1576 1187 36
1606 1147 1700 1184 De—

960 1205 1066 1241 cimo
1082 1203 1182 1242 Kal.
1203 1204 1354 1241 Maias
1377 1204 1588 1255 Vergiliae
1605 1218 1700 1242 cnm

960 1262 1043 1300 sole
1082 1263 1265 1299 oriantur
1290 1283 1348 1291 —-·
1378 1261 1517 1300 Nonis
1561 1264 1699 1301 Maiis

966 1320 1179 1372 Vergiliae
1225 1321 1458 1358 exoriuntur
1505 1334 1625 1359 mane
1641 1343 1700 1350 --

966 1380 1005 1419 V
1008 1380 1039 1417 I
1053 1378 1154 1417 [dus
1187 1378 1399 1430 Vergiliae
1428 1386 1534 1417 totae
1554 1393 1698 1431 appa-

958 1445 1058 1475 rent.
1082 1437 1130 1475 cf.
1147 1436 1248 1475 Plin.
1268 1436 1411 1486 XVIII,
1432 1439 1503 1486 26,
1527 1451 1557 1476 S.
1579 1440 1698 1489 66,1.

963 1493 1251 1549 (matutinum,
1292 1509 1323 1534 S.
1351 1493 1554 1534 heliacum
1573 1495 1699 1534 intel-

959 1554 1169 1607 ligendum
1209 1566 1314 1603 esse,
1361 1553 1523 1592 monuit
1559 1555 1696 1593 Moll-

961 1613 1088 1651 meis-le
1121 1612 1258 1651 libello
1288 1612 1398 1651 infra
1417 1612 1586 1651 laudato
1608 1627 1697 1666 pag.

962 1673 1059 1714 386.
1103 1673 1175 1711 W
1169 1668 1265 1725 cli.)
1314 1671 1490 1709 simulac·
1527 1664 1695 1721 Pleias,

961 1743 1033 1769 seu
1061 1730 1182 1768 Plias
1210 1742 1262 1768 ex
1299 1726 1471 1780 Πλειὰς,
1520 1731 1712 1782 Taygete

963 1786 1041 1842 (est
1058 1801 1105 1826 ea
1125 1802 1208 1827 una
1228 1787 1437 1827 Pleiadum
1450 1818 1461 1837 ,
1493 1801 1595 1840 quae
1612 1787 1651 1827 h.
1670 1788 1697 1828 l.

959 1861 1043 1886 una
1066 1860 1159 1885 cum
1177 1847 1264 1899 ipsa
1279 1846 1563 1899 intelligendae
1582 1844 1696 1901 sunt)

961 1905 1131 1943 ostendit
1151 1919 1194 1943 os
1216 1905 1428 1943 honestam
1440 1935 1451 1955 ,
1485 1905 1696 1957 pulcrum:

960 1970 1171 2015 tamquam
1187 1962 1397 2016 Nympha,
1428 1965 1561 2014 terris,
1593 1962 1634 2002 h.
1655 1964 1699 2002 in

961 2027 1225 2075 conspectum
1255 2022 1391 2072 venit,
1432 2027 1524 2060 orta
1548 2027 1620 2061 est.
1648 2023 1697 2062 cf.

960 2080 1060 2120 Aen.
1102 2080 1217 2129 VIII,
1245 2080 1343 2123 590.
1384 2079 1466 2123 591
1512 2086 1553 2119 et
1592 2080 1697 2120 alibi.

958 2139 1129 2178 Theocr.
1149 2138 1306 2188 XVIII,
1335 2140 1391 2180 26
1429 2135 1534 2187 ’Λαὶς
1556 2134 1698 2180 οἷντέλ-

957 2201 1086 2239 λουσα
1108 2194 1236 2238 καλόν
1259 2197 1447 2248 διέφαινε
1463 2193 1697 2251 πρόςωπον.

959 2265 1018 2306 et,
1063 2255 1232 2294 simulac
1258 2255 1454 2308 Taygete,
1504 2255 1697 2309 nympha,

958 2328 1069 2354 nunc
1093 2314 1226 2364 sidus,
1253 2315 1402 2365 repulit
1419 2314 1527 2365 pede
1541 2344 1552 2364 ,
1587 2314 1699 2367 quod

958 2373 1134 2424 faciunt,
1167 2372 1238 2424 qui
1257 2372 1299 2410 in
1322 2371 1450 2410 altum
1469 2372 1697 2424 enituntur,

960 2433 1121 2471 elevant
1134 2444 1174 2470 se
1193 2428 1261 2484 (ef.
1281 2430 1403 2470 Ovid.
1416 2430 1471 2470 IV
1489 2430 1584 2470 Met.
1599 2434 1698 2473 710.

959 2491 1110 2530 Statius
1151 2488 1296 2528 Achill.
1337 2489 1373 2539 I,
1409 2491 1465 2531 99
1496 2489 1699 2542 liquidum

959 2558 1018 2588 ter
1054 2547 1260 2601 gressibus
1298 2561 1450 2599 aequor
1487 2547 1693 2602 Repulit),

960 2622 1101 2645 amnes
1135 2606 1291 2645 Oceani
1316 2603 1549 2658 (Homerico
1570 2620 1698 2645 voca-

955 2665 1078 2716 bulo,
1121 2670 1170 2703 ut
1199 2663 1344 2715 odyss.
1373 2666 1416 2713 λ,
1444 2666 1542 2714 638,
1567 2665 1699 2704 ambit

958 2724 1065 2762 enim
1097 2729 1249 2762 terram
1270 2721 1398 2759 amnis
1429 2721 1573 2776 more),
1602 2723 1697 2775 quia

957 2782 1091 2820 sidera
1117 2780 1287 2819 cosmica
1317 2780 1489 2819 orientia
1506 2794 1558 2819 ex
1578 2795 1696 2820 ocea—

956 2854 1010 2879 no
1031 2851 1237 2890 assurgere
1264 2838 1395 2877 videri
1418 2845 1609 2891 possunt,
1647 2846 1698 2879 ut

958 2898 1039 2949 sol5
1069 2905 1239 2950 spretos,
1266 2902 1415 2936 ornatu
1437 2898 1596 2950 poetico
1619 2898 1696 2937 ad-

958 2956 1132 3007 iectum3
1162 2955 1275 3007 quod
1300 2956 1493 2994 convenit
1517 2956 1695 3009 alioquin

959 3015 1027 3066 iis,
1059 3026 1162 3067 quae
1182 3013 1287 3066 pede
1306 3013 1549 3066 repellimus.
