1768 3320
209 185 274 233 84
536 182 590 230 P.
628 177 990 230 VIRGILII
1025 171 1403 223 MARONIS

208 311 309 357 Lac
327 305 461 355 mihi
480 322 591 355 non
610 312 805 354 aestate
825 317 1042 360 novum,
1083 312 1193 345 non
1215 293 1414 359 frigore
1437 295 1617 348 defit.-

211 379 403 439 Canto,
440 392 575 442 quae
598 374 804 437 solitus,
841 371 883 419 si
903 367 1118 436 quando
1141 373 1380 414 armenta
1396 365 1634 431 vocabat,

153 450 156 454 ’
210 445 482 513 Amphion
499 445 750 496 Dircaeus
770 443 824 490 in
845 443 1040 490 Actaeo
1060 434 1377 499 Aracyntho,

210 565 309 599 nivei
331 564 453 602 lactis;
481 568 516 594 et
534 560 693 594 sollenne
716 565 769 592 est
787 558 855 590 hoc
876 554 976 589 lactis
1000 554 1188 599 epitheton
1213 553 1306 597 apud
1325 551 1458 586 Tibull.
1485 551 1585 586 Ovid.
1611 551 1724 593 alios;

208 619 281 645 tum
295 609 436 644 Graecis
448 607 544 655 γάλα
563 604 706 646 λευκόν,
724 612 762 638 ut
782 606 948 643 Homero,
964 601 1172 635 Theocrito.
1190 599 1266 646 Sp.)
1322 600 1370 635 22
1391 600 1463 633 Hic
1481 599 1571 633 milii
1584 599 1723 644 Menag.

210 659 270 692 alt.
288 671 354 691 nec
364 656 512 704 frigore
530 654 589 687 alii
609 665 664 698 ap.
683 654 796 684 Burm.
822 651 912 694 defit
929 648 1036 682 Goth.
1059 660 1113 692 pr.
1144 649 1223 680 Lac
1248 646 1338 680 mihi
1362 659 1436 680 non
1465 654 1626 687 aestate,
1652 658 1724 680 no-

209 718 293 738 vum
314 717 387 737 non
397 703 546 749 frigore
573 701 683 744 desit:
706 699 756 731 ita
784 696 967 740 distinguit
995 697 1110 728 Burm.
1158 693 1283 727 Hieme
1311 693 1411 726 enim·
1430 693 1490 726 Iac
1515 698 1651 734 nostum
1678 694 1724 738 (v.

209 752 280 786 Ecl.
299 752 343 792 V,
363 750 420 794 67)
443 754 651 792 suppetere,
676 746 713 778 id
735 745 872 777 demum
893 755 969 776 esse
987 742 1190 787 gloriosum.
1216 739 1321 786 Atqui
1338 740 1480 774 ineunte
1501 739 1619 773 hieme
1636 752 1725 785 par-

209 805 283 831 tum
302 797 411 830 edunt
428 807 520 828 oves.
559 795 699 833 Verum,
717 791 853 824 etiamsi
873 796 956 835 post
973 802 1106 823 novum
1128 788 1335 832 distinguas,
1355 786 1588 832 repetendum
1603 787 1725 833 utique

208 845 305 878 idem
323 855 397 877 voc.
415 843 450 875 in
471 841 582 874 altero
602 840 757 872 membro
775 839 818 870 de
838 837 964 871 hieme.
1012 837 1065 870 De
1081 836 1246 870 colustra
1262 846 1348 868 vero
1367 846 1440 868 non
1452 833 1571 879 'accipi
1592 840 1725 878 potest.

212 904 244 925 v.
263 890 401 924 Martin.
447 890 578 921 Locum
606 893 686 920 ante
707 885 825 918 oculos
852 884 978 917 habuit
1005 890 1042 916 et
1064 882 1239 928 expressit
1270 881 1370 916 Ovid.
1395 882 1503 922 *Meu
1527 881 1625 924 XIII,
1641 882 1723 918 829.

213 939 313 984 (Des
319 936 412 970 ieri
436 935 582 973 dicitur,
608 932 702 978 quod
727 938 861 972 cessat,
887 931 959 964 sive
980 930 1109 963 sensim
1135 928 1265 974 incipit
1294 929 1438 970 deesse,
1470 926 1508 961 in
1536 939 1579 961 eo
1610 935 1666 962 est
1685 935 1726 962 ut

211 984 324 1024 desit3
350 984 373 1016 d
387 995 433 1016 ee
446 988 505 1023 st,
531 980 625 1026 quod
644 979 711 1012 iam
732 978 853 1011 defieri
873 983 1041 1022 coeperat
1059 983 1153 1011 ante.
1202 975 1382 1010 Sententia
1406 980 1543 1021 autem:
1576 974 1634 1015 lac
1655 986 1724 1009 no—

210 1044 288 1065 vum
309 1043 372 1076 per
391 1036 503 1062 totum
520 1039 645 1060 aunum
661 1026 796 1065 habeo;
821 1025 902 1058 hinc
920 1037 1004 1058 saue
1053 1031 1110 1058 ost
1132 1036 1265 1058 novum
1282 1021 1613 1067 interpungendum.
1645 1025 1725 1057 Ae-

211 1087 308 1111 state
319 1097 362 1103 -
366 1076 532 1122 frigore,
557 1080 595 1105 ut
616 1073 724 1117 Soph.
747 1072 897 1106 Philoct.
917 1073 992 1108 17.:
1036 1085 1057 1106 v
1076 1068 1191 1116 ψύχει
1211 1067 1385 1116 μὲν-ἑν
1404 1069 1512 1114 θέρει
1524 1067 1579 1105 δέ.
1603 1071 1725 1117 Sp..-

210 1125 359 1168 Langius
379 1123 414 1155 iu
424 1120 594 1155 Vindiciis
606 1119 828 1164 Tragoediae
846 1121 1024 1152 Romanae
1045 1131 1124 1164 pag.
1141 1117 1212 1159 49„
1228 1117 1338 1151 allato
1356 1117 1426 1151 hoc
1443 1116 1523 1161 ipso
1541 1115 1635 1159 loco,
1653 1117 1724 1150 do-

210 1179 285 1212 cet,
311 1169 553 1214 oppositorum
583 1179 689 1210 saepe
707 1166 815 1199 talem
834 1178 909 1199 esse
928 1166 999 1200 vim
1014 1192 1023 1207 ,
1047 1173 1087 1199 ut
1116 1165 1323 1199 alterutrum
1344 1162 1416 1198 noxi
1441 1163 1553 1206 adsit,
1591 1163 1660 1197 nisi
1685 1170 1726 1197 ut

210 1218 313 1251 alteri
329 1215 534 1250 illustrando
555 1213 731 1246 inserviat.
762 1215 857 1257 lVr.)
903 1214 950 1249 23
975 1215 1008 1247 si
1028 1221 1167 1259 quanto
1187 1225 1277 1246 arm.
1299 1210 1492 1246 vocabam.
1509 1223 1572 1252 ms.
1600 1210 1724 1244 Barth.

209 1266 321 1298 Burm.
342 1263 430 1297 coni.
455 1259 648 1295 vacabant.
742 1258 790 1296 24
813 1260 986 1294 scribitur
996 1260 1256 1301 Aracln'nctus,
1277 1258 1508 1296 Arachintus
1527 1264 1614 1299 etc-3
1637 1257 1725 1291 item

209 1312 380 1351 Aretheo,
405 1309 505 1352 lapsu
529 1307 636 1340 vario.
684 1308 771 1339 Item
789 1309 959 1341 Dirc-eus.
1009 1310 1054 1340 At
1075 1313 1129 1340 est
1149 1309 1339 1350 Διρκαῖος.
1380 1304 1519 1338 Pindar.
1540 1305 1577 1338 P.
1597 1307 1632 1347 9,
1649 1305 1725 1348 ,153

209 1359 401 1400 Διρκαίων
429 1352 592 1391 ὑδάτων.
650 1355 764 1386 Totus
792 1367 912 1387 versus
949 1366 992 1387 ex
1021 1355 1156 1387 Graeco
1185 1354 1299 1387 factus
1330 1359 1405 1386 est:
1433 1347 1598 1397 Ἀμφίων
1628 1356 1724 1397 Διρ-

208 1408 316 1446 καῖος
332 1402 371 1439 ἐν
387 1400 545 1447 Ἀκταίῳ
562 1399 794 1446 Ἀρακύνθῳ,
819 1408 858 1434 ut
874 1401 963 1435 adeo
984 1401 1206 1435 manifestum
1224 1400 1269 1433 sit
1294 1406 1436 1445 poetam
1452 1400 1624 1445 Graecum
1647 1411 1724 1433 esse

210 1462 419 1496 expressum.
455 1448 572 1495 (Quod
591 1448 641 1482 ita
659 1448 882 1482 manifestum
905 1460 993 1491 esse,
1020 1459 1127 1493 negat
1150 1447 1311 1482 Vossius.
1343 1445 1439 1490 ΠΤ.)

208 1547 250 1585 in
267 1546 441 1598 Prolegg.
457 1544 537 1583 hoc
563 1558 722 1583 carmen
749 1545 791 1583 in
810 1543 935 1583 Alex—
992 1551 1078 1584 tere
1089 1544 1162 1583 sibi
1179 1557 1251 1597 per
1268 1549 1404 1582 totum
1414 1555 1566 1581 annum
1580 1555 1724 1580 vaccas

210 1604 394 1653 andrum,
425 1617 586 1641 servum
604 1603 801 1652 Pollionis,
833 1603 934 1642 scri-

210 1669 324 1714 ptum
354 1675 434 1699 esse
462 1667 703 1699 statuentem
715 1692 724 1710 ,
767 1667 806 1699 et
840 1661 932 1710 illie,

212 1726 252 1757 et
270 1719 310 1757 h.
339 1719 363 1757 l.
387 1717 619 1768 difficultas,
651 1732 770 1770 quam
798 1719 934 1758 obiicit

211 1776 503 1815 Siculorum
532 1776 730 1815 montium
759 1791 935 1816 comme-

211 1834 393 1883 moratio,
412 1835 543 1885 sugere
559 1835 747 1886 potuerit.
777 1834 832 1873 At
844 1836 936 1874 Vir-

210 1892 324 1944 gilius
343 1906 424 1930 non
444 1892 521 1930 suit
541 1892 706 1931 Siculus.
760 1893 838 1931 Sed
856 1893 934 1931 ha—

209 1949 330 1987 bebat
364 1948 581 2001 Spohnius,
629 1951 738 2002 quod
764 1965 934 2003 respon-

211 2021 328 2046 surus
348 2007 503 2057 suisset3
523 2021 673 2046 namne
691 2015 830 2061 pastor
840 2010 932 2062 qui-

211 2064 302 2103 dem
318 2064 395 2103 fuit
410 2064 604 2116 Virgilius.
643 2067 694 2104 Et
713 2081 837 2118 quum
857 2067 934 2106 alia

210 2122 330 2160 finxit
365 2122 406 2161 in
442 2122 520 2160 hoc
546 2124 720 2162 carmine
756 2125 931 2176 liberius,

209 2185 298 2218 tum
306 2179 406 2218 illud
415 2180 572 2218 minime
589 2181 646 2219 ita
657 2190 933 2235 comparatum

210 2243 283 2286 est,
307 2243 355 2276 ut
374 2237 538 2289 Spohnii
556 2241 793 2279 sententiam
808 2247 931 2280 'ever-

208 2300 282 2333 tat.
342 2295 452 2343 Quid
487 2296 589 2334 enim
618 2297 843 2350 Virgilium,
882 2306 932 2338 ut

208 2357 391 2404 poetam,
419 2353 678 2406 impediebat,
719 2358 930 2408 quominus

208 2409 360 2459 locum,
391 2411 461 2448 ubi
478 2410 576 2450 haee
602 2421 833 2464 agerentur,
865 2416 929 2454 Si-

208 2467 338 2506 ciliam
357 2481 437 2505 esse
454 2469 594 2518 vellet,
614 2478 820 2522 pastorum
839 2486 930 2512 car-

205 2525 377 2564 minibus
388 2526 623 2565 celebratam
634 2529 653 2567 '?
679 2530 801 2581 Quid,
820 2532 929 2582 quod

206 2582 290 2634 ipsa
311 2583 462 2621 Graeca
480 2585 658 2634 nomina,
681 2588 869 2640 Corydon
889 2596 928 2628 et

205 2639 358 2689 Alexis,
389 2654 471 2679 non
488 2643 718 2695 patiuntur,
740 2646 848 2685 aliud
867 2646 928 2685 his

205 2698 324 2736 rebus
351 2711 431 2736 esse
458 2698 682 2750 theatrum,
721 2703 797 2741 nisi
822 2705 928 2756 regi-

205 2768 323 2793 onem
339 2786 348 2805 ,
387 2756 431 2794 in
472 2769 550 2807 qua
589 2758 763 2798 Graecus
797 2773 925 2801 sermo

202 2814 545 2865 regnaret'2-—De
566 2813 647 2853 his:
672 2818 794 2855 Mille
813 2833 925 2857 meae.

202 2884 357 2921 agnae,
375 2872 542 2923 exposui
559 2872 611 2910 ad
629 2873 731 2925 Eleg.
751 2875 802 2913 ad
819 2876 925 2914 Mes-

201 2927 269 2967 sal.
299 2941 386 2982 pag.
407 2931 473 2971 33.
510 2928 621 2982 lVr.)
679 2934 747 2973 22.
767 2935 923 2987 Suppe-

993 1603 1069 1653 ait,
1134 1615 1210 1641 uae
1235 1602 1384 1640 bonam
1417 1600 1532 1640 laetis
1569 1600 1725 1653 copiam

989 1661 1222 1714 praebeant,
1241 1666 1290 1699 ut
1308 1658 1489 1711 quotidie
1504 1658 1569 1696 lac
1584 1671 1723 1697 recens

991 1720 1138 1772 apponi
1166 1718 1306 1772 possit.
1373 1715 1613 1755 Theocritus
1646 1730 1722 1769 pro

992 1778 1098 1816 lacte
1122 1791 1285 1815 caseum
1302 1781 1494 1829 posuerat
1516 1773 1721 1827 Idyll.ffl‚

995 1839 1062 1886 36,
1092 1835 1213 1873 etiam
1240 1833 1321 1872 hoc
1347 1846 1399 1871 ex
1428 1845 1541 1872 more
1574 1831 1724 1871 harum

992 1894 1219 1946 regionum:
1238 1891 1332 1932 vide
1350 1890 1475 1930 modo
1492 1889 1636 1943 Georg.
1653 1889 1722 1941 ΠΙ,

993 1951 1091 1994 400.
1105 1951 1203 1993 401.

1047 2012 1116 2052 23.
1145 2009 1228 2047 Nee
1251 2007 1485 2060 imperitum
1510 2019 1551 2044 se
1578 2011 1721 2045 cantus

992 2080 1074 2106 esse
1099 2066 1353 2121 pronuntiat.
1385 2072 1567 2103 armenta
1584 2078 1720 2104 ,voca-

991 2125 1071 2176 bat,
1102 2124 1333 2174 revocabat,
1365 2122 1640 2176 compellebat,
1671 2129 1722 2161 ut

988 2183 1171 2236 inprimis
1197 2182 1246 2222 fit
1272 2181 1448 2234 vesperi,
1479 2186 1527 2220 ut
1553 2180 1742 2220 domum-

988 2248 1127 2294 pastor
1144 2254 1301 2293 gregem
1317 2239 1499 2279 reducat.
1516 2239 1601 2278 vid.
1622 2252 1718 2278 sua-

987 2313 1080 2339 vem
1111 2300 1247 2338 locum
1281 2296 1520 2351 Apollon.1‚
1547 2297 1631 2340 575
1659 2310 1717 2349 sq.

988 2364 1029 2396 et
1049 2357 1163 2396 Cerd.
1212 2355 1280 2399 24.
1298 2359 1342 2394 in
1358 2357 1513 2395 Actaeo
1528 2354 1717 2407 Aracyn-

987 2416 1067 2454 tlco.
1101 2415 1230 2454 Huius
1252 2413 1424 2453 nominis
1439 2412 1584 2452 nobilis
1601 2426 1717 2451 mons

988 2480 1048 2512 est
1065 2473 1310 2512 Acarnaniae
1338 2472 1421 2511 sive
1449 2470 1647 2522 Aetoliae,
1676 2484 1715 2510 v.

986 2532 1051 2571 vel
1078 2531 1210 2571 Strab.
1237 2531 1289 2580 X,
1316 2544 1404 2583 pag.
1426 2532 1509 2572 692
1536 2527 1592 2579 A,
1620 2542 1716 2567 nam

985 2589 1084 2628 fines
1101 2589 1248 2628 harum
1263 2589 1471 2641 regionum
1498 2586 1620 2625 modo
1639 2600 1714 2626 an-

984 2648 1138 2699 gustius
1165 2646 1287 2686 modo
1324 2645 1445 2685 latius
1470 2651 1713 2698 patuerunt;

984 2719 1067 2744 non
1085 2706 1202 2757 longe
1220 2704 1269 2743 ab
1288 2704 1390 2744 urbe
1408 2703 1618 2743 Pleurone.
1647 2703 1713 2742 Ad

982 2762 1092 2802 hunc
1109 2762 1319 2802 referenda
1326 2762 1428 2801 haec
1442 2775 1524 2800 esse
1542 2767 1712 2801 conten-

984 2821 1044 2859 dit
1062 2821 1281 2860 Palmerius
1301 2821 1440 2859 Graec.
1462 2826 1544 2859 ant.
1554 2819 1620 2868 IV,
1644 2822 1710 2869 10,

982 2879 1178 2930 docetque
1196 2892 1288 2917 eum
1299 2885 1478 2917 tractum
1492 2872 1623 2931 ἀκτήν
1633 2877 1711 2916 dici

981 2937 1090 2990 apud
1106 2937 1340 2987 Homerum,
1372 2936 1464 2989 quia
1482 2934 1644 2975 Ithacae
1669 2941 1710 2974 et
