1768 3320
239 213 339 260 122
578 210 633 258 Ρ.
689 208 1025 258 VIRGILII
1067 206 1435 256 MARONIS

235 332 476 386 Claudite
496 334 602 384 iam
621 335 786 398 riv05,
821 333 996 401 pueri:
1032 340 1109 380 sat
1130 340 1278 398 prata
1295 331 1563 386 biberunt.

233 451 516 486 convenientem:
542 459 610 495 „et
625 451 780 498 quisquis
800 450 913 496 fugiet
930 460 1065 483 amores
1077 475 1085 490 ,
1110 448 1178 482 nisi
1196 461 1332 484 amaros
1361 462 1423 486 eos
1451 450 1607 497 experiri
1620 450 1743 485 velit.“

231 498 442 544 Doeringius
455 499 492 532 in
508 500 771 544 Programmate
784 497 922 542 saepius
940 496 1034 530 laud.
1054 495 1104 529 sic
1120 495 1343 531 scribendum
1359 504 1498 532 censet:
1522 498 1590 541 „it
1601 511 1621 532 a
1644 497 1744 544 quis-

233 546 310 592 quis
329 557 465 580 amores
483 548 553 579 Aut
568 559 603 579 m
617 551 747 579 etuat
763 544 880 578 dulces
894 569 903 585 ,
928 549 989 576 aut
1024 555 1043 576 e
1055 555 1078 575 x
1089 554 1112 587 p
1125 555 1143 576 e
1154 543 1194 576 ri
1205 549 1311 578 atur
1334 557 1490 587 amai-0⁸3
1503 547 1526 565 ‘⁴
1559 545 1628 579 hac
1655 545 1744 579 sub-

232 593 326 627 iecta
345 592 598 637 explicatione:
624 594 720 634 „Vos
737 592 839 625 ambo
864 589 960 635 digni
984 589 1067 623 estis
1080 589 1200 634 posito
1213 590 1379 636 pignore5
1405 592 1536 626 utinam
1556 592 1628 626 ita
1641 618 1652 635 ,
1677 604 1743 625 ea·-

232 640 313 674 dem
330 640 519 681 suavitate,
543 639 654 685 quivis
675 638 762 672 alius
781 644 841 672 aut
861 644 989 671 metum
1009 643 1044 670 et
1061 636 1334 672 sollicitudinem
1350 638 1388 673 in
1409 651 1528 674 amore
1544 638 1662 682 felice,
1679 639 1742 672 cfr.

232 699 283 721 vs.
301 684 371 728 74„
394 693 454 720 aut
472 686 666 719 amaritiem
686 691 720 718 et
740 697 837 718 curas
855 684 892 717 in
914 696 1033 717 amore
1051 683 1212 727 infelice,
1238 685 1300 719 cfr.
1323 698 1374 720 vs.
1398 687 1474 730 80.,
1500 685 1658 723 canendo
1677 698 1742 720 ex-

231 733 396 779 primat.“
442 735 482 766 In
501 733 646 766 eundem
662 732 802 765 modum
819 731 912 764 idem
930 732 974 765 V.
995 731 1037 764 D.
1059 730 1252 776 disputavit
1272 732 1317 766 ad
1335 733 1460 767 catull.
1487 734 1656 775 LXVIII,
1670 733 1741 776 28„

231 780 300 814 nisi
317 780 470 825 quodibi
483 781 544 821 sic,
556 791 627 813 non
645 780 710 820 ita,
733 790 799 822 pro
819 786 856 811 et
878 777 995 811 offert.
1023 778 1201 823 Spohnius
1219 779 1386 814 reiectam
1406 779 1475 814 iam
1496 781 1540 815 ab
1550 779 1690 826 Heynio
1705 786 1743 814 et

231 827 362 862 Vossio
386 833 555 860 retractat
575 825 864 870 explicationem:
890 824 1025 870 „Digni
1043 824 1128 858 estis
1147 825 1324 871 praemio3
1360 826 1484 872 dignus
1513 827 1592 870 hic,
1617 827 1742 872 dignus

232 874 343 916 alter;
367 874 489 918 dignus
502 899 510 914 ‚
536 873 728 918 quicunque
747 872 817 905 iam
835 871 929 916 sapit
949 878 985 904 et
1006 872 1160 906 abstinet
1181 873 1225 906 ab
1249 885 1369 907 amore
1382 900 1392 916 ,
1421 881 1482 908 ant
1504 874 1621 908 alieno
1650 874 1742 908 edo-

232 927 307 955 ctus
329 921 464 963 dolore,
476 925 536 953 aut
552 931 625 961 suo,
643 919 830 964 aliquando
849 919 1095 963 resipiscens.“
1141 919 1282 954 Iahnius
1302 920 1454 968 denique
1487 921 1539 956 sic
1559 921 1742 966 interpre-

230 974 344 1002 tatur:
388 971 557 1010 „Summo
584 966 740 1011 praemio
778 965 876 1010 digni
909 965 993 999 estis
1025 972 1061 1000 et
1087 972 1150 1009 tn,
1188 973 1224 1000 et
1254 967 1339 1010 ille,
1365 974 1401 1002 et
1425 969 1556 1012 omnis,
1594 968 1654 1015 qui
1669 976 1741 1002 tam

231 1014 414 1060 praeclare
438 1013 566 1047 amoris
595 1019 655 1046 aut
683 1012 902 1046 dulcedinem
932 1019 993 1046 aut
1021 1012 1288 1048 amaritudinem
1328 1015 1481 1049 carmine
1511 1015 1742 1050 celebrabit.“

229 1062 425 1103 Praeclare,
444 1060 511 1094 nisi
527 1061 572 1094 ad
587 1060 796 1093 fulciendam
818 1060 914 1093 hanc*
925 1060 1137 1094 sententiam
1154 1061 1351 1095 addendum
1365 1061 1492 1096 fuisset
1506 1063 1596 1097 illud
1618 1068 1742 1106 „tam

230 1120 312 1154 pra
324 1120 342 1142 e
354 1108 514 1142 clare.“
548 1107 718 1141 Similiter
728 1106 916 1151 Spohnius‚
934 1119 978 1140 ne
996 1107 1140 1141 absurdi
1159 1107 1290 1154 aliquid
1309 1108 1485 1143 dicentem
1498 1111 1631 1144 faceret
1647 1121 1742 1154 poe·-

230 1158 304 1189 tam
319 1181 328 1197 ,
348 1167 420 1188 non
440 1154 526 1188 satis
551 1153 705 1187 fideliter
726 1153 798 1187 eius
825 1154 1022 1187 orationem
1058 1155 1240 1200 expressit.
1289 1156 1433 1191 Acutius
1469 1157 1647 1199 omnibus,
1681 1156 1742 1202 qui

230 1202 288 1236 vel
305 1208 385 1235 ante
398 1228 407 1244 ‚
440 1201 497 1235 vel
517 1208 601 1246 post
624 1201 738 1246 ipsum
758 1200 896 1234 solvere
917 1200 1010 1234 hunc
1033 1202 1165 1235 nodum
1194 1202 1312 1236 conati
1333 1210 1435 1245 sunt,
1459 1203 1550 1238 vidit
1571 1203 1740 1249 Heyniu8‚

230 1261 333 1282 sensu
351 1249 438 1282 haec
457 1248 562 1293 plane
582 1248 752 1282 destituta
781 1260 857 1281 esse
883 1247 1097 1293 intelligens.
1143 1249 1235 1283 Illud
1252 1256 1390 1284 tantum
1419 1250 1619 1296 improbes,
1645 1250 1741 1296 quod

229 1296 438 1329 resecandos
457 1295 590 1328 censuit
606 1308 675 1329 VSS.
697 1296 776 1331 109.
801 1307 852 1340 sq.
900 1299 1015 1341 Atque
1033 1303 1072 1329 ut
1091 1308 1197 1340 supra
1216 1297 1422 1341 propositas
1453 1297 1654 1343 explicandi
1677 1309 1740 1331 ra·-

228 1341 345 1375 tiones
370 1342 479 1375 verbo
506 1343 656 1375 refutem
675 1368 684 1384 ,
710 1352 906 1386 pronomen
934 1344 1098 1389 quisquis
1124 1343 1160 1376 h.
1187 1343 1211 1377 l.
1230 1344 1328 1378 nullo
1354 1351 1462 1389 pacto
1484 1357 1551 1390 pro
1575 1346 1738 1392 quisque,

227 1389 338 1422 multo
354 1388 464 1422 minus
482 1401 548 1433 pro
571 1397 723 1435 uterque
734 1415 742 1430 ,
768 1389 862 1434 quod
877 1388 1013 1423 mireris
1031 1390 1207 1435 quomodo
1227 1390 1434 1425 Schirachio
1452 1391 1489 1425 in
1505 1398 1658 1426 mentem
1673 1404 1741 1425 ve-

227 1436 303 1469 nire
321 1435 495 1480 potuerit,
527 1435 658 1469 dictum
685 1436 847 1480 accipere
868 1436 963 1470 licet.
1020 1438 1112 1470 Nam
1145 1445 1183 1471 ut
1215 1439 1426 1480 concedam,
1454 1439 1580 1484 optimi
1607 1438 1740 1472 saeculi

228 1482 414 1527 scriptores
427 1509 436 1525 ,
458 1482 614 1516 relativis
637 1482 692 1516 vel
709 1482 928 1526 nominibus,
951 1483 1008 1517 vel
1021 1483 1202 1528 particulis
1218 1485 1447 1530 praegressis,
1471 1493 1511 1520 nt
1520 1488 1738 1533 quicunque,

229 1532 291 1576 qui
302 1555 310 1571 ‚
350 1528 424 1571 ubi,
460 1538 523 1573 ut,
546 1549 595 1555 —-
618 1542 706 1575 quae
736 1530 877 1575 quidem
906 1530 1023 1564 omnia
1049 1543 1126 1564 eum
1146 1531 1183 1564 in
1200 1532 1341 1565 modum
1356 1532 1534 1576 dicuntur,
1560 1544 1629 1579 quo
1649 1532 1740 1566 illud

227 1580 312 1611 Aen.
337 1578 399 1618 IV,
431 1577 531 1614 371.:
566 1579 716 1619 „Quae
749 1576 920 1622 quibus
954 1578 1206 1612 anteferam?⁴‘
1237 1597 1286 1605 —-
1319 1586 1381 1613 aut
1403 1579 1510 1614 etiam
1537 1578 1740 1625 pronomini

229 1622 429 1668 possessivo
456 1636 546 1657 suus
560 1623 611 1657 ita
627 1623 804 1657 interdum
820 1624 1031 1670 subiungere
1050 1627 1232 1679 quisquis,
1255 1633 1293 1659 ut
1321 1638 1389 1671 pro
1413 1628 1566 1681 quisque
1583 1626 1740 1671 positum

227 1670 342 1703 videri
359 1670 490 1714 possit:
515 1682 586 1703 non
614 1670 719 1704 facile
744 1677 862 1704 tamen
887 1672 944 1705 vel
969 1684 1139 1718 pessimus
1172 1672 1325 1718 scriptor
1355 1673 1393 1707 in
1418 1673 1522 1707 initio
1553 1673 1739 1716 enunciati,

229 1716 288 1762 qui
304 1717 401 1750 locus
419 1717 582 1762 proprius
602 1724 656 1751 est
679 1717 905 1752 relativis
918 1745 926 1760 ‚
953 1720 1118 1765 quisquis
1135 1719 1187 1752 ita
1206 1720 1377 1764 posuerit.
1422 1721 1469 1754 Et
1495 1720 1598 1754 initio
1625 1733 1740 1754 enun—

228 1763 394 1797 ciatorum
416 1776 456 1797 ea
483 1776 620 1809 quoque
642 1764 759 1809 posita
777 1766 952 1800 censenda
970 1773 1068 1808 sunt,
1093 1766 1217 1812 quibus
1243 1767 1427 1811 praecedit
1455 1767 1602 1813 copula,
1633 1775 1671 1801 ut
1699 1767 1738 1801 h.

227 1810 252 1844 l.
267 1836 276 1852 ‚
300 1809 430 1855 quippe
447 1823 533 1855 quae
552 1811 642 1844 nihil
661 1812 837 1856 pertineat
854 1813 897 1846 ad
919 1813 1028 1859 ipsius
1056 1813 1126 1847 vim
1151 1813 1371 1856 sententiae,
1403 1815 1467 1848 sed
1488 1821 1625 1848 tantum
1654 1814 1738 1848 iun—

229 1857 350 1902 gendis
370 1858 504 1890 duobus
522 1858 713 1892 enunciatis
737 1859 914 1894 inserviat.
961 1861 1123 1894 Ceterum
1149 1861 1208 1906 qui
1229 1861 1388 1906 exempla
1407 1862 1504 1906 cupit
1527 1861 1629 1895 huius
1656 1874 1738 1895 usus

231 1903 447 1948 pronominis
478 1906 662 1951 quisquis,
707 1918 783 1939 eum
816 1906 938 1951 relego
964 1907 1010 1941 ad
1037 1907 1189 1942 Forcell.
1227 1908 1312 1941 Lex.
1347 1909 1411 1942 sub
1438 1920 1515 1943 voc.
1553 1910 1737 1955 Quis‘quis.

227 1951 360 1984 Manut.
385 1952 431 1984 ad
453 1951 522 1985 Cic.
548 1953 612 1996 Ep.
631 1953 676 1986 ad
705 1953 782 1987 Div.
809 1955 871 1996 VI,
899 1955 930 1989 1.
957 1966 1066 1999 porro
1094 1955 1139 1988 ad
1169 1954 1315 1997 librum,
1348 1956 1404 1989 cui
1431 1955 1638 2000 inscriptum
1664 1961 1736 1989 est:

227 1998 429 2031 Deatsclzes
448 2000 627 2032 Muscam.
654 2000 754 2036 1786.
777 2001 859 2034 Vol.
886 2002 912 2035 I.
948 2013 1029 2046 pag.
1048 2000 1105 2037 24.
1152 2002 1320 2047 Doering.
1353 2003 1398 2036 ad
1425 2002 1550 2036 catull.
1573 2003 1737 2044 LXVIII,

226 2044 284 2080 28.
333 2046 444 2085 Quum
463 2052 597 2088 autem,
623 2046 653 2079 si
671 2060 739 2080 VSS.
770 2050 846 2083 109.
875 2060 927 2094 sq.
954 2055 1119 2093 tanquam
1137 2049 1276 2094 spurios
1303 2048 1498 2092 eiiciamus,
1531 2056 1649 2094 aptam
1670 2050 1739 2083 de-

228 2091 375 2124 siderari
395 2092 517 2136 optimi
538 2093 697 2127 carminis
722 2095 908 2129 clausulam
927 2103 1117 2140 appareat,
1142 2108 1256 2141 neque
1275 2095 1311 2129 in
1334 2096 1631 2141 interpretatione
1651 2097 1737 2131 satis

228 2138 273 2171 sit
292 2137 432 2180 auxilii,
459 2140 503 2172 ad
519 2140 749 2174 coniecturam
770 2142 1019 2175 descendamus
1039 2155 1184 2176 necesse
1207 2149 1272 2176 est.
1321 2144 1443 2189 Itaque
1459 2143 1639 2177 lenissima
1656 2157 1737 2177 mu-

226 2184 358 2218 tatione
373 2185 463 2219 facta
481 2198 546 2231 pro
557 2187 676 2231 priore
694 2197 761 2222 aut
772 2189 897 2234 scripsi
907 2190 1022 2231 Ιιαιιις
1046 2203 1086 2223 ac
1098 2190 1148 2224 sic
1163 2189 1367 2235 saepissime
1383 2191 1472 2225 haec
1487 2190 1641 2236 negandi
1649 2203 1738 2236 par-

226 2231 333 2265 ticula
351 2230 386 2264 in
414 2233 491 2278 ipso
524 2235 684 2268 Mediceo
716 2235 833 2269 demta
864 2236 1104 2281 adspiratione
1131 2237 1269 2282 legitur.
1327 2238 1515 2272 Praeterea
1529 2238 1579 2272 ita
1600 2237 1737 2283 singula

228 2278 389 2311 distinxi:
422 2282 498 2320 „Et
519 2280 627 2315 vitula
653 2288 692 2315 tu
717 2282 862 2327 dignus,
896 2289 933 2317 et
960 2283 1029 2317 hic.
1077 2285 1123 2317 Et
1143 2284 1298 2330 quisquis
1329 2296 1465 2318 amores
1485 2286 1579 2319 Haut
1593 2292 1737 2328 metuet,

228 2325 368 2367 dulces,
393 2333 455 2360 aut
475 2328 674 2371 experietur
692 2341 827 2363 amaros
843 2332 885 2371 ;“
909 2330 934 2364 i.
955 2342 985 2364 e.
1007 2337 1070 2364 aut
1088 2331 1207 2365 dulces
1238 2331 1457 2376 experietur,
1489 2339 1550 2366 aut
1587 2343 1736 2366 amaros.

227 2372 361 2414 Quibus
375 2373 490 2407 verbis
509 2374 696 2409 Palaemon
716 2376 760 2410 ad
775 2384 958 2422 utrumque
980 2385 1139 2422 paratum
1158 2391 1234 2412 esse
1252 2378 1363 2422 iubet,
1383 2378 1580 2425 quicunque
1599 2391 1737 2413 amores

225 2426 370 2459 tractem
399 2432 477 2454 nam
501 2446 522 2462 ,‚
536 2421 714 2465 Vinceris,
740 2430 800 2456 aut
821 2424 950 2465 vincis3
975 2424 1065 2459 haec
1092 2425 1128 2458 in
1145 2437 1263 2459 amore
1280 2434 1360 2460 rota
1381 2428 1469 2460 est.“
1493 2427 1661 2471 Propert.
1692 2428 1737 2472 11,

225 2467 260 2508 8,
284 2467 315 2501 8.
363 2466 465 2500 Haud
483 2468 607 2501 metuit
625 2481 759 2503 amores
773 2496 782 2513 ,
809 2471 868 2516 qui
885 2483 946 2505 eos
966 2483 1037 2505 non
1054 2472 1163 2517 fugit,
1187 2484 1260 2506 non
1283 2472 1436 2517 spernit3
1461 2485 1551 2519 quae
1579 2485 1651 2507 non
1677 2472 1737 2507 in?-

223 2513 389 2558 frequens
415 2520 467 2546 est
485 2514 585 2548 huius
610 2516 709 2550 verbi
727 2517 955 2562 significati03
981 2519 1044 2553 Ge.
1063 2521 1090 2562 I,
1113 2517 1215 2556 246.:
1241 2520 1369 2562 „Arcti
1391 2526 1652 2554 metuentes
1672 2533 1738 2554 ae-
1764 2537 1768 2542 -

224 2571 334 2605 quore
352 2560 500 2605 tingui.“
524 2565 616 2606 Apte
627 2570 741 2597 autem
761 2565 875 2609 tangit
896 2565 1035 2599 diversa
1054 2566 1180 2600 horum
1198 2573 1379 2612 pastorum
1390 2566 1427 2600 in
1439 2578 1558 2601 amore
1575 2567 1670 2608 fata3
1691 2568 1736 2602 cf.

223 2617 274 2640 vs.
285 2607 341 2642 76.
352 2619 430 2652 sqq.
444 2609 500 2643 80.
511 2621 587 2653 sqq.
599 2611 676 2645 101.
689 2611 765 2646 107.
791 2613 915 2657 Neque
932 2612 994 2646 illa
1001 2617 1050 2646 Et
1060 2614 1179 2647 vitula
1198 2622 1239 2648 tu
1258 2614 1406 2660 dignus,
1418 2622 1455 2647 et
1471 2614 1531 2647 hic
1546 2614 1737 2660 quidquam

223 2652 358 2687 habent
381 2653 604 2698 offensionis,
628 2663 667 2689 ut
692 2656 767 2691 visa
793 2665 873 2691 sunt
894 2659 1055 2705 Heyni03
1087 2661 1132 2694 cf.
1148 2667 1223 2694 not.
1243 2673 1355 2695 meam
1383 2661 1430 2695 ad
1450 2673 1501 2695 vs.
1521 2659 1580 2697 49.
1615 2667 1652 2694 et
1676 2660 1736 2698 54.

284 2738 378 2777 111.
412 2737 594 2775 Claudite
611 2740 697 2777 iam
711 2742 828 2778 rivos.
865 2742 948 2780 Ex·
1005 2743 1198 2783 Damoeta
1210 2743 1359 2783 arbiter
1368 2743 1603 2794 advocatus,
1612 2758 1736 2795 nune,

223 2793 298 2832 isse
325 2793 538 2833 Palaemon
566 2795 868 2848 intelligendus,
898 2806 947 2838 ut
1004 2801 1120 2840 finito
1149 2802 1380 2852 certamine,
1411 2802 1464 2840 ad
1483 2815 1622 2842 servos
1642 2816 1736 2841 suos

224 2851 347 2891 servis
367 2851 448 2891 suis
475 2852 713 2905 imperaret,
758 2862 807 2893 ut
837 2856 946 2895 rivos
1006 2859 1157 2897 iterum
1189 2873 1231 2898 se
1260 2859 1475 2899 convertit.
1503 2859 1587 2899 vid.
1620 2861 1736 2900 Serv.

223 2921 294 2948 seu
322 2909 478 2948 mnales
510 2910 562 2948 ad
591 2910 794 2963 irriganda
828 2921 946 2965 prata
1004 2922 1044 2954 ct
1061 2917 1198 2957 Burm.
1232 2918 1336 2957 conf.
1368 2918 1558 2971 calpurn.
1589 2917 1635 2968 II,
1667 2920 1735 2961 96.

224 2966 445 3020 aperirent3
474 2968 627 3008 interea
652 2982 674 3006 a
703 2968 882 3009 Menalca
905 2979 945 3010 et
1004 2975 1071 3015 97.
