1734 3320
162 213 266 264 530

495 214 550 264 P.
587 213 954 264 VIRGILII
989 214 1372 267 MARONIS

163 341 491 402 ConcUSSUS‚
529 338 797 406 silvaeque
821 348 874 389 et
900 339 1022 388 sicci
1043 340 1158 406 ripa
1175 340 1416 406 Tanagri.

159 413 278 460 Hoc
301 409 582 477 quondam
606 419 853 459 monstro
878 409 1152 459 horribilis
1179 411 1414 460 exercuit
1435 412 1536 462 iras

159 480 407 531 Inachiae
431 483 570 530 Iuno
591 489 808 548 pestem·
829 480 1085 530 meditata
1110 481 1381 533 iuvencae.

159 554 318 601 Hunc
338 568 584 618 quoque,
623 568 750 600 nam
773 550 969 600 mediis
992 549 1297 601 fervoribus
1325 553 1498 601 acrior
1516 552 1688 615 instat,

158 621 379 672 Arcebis
401 620 620 685 gravido
643 621 851 688 pecori,
891 629 1242 688 armentaque
1264 639 1450 688 pasces

1591 626 1689 677 155

161 691 288 741 Sole
310 708 500 741 recens
524 701 643 741 orto
658 732 671 755 ,
710 700 799 740 aut
820 700 1042 740 noctem
1065 690 1387 742 ducentibus
1412 693 1574 744 astris,

228 765 358 812 Post
377 771 592 829 partum
615 777 738 810 cura
759 761 814 810 in
832 761 1028 811 vitulos
1055 761 1352 812 traducitur
1373 764 1576 826 omnis;

160 833 550 899 Continuoque
575 839 730 881 notas
754 841 807 882 et
820 832 1043 881 nomina
1061 832 1234 897 gentis
1256 833 1494 899 inurunt,

206 962 271 998 151
303 961 465 995 Tanacri
483 961 606 1005 fragm.
628 961 746 995 Vatic.

155 1151 278 1195 fragm.
309 1151 426 1184 Vatic.

846 962 926 998 152.
953 962 1021 998 153
1041 962 1191 996 aberant
1209 964 1340 997 Moret.
1372 969 1486 1009 quart.
1512 961 1687 1009 (horribi-

156 1010 204 1050 li,
229 1009 294 1042 sed
310 1021 417 1055 supra
439 1008 571 1054 scripta
587 1021 627 1050 s,
651 1009 782 1043 Medic.
815 1009 911 1054 Wr.)

156 1059 238 1091 Hoc
254 1056 355 1089 Leid.
375 1062 459 1089 tert.
511 1057 621 1090 Hanc
642 1056 779 1090 Zulich.
813 1058 959 1091 instant
975 1057 1075 1090 Leid.
1097 1069 1151 1102 pr.
1171 1069 1190 1090 a
1211 1070 1255 1091 m.
1274 1071 1327 1104 pr.

153 1105 281 1151 pecori
296 1103 422 1136 inserit
439 1103 567 1136 Medic.
587 1115 607 1136 a
633 1116 678 1137 m.
711 1116 781 1137 sec.
816 1106 957 1148 Menag.
983 1116 1037 1149 pr.
1072 1111 1223 1149 uterque
1245 1105 1382 1147 Mead.‚
1412 1105 1517 1140 male.

524 1150 592 1186 156
619 1152 762 1185 austris
785 1151 988 1196 Cantabrig.
1021 1158 1056 1185 et
1084 1151 1164 1184 edd.
1190 1159 1278 1186 vett.

1009 1010 1078 1045 153
1099 1018 1227 1057 pestes
1246 1011 1371 1056 fragm.
1392 1012 1522 1046 Moret.
1620 1009 1688 1046 154

1425 1058 1492 1094 155
1519 1071 1588 1105 que
1603 1065 1688 1103 post

1563 1118 1688 1152 paSCIS

1375 1153 1443 1189 157
1476 1154 1516 1187 in
1546 1153 1688 1187 vitulos

157 1211 249 1231 cura
267 1205 347 1231 ante
365 1197 521 1232 Pieriurn
540 1197 685 1243 legitur.
735 1199 933 1232 deducitur
953 1199 1105 1244 Oblong.
1125 1199 1244 1233 Pierii.

151 1319 201 1355 νί.
250 1319 316 1357 W
315 1315 408 1372 elz.)
481 1317 575 1360 150.
622 1317 885 1372 Dzffitgiunt,

152 1375 256 1414 conf.
269 1376 401 1415 valer.
414 1375 546 1414 Flacc.
566 1375 631 1426 ΠΙ,
645 1376 888 1419 581—585.

151 1434 356 1486 Ingeniose
394 1434 674 1487 suspicabatur
706 1435 888 1487 Bottiger

151 1492 198 1532 V.
211 1493 251 1532 C.
275 1491 334 1547 (in
346 1494 452 1532 Kurt
473 1493 689 1545 Sprengels
710 1494 888 1545 Beytrei'-

146 1564 230 1602 gen
266 1566 340 1589 zur
376 1551 615 1589 Gesclziclzte
646 1551 687 1589 d.
723 1551 882 1590 Medic.

149 1609 195 1647 II.
215 1610 273 1648 St.
294 1623 333 1661 p.
354 1607 427 1662 28)
447 1622 467 1646 e
488 1610 578 1649 loco
599 1609 724 1662 Longi
747 1616 788 1649 et
804 1610 887 1650 Va-

147 1666 237 1706 lerii
265 1667 399 1705 Flacci
428 1668 494 1717 ΙΙΙ,
526 1668 595 1711 56.
628 1674 887 1707 consternata

146 1738 220 1777 per
240 1725 356 1764 asilos
375 1732 556 1764 armenta
572 1726 709 1765 locum
731 1725 887 1765 dedisse

149 1783 329 1835 opinioni
355 1783 404 1821 de
423 1790 580 1823 terrore
600 1785 748 1823 Panico
777 1791 815 1823 et
836 1785 887 1823 de

146 1841 264 1879 Panis
287 1842 485 1880 terriculis
510 1842 644 1881 medio
681 1843 757 1882 die.
774 1843 889 1895 furit

147 1899 308 1949 aether,
341 1906 507 1938 resonat
530 1914 789 1953 repercussus
817 1902 886 1940 fu-

146 1965 312 1996 rentum
361 1959 532 2011 mugitu,
599 1958 734 1998 Alias:
785 1959 885 1999 furit

144 2015 322 2067 mugitus
337 2029 409 2069 per
430 2016 646 2056 aetherem.
680 2015 800 2071 (Usus
819 2018 885 2056 di-

146 2074 262 2112 cendi
286 2074 475 2115 Graecus.
493 2074 636 2115 Aesch.
657 2077 766 2128 Sept,
788 2075 883 2118 141.

146 2132 434 2185 δορυτίνακτος
477 2130 520 2175 δ’
555 2131 686 2188 αἰθήρ
715 2133 884 2188 ἐπιμαί-

144 2205 268 2231 νεται.
303 2193 369 2230 W
368 2190 450 2245 ch.)
514 2192 609 2235 151.
641 2194 771 2231 siccus
796 2194 883 2231 Ta-

144 2262 295 2300 nager,
331 2255 445 2288 aestu
466 2250 559 2288 solis
579 2250 817 2300 exsiccatus,
837 2250 882 2290 in

144 2306 318 2345 eundem
356 2308 530 2346 Silarum
570 2308 751 2347 defluens
790 2315 884 2348 tor-

142 2377 248 2404 rens.
307 2364 372 2403 Sic
401 2363 525 2419 ξηρός
564 2363 768 2421 Κράστις,
808 2381 884 2407 ve-

142 2422 229 2461 rius
246 2425 426 2476 Κρᾶθις,
450 2423 560 2476 apud
575 2425 728 2464 Herod.
749 2426 795 2476 V,
806 2424 875 2476 45,

143 2480 215 2519 ubi
245 2481 349 2520 conf.
382 2482 544 2522 Wessel.
607 2483 762 2522 Habuit
801 2497 878 2522 au·-

143 2544 228 2576 tem
256 2545 376 2591 poeta
414 2546 507 2578 ante
542 2541 679 2580 oculos
711 2542 876 2581 Homer.

143 2596 290 2648 odyss.
321 2612 366 2649 χ,
397 2600 480 2640 300
513 2611 570 2650 sq.
622 2598 810 2652 Apollon.
837 2600 875 2651 Ι,

145 2654 255 2697 1265
274 2667 358 2706 sqq.

202 2712 296 2755 152.
326 2714 422 2751 Hoc
442 2722 630 2763 monstro,
664 2713 744 2753 hoc
763 2714 874 2765 asilo,

142 2783 260 2822 quem
277 2770 463 2821 immisit,
494 2772 714 2810 Inachiam
735 2774 877 2811 iuuen-

94 2835 98 2838 ⁴
141 2843 248 2878 cam,
283 2828 349 2879 Io,
380 2828 518 2868 Inachi
538 2829 685 2880 filiam,
715 2831 757 2868 in
775 2844 875 2869 vac-

141 2900 229 2924 cam
252 2893 474 2938 mutatam,
514 2887 556 2926 in
574 2888 753 2927 furorem
773 2902 873 2926 con-

139 2944 230 2983 iecit
256 2946 370 2984 Iuno.
432 2945 528 2989 153.
551 2955 705 2997 pestem
740 2947 871 2984 medi-

140 3011 253 3053 tata,
285 3016 406 3055 grave
434 3003 585 3043 malum
611 3005 868 3057 excogitavit.

951 1319 1046 1362 154.
1078 1318 1223 1358 mediis
1244 1318 1500 1372 fervoribus,
1549 1318 1685 1357 medio

949 1377 1040 1428 die;
1073 1383 1116 1415 at
1142 1375 1246 1416 illud
1272 1377 1467 1416 ornatius.
1527 1377 1593 1416 Sic
1614 1378 1683 1417 ins.

947 1450 987 1475 v.
1011 1438 1093 1478 331
1132 1435 1277 1473 mediis
1306 1435 1494 1474 aestibus.
1537 1435 1586 1474 de
1605 1435 1684 1475 hoc

948 1494 1055 1533 enim
1076 1508 1156 1533 usu
1181 1493 1362 1532 dubitari
1386 1493 1547 1546 nequit3
1578 1495 1682 1533 conf.

947 1567 1034 1606 sup.
1052 1551 1105 1590 ad
1120 1553 1151 1603 I,
1164 1555 1261 1594 297.
1274 1554 1372 1594 298.
1396 1554 1529 1591 acrior
1546 1554 1683 1603 instat,

946 1611 1102 1650 saevius
1126 1616 1262 1650 vexat.
1328 1610 1421 1653 155.
1440 1610 1683 1663 arcebis-pe-

946 1671 1030 1708 cori
1062 1669 1300 1721 exquisitius
1320 1698 1331 1717 ‚
1377 1682 1499 1720 quam
1529 1683 1620 1708 arce
1654 1683 1683 1708 a

941 1742 1099 1780 pecore.
1143 1727 1264 1766 docet
1301 1727 1523 1766 Burmann.
1586 1727 1681 1771 156.

946 1794 1058 1824 astra
1077 1785 1229 1824 ducunt
1249 1794 1419 1835 noctem,
1449 1799 1551 1838 quae
1568 1786 1616 1825 iis
1639 1786 1682 1824 in

947 1850 1208 1896 conspectum
1243 1843 1500 1883 venientibus
1541 1857 1682 1884 succe-

945 1901 1018 1941 dit.
1077 1901 1184 1940 Alias
1203 1904 1398 1952 nocten1‚'
1419 1903 1567 1941 Noc-tis
1586 1917 1681 1941 eur-

942 1974 1034 1998 rum
1051 1962 1166 2014 sequi
1195 1960 1391 1999 dicuntur
1412 1961 1559 1999 sidera.
1594 1961 1678 2001 vid.

943 2018 1088 2057 Tibull.
1110 2018 1158 2068 ΙΙ,
1185 2021 1222 2068 1,
1246 2021 1316 2060 87.

1003 2077 1166 2119 157-—
1196 2078 1291 2119 178.
1348 2075 1385 2115 A
1422 2076 1599 2129 gravidis
1636 2082 1680 2116 et

942 2134 1069 2173 enixis
1106 2135 1305 2174 matribus
1336 2149 1434 2174 cura
1467 2134 1519 2173 ad
1545 2135 1678 2188 pullos
1732 2185 1734 2191 .

941 2199 982 2231 et
1013 2193 1164 2232 vitulos
1191 2193 1451 2232 transfertur.
1511 2193 1673 2233 Oratio-

940 2264 1033 2290 nem
1054 2257 1104 2290 ut
1125 2251 1288 2290 definite
1307 2251 1513 2290 instituat:
1541 2252 1675 2305 primo

940 2315 1105 2348 tantum
1164 2309 1214 2348 de
1264 2310 1407 2349 vitulis
1462 2316 1674 2350 memorat.

944 2369 1039 2410 158.
1059 2376 1176 2406 nolas
1196 2377 1232 2406 et
1249 2370 1415 2407 nomina
1431 2370 1567 2420 gentis
1585 2370 1674 2407 inu-

941 2435 1033 2464 runt
1048 2456 1058 2475 ‚
1093 2427 1149 2464 Et
1177 2441 1287 2478 quos,
1346 2426 1489 2465 Priora
1519 2427 1673 2466 nullam

933 2483 1086 2523 habent
1115 2484 1384 2524 offensionem.
1416 2486 1569 2523 inurere
1596 2499 1672 2523 no-

934 2550 998 2580 tas
1020 2543 1198 2580 sollenne
1218 2548 1298 2592 est3
1333 2548 1374 2581 et
1401 2549 1572 2594 possunt
1594 2558 1672 2581 no-

934 2608 1000 2638 tae
1029 2608 1066 2637 et
1092 2602 1259 2638 nomina
1283 2602 1418 2652 gentis
1454 2601 1563 2654 dicta
1588 2614 1672 2640 esse

934 2658 1176 2710 explicative
1187 2688 1198 2708 ‚
1228 2664 1277 2697 ut
1296 2658 1379 2697 sint
1398 2661 1565 2698 nomina
1582 2659 1670 2712 ipsa

934 2724 1045 2754 nola.
1108 2716 1241 2754 Etiam
1270 2716 1370 2755 Aen.
1400 2716 1466 2767 ΠΙ,
1486 2716 1572 2761 444
1588 2718 1669 2770 fo-

934 2774 1078 2825 liisque
1100 2783 1217 2813 notas
1237 2783 1274 2813 et
1290 2777 1458 2813 nomina
1484 2775 1667 2815 mandat.

935 2831 983 2869 Et
1012 2832 1202 2884 Calpurn.
1234 2833 1288 2882 V,
1308 2832 1364 2875 84
1402 2835 1668 2884 impressuras

932 2890 1001 2927 ovi
1022 2897 1095 2928 tua
1124 2893 1305 2929 nomina.
1376 2890 1534 2930 Liceret
1571 2891 1667 2930 alias

927 2953 1072 3000 poetae
1110 2962 1270 3002 quoque
1309 2949 1462 2999 dicere,
1511 2952 1665 2988 inurere

927 3020 1042 3044 ovem
1058 3015 1169 3046 nota.
1218 3006 1274 3047 At
1295 3007 1506 3059 quaeritur
1530 3007 1580 3046 de
1600 3007 1662 3046 al-
