1734 3320
1 1207 6 1210 ·
59 1194 159 1229 siano
178 1193 317 1229 laudari
334 1200 440 1228 notat
454 1191 604 1227 Pierius.

302 195 791 258 GEORGriGON
826 195 970 246 LIB.
1005 195 1078 258 11,
1116 199 1338 247 87—97

1483 200 1587 249 409

59 306 548 392 Temnum-pedes
572 322 732 386 olim,
768 322 1122 388 vincturaque
1146 319 1411 385 linguam3

56 401 370 465 Purpureae
391 435 406 460 ‚
460 393 787 462 preciaeque
809 416 823 454 3

881 399 936 441 et
977 406 1088 458 quo
1129 398 1185 440 te
1229 392 1465 441 carmine
1506 391 1588 441 di-

849 477 983 524 cam,
1517 464 1586 514 95

56 535 366 589 Rhaeticaa
382 550 487 584 nec
511 531 660 583 cellis
680 531 807 582 ideo
831 529 1105 581 contende
1123 529 1375 582 Falernis,

60 608 200 658 Sunt
228 614 283 656 et
298 604 590 656 Aminaeae
617 603 779 668 vites,
816 599 1125 651 firmissima
1149 600 1287 664 vina,

127 705 210 754 97.
244 712 398 757 VINA3

103 817 153 855 94
173 818 352 855 iunctura
373 816 464 851 Gud.
482 816 626 860 Menag.
646 821 806 860 uterque,
831 818 869 847 et
887 811 974 847 edit.
995 813 1131 846 Iuntae.

1203 811 1251 848 95
1271 812 1454 859 praeciae,
1470 824 1591 867 prae-

58 866 139 900 cine
163 864 247 911 (hoc
266 863 305 898 in
321 863 450 898 Medic.
480 863 579 907 Wr.)
593 889 602 906 ,
621 863 770 909 pretiae
791 859 969 895 scribitur.
1020 861 1144 905 (‚,Pro
1166 857 1330 904 πέρκνος
1350 859 1440 893 alios
1457 859 1590 893 dulsse

56 909 221 957 πρέκνος
239 911 348 946 docet
366 910 583 956 Hesychius:
615 906 799 954 πρέκνος,
829 904 1098 952 μελανόχρους.
1145 906 1238 941 Hinc
1262 907 1417 940 fortasse
1440 908 1590 953 preciae

60 972 158 994 uvae
175 958 331 1006 explices
348 970 408 1004 ap.
428 957 584 1002 Virgil.“

629 957 727 990 Haec
746 954 902 988 Meinek.
922 954 969 988 ad
987 954 1207 999 Euphorion.
1225 954 1386 998 fragmm.
1398 965 1487 1008 pag.
1505 953 1589 1007 ‘149.

64 1006 161 1049 Wr.)
204 1018 344 1054 praeco
372 1017 468 1052 quae
489 1017 561 1051 que
579 1004 615 1037 in
635 1003 802 1037 nette-nd.
828 1014 899 1035 sec.
922 1014 942 1035 a
963 1014 1009 1035 m.
1036 1013 1108 1035 sec.
1156 1014 1228 1048 quo
1246 1010 1284 1034 te
1304 1013 1451 1035 nomme
1471 1001 1589 1035 dicam

58 1053 156 1099 apud
174 1056 343 1088 Senecam
363 1051 530 1086 laudatur
549 1052 633 1085 Nat.
652 1052 795 1093 Quaest.
811 1051 837 1091 1,
860 1060 938 1094 cap.
960 1051 1015 1084 11.

1110 1049 1159 1084 96
1182 1048 1322 1082 ΒειΙιία
1340 1048 1509 1081 Rottend.
1541 1061 1590 1082 ne

58 1101 166 1136 cellis
185 1099 288 1135 multi
313 1101 369 1146 ap.
392 1100 509 1132 Bnrm.
558 1100 642 1143 (nec
665 1103 766 1131 recte
789 1103 908 1130 tuetur
929 1095 1119 1131 Wunderl.
1142 1095 1226 1129 obs.
1252 1095 1299 1128 ad
1320 1094 1403 1129 Tib.
1420 1096 1450 1137 1,
1473 1096 1509 1138 2,
1529 1095 1588 1131 37.

58 1147 154 1183 had.
171 1147 217 1182 ab
233 1147 335 1181 Iahu.
364 1144 461 1190 Wr.)
508 1158 578 1180 nec
596 1145 701 1178 cellis
717 1144 814 1178 adeo
838 1143 876 1176 in
904 1142 1083 1177 nonnullis
1102 1141 1256 1189 antiquis
1280 1141 1356 1187 legi
1378 1147 1416 1175 et
1430 1141 1476 1175 ab
1494 1145 1589 1176 Aru-

696 1192 744 1227 97
767 1192 807 1224 In
826 1191 1030 1224 Aminaeae
1046 1196 1086 1224 et
1107 1190 1287 1235 scriptura
1312 1196 1347 1223 et
1374 1188 1591 1235 syllabarum

60 1241 238 1288 quantitas
254 1240 386 1284 variat,
411 1246 449 1274 et
471 1239 663 1274 secundum
678 1237 776 1272 illam
793 1237 852 1271 vel
871 1239 970 1272 Sunt
994 1245 1053 1279 et,
1086 1237 1144 1270 vel
1166 1240 1265 1272 Sunt
1280 1238 1391 1270 etiam
1410 1236 1589 1270 scribitur.

58 1290 101 1323 In
116 1289 248 1324 Medic.
266 1290 366 1323 Sunt
386 1295 425 1321 et
438 1288 664 1326 Aminneae;
700 1285 769 1330 (sic
793 1297 852 1330 ap.
869 1284 1038 1330 Foggin.;
1071 1284 1236 1318 Heinsius
1264 1295 1306 1317 ex
1336 1283 1463 1317 eodem
1484 1283 1590 1317 affert

59 1338 159 1371 Sum
184 1337 293 1370 etiam
322 1338 387 1376 A.;
420 1335 486 1368 sed
516 1333 646 1367 rectius
666 1332 800 1367 vidisse
821 1331 1053 1378 Foggiuium,
1089 1331 1211 1366 scribit
1231 1330 1460 1376 Freytagius.'
1488 1331 1587 1376 Wr.)

59 1395 131 1430 quo
152 1382 213 1419 alii
239 1381 347 1417 variis
373 1381 490 1415 modis
508 1380 682 1414 alludunt.
729 1382 769 1413 In
786 1379 866 1414 Ald.
884 1391 939 1424 pr.
961 1386 1038 1413 erat
1059 1381 1159 1413 Sunt
1175 1387 1212 1412 et
1226 1381 1436 1423 Amyneae,
1458 1377 1497 1411 in
1516 1390 1587 1412 sec.

60 1433 160 1466 Sunt
179 1438 219 1465 et
237 1433 464 1474 Amynaeae.
511 1427 672 1462 Correxit
691 1428 848 1472 Nauger.
876 1426 912 1460 in
936 1432 1021 1460 tert.
1045 1428 1145 1461 Sunt
1167 1434 1205 1460 et
1222 1426 1447 1468 Aminaeae,
1481 1425 1589 1459 docte

58 1477 192 1524 utique.
213 1478 337 1523 Egnat.
355 1478 572 1512 Aminneae.
594 1474 729 1509 Primus
747 1473 976 1520 interpolavit
987 1473 1128 1508 Paullus
1140 1472 1335 1507 Manutius:
1361 1474 1460 1506 Sunt
1478 1474 1589 1507 etiam

59 1585 165 1624 Eum
190 1583 343 1623 Gallica
376 1583 474 1623 vina
496 1582 699 1635 ignorasse
714 1595 794 1620 no-

59 1648 125 1684 tai.
150 1642 253 1683 Plin.
280 1641 391 1690 XIV,
418 1656 449 1680 s.
477 1643 518 1684 3.
548 1646 591 1679 et
626 1654 657 1679 s.
684 1638 735 1690 4,
765 1642 794 1681 7

59 1703 186 1741 Dixit
201 1702 247 1742 V
242 1701 405 1752 argutus
424 1699 616 1748 Thasius,
641 1706 678 1736 et
685 1700 795 1737 Ma-

59 1759 235 1798 maridas
255 1766 294 1797 et
309 1760 482 1811 Lageas
499 1787 511 1807 ,
544 1756 794 1808 complures-

58 1831 138 1871 que
162 1825 370 1865 extemas3
412 1824 519 1868 quae
536 1829 618 1854 non
641 1815 795 1865 reperi-

60 1883 186 1914 untur
209 1877 252 1913 in
281 1875 427 1913 Italia.
490 1875 561 1916 91.
594 1873 796 1911 Mareoti-

59 1947 153 1972 cum
175 1935 318 1972 vinum
336 1937 480 1971 notum
500 1930 569 1970 vel
581 1943 635 1969 ex
648 1930 795 1969 Horat.

60 1991 192 2030 Carm-
213 1990 244 2040 1,
264 1992 336 2039 37¹,
365 1989 420 2032 14
438 2003 463 2028 a
478 1988 578 2028 locis
599 1988 706 2027 circa
730 1988 796 2027 la-

61 2063 155 2088 cum
178 2048 446 2088 Mareoticum
473 2060 596 2100 super
614 2046 796 2085 Alexan-

62 2107 214 2147 driam:
263 2106 348 2145 vid.
376 2104 578 2144 Borrichii
626 2105 796 2143 Hermes

64 2164 136 2206 c.4
148 2180 160 2216 ;
190 2177 303 2204 nunc
327 2163 505 2202 deterius
523 2162 640 2212 illud,
662 2176 797 2215 quon-

59 2223 141 2262 iam
166 2221 349 2271 Arabum
374 2220 590 2260 latrocinia
621 2220 797 2259 maturi-

60 2287 190 2320 tatem
204 2277 382 2320 uvaru'm
397 2279 678 2332 intercipiunt.
726 2281 795 2320 93.

68 2341 117 2380 V
109 2341 226 2383 inum
246 2352 422 2390 passum
453 2350 505 2376 ex
531 2336 623 2376 uvis
655 2337 795 2389 passis,

62 2411 86 2436 a
98 2395 330 2451 pandendo,
358 2395 400 2435 h.
418 2395 462 2434 in
481 2395 564 2435 sole
579 2395 717 2442 coctis,
746 2399 798 2433 ut

62 2460 357 2495 exarescerent.
392 2453 565 2493 Modum
575 2453 794 2493 conficien-

64 2513 107 2552 di
130 2513 216 2553 vid.
248 2512 359 2566 apud
395 2512 550 2551 Colum.
589 2512 689 2562 XII,
726 2513 795 2552 39.

63 2572 241 2612 Psithia
258 2570 354 2610 vifis
366 2601 378 2621 ,
409 2571 534 2622 lagea
548 2600 560 2619 ,
605 2583 709 2622 quae
730 2569 796 2607 fa-

64 2630 139 2669 cile
156 2629 342 2679 inebriat,
366 2642 578 2680 purpurea
601 2635 643 2666 et
651 2629 796 2680 precia

62 2687 159 2727 vitis
179 2687 289 2739 apud
301 2686 404 2727 Plin.
421 2686 529 2736 XIV,
552 2689 594 2736 2,
611 2701 644 2724 S.
658 2685 794 2738 4sqq.,

64 2751 107 2784 et
124 2745 278 2783 colum.
296 2744 364 2794 ΠΙ,
376 2747 404 2786 2
417 2758 502 2796 sqq.
515 2744 709 2783 videnda.
738 2744 797 2781 De

64 2802 275 2842 nominum
295 2802 443 2841 caussis
468 2802 553 2841 vid.
572 2803 666 2842 Var.
687 2803 796 2840 Lect.

64 2862 198 2913 lageos
214 2861 367 2909 tenuis,
398 2860 563 2911 exiguos
588 2875 637 2899 ac
655 2866 796 2900 tenues

63 2917 292 2959 racemulos
321 2923 361 2954 et
388 2912 491 2955 uvas
522 2916 687 2958 habens.
718 2919 797 2972 (te—

64 2979 157 3016 nuis
174 2974 341 3015 Servius
354 2974 670 3028 interpretatur:
698 2989 799 3029 „pe-

851 1581 1059 1620 netrabilis
1078 1611 1090 1632 ,
1130 1593 1234 1633 quae
1267 1580 1350 1619 cito
1380 1579 1590 1619 descendit

851 1639 895 1678 iu
917 1642 1097 1690 venas;“
1126 1639 1250 1691 idque
1271 1638 1455 1690 sequitur
1474 1638 1587 1678 voss.

857 1699 930 1738 W
922 1695 988 1752 r.)
1028 1697 1126 1736 olim
1149 1727 1160 1747 ‚
1205 1710 1333 1750 quum
1369 1696 1587 1749 aliquando

852 1756 994 1795 vinum
1028 1769 1081 1795 ex
1105 1769 1152 1794 ea
1189 1768 1425 1808 expressum
1451 1755 1588 1794 suerit.

851 1814 992 1854 Burm.
1061 1814 1131 1857 95.
1162 1816 1231 1856 96.
1260 1813 1363 1852 Plin.
1401 1813 1516 1864 XIV,
1546 1816 1588 1863 6,

853 1886 884 1911 s.
915 1874 956 1922 8,
978 1871 1006 1915 5
1048 1873 1103 1910 In
1133 1872 1356 1911 Veronensi
1382 1871 1590 1911 Rhaetica

852 1933 952 1970 vina
965 1960 978 1981 ,
1011 1930 1199 1968 Falernis
1227 1938 1387 1968 tantum
1410 1930 1588 1982 postha-

852 1988 939 2028 hita
971 2003 1000 2027 a
1027 1989 1222 2040 Virgilio.
1284 1987 1429 2027 Melior
1453 1987 1588 2028 inter-

852 2045 1029 2100 pretatio
1042 2076 1053 2095 ‚
1094 2060 1218 2098 quam
1251 2059 1355 2097 quae
1383 2060 1408 2084 a
1437 2047 1588 2085 Seneca

852 2105 896 2143 in
928 2104 1109 2144 medium
1138 2104 1307 2143 affertur
1330 2104 1423 2143 Nat.
1454 2104 1536 2153 Qu„
1554 2105 1587 2155 1,

856 2165 923 2203 11.
942 2162 1185 2201 Laudantm·
1202 2161 1325 2201 etiam
1346 2176 1371 2200 a
1385 2163 1588 2201 Strabone

851 2220 924 2259 lib.
953 2221 1020 2269 IV,
1051 2234 1141 2273 pag.
1161 2223 1260 2262 206.
1298 2222 1465 2260 Sueton.
1485 2220 1586 2274 Aug.

853 2292 941 2331 cap.
976 2281 1033 2321 77
1075 2281 1256 2317 maxime
1282 2278 1500 2318 delectame-
1531 2287 1589 2318 est

853 2337 1066 2375 Rhaetica
1098 2336 1203 2375 adde
1232 2336 1335 2376 Plin.
1367 2337 1477 2387 XIV,
1507 2352 1538 2377 s.
1559 2340 1587 2379 3

852 2396 960 2433 ,Ante
989 2409 1082 2432 eum
1108 2392 1348 2449 (Tiberium)
1375 2396 1588 2434 Rhaeticis

844 2455 964 2505 prior
986 2466 1126 2491 mensa
1142 2461 1252 2501 erat;
1284 2459 1326 2492 et
1343 2455 1435 2491 uvis
1458 2455 1506 2493 V
1499 2469 1588 2493 em-

853 2513 1038 2549 nensium
1063 2525 1181 2563 agro.
1209 2511 1294 2550 vid.
1318 2511 1480 2550 Martia.
1499 2511 1542 2550 h.
1558 2512 1586 2550 l.

854 2572 923 2611 96.
953 2569 1186 2608 Variatione
1210 2583 1321 2608 nova
1348 2569 1459 2608 dicta
1486 2569 1588 2608 haec

852 2641 928 2680 pro
960 2627 1137 2679 vulgari:
1187 2633 1230 2666 at
1271 2626 1468 2666 Rhaetica
1504 2642 1587 2666 uva

854 2685 964 2723 omni
988 2685 1111 2724 laude
1135 2685 1265 2724 maior
1291 2692 1352 2724 est
1369 2702 1386 2737 :v
1426 2686 1586 2724 tametsi

852 2743 1019 2782 inferius
1056 2746 1109 2783 sit
1156 2744 1301 2784 vinum
1343 2743 1586 2782 Rhaeticum

852 2802 1038 2840 Falerno.

911 2863 980 2902 97.
1011 2861 1079 2902 98.
1130 2861 1286 2899 Vinum
1317 2860 1581 2906 Aminaeum,

856 2918 982 2968 cuius,
1005 2924 1054 2956 ut
1073 2918 1265 2956 vinorum
1289 2915 1498 2954 celebritas
1508 2929 1585 2967 pa—

854 2989 948 3015 rum
980 2982 1171 3014 constans
1196 2988 1245 3012 ac
1282 2973 1477 3013 diuturna
1502 2985 1585 3011 esse
