1734 3320
251 184 746 257 GE'Qts-JCON
772 182 919 236 ΠΒ.
953 184 1003 247 1,
1039 184 1336 236 405-417
1453 191 1556 239 367

0 339 10 345 >⁷
29 317 180 366 Inter
200 330 260 364 se
279 314 336 364 in
361 311 505 364 foliis
531 312 837 379 strepitant3
873 311 1017 362 iuvat
1038 310 1303 361 imbribus
1326 313 1453 363 actis

28 382 356 450 Progeniem
378 398 597 451 parvam
625 381 905 449 dulcisque
931 382 1164 432 revisere
1188 380 1373 434 nidos:

28 453 189 505 Haud
213 453 471 522 equidem
496 452 687 517 credo,
725 453 848 520 quia
872 452 938 502 sit
964 452 1216 502 divinitus
1238 450 1337 500 illis

1 527 3 530 ’
29 524 343 592 Ingenium,
379 533 469 574 aut
486 540 673 575 rerum
694 521 806 574 fato
828 522 1114 590 prudentia
1136 521 1333 573 maior:

29 598 264 660 Verum,
298 594 395 645 ubi
414 603 704 662 tempestas
728 602 782 644 et
802 593 940 644 coeli
960 592 1176 643 mobilis
1195 590 1400 644 humor

100 679 219 729 413.
254 691 314 726 sn
349 691 525 727 roms
598 681 715 729 414.
751 691 926 728 moos

1455 455 1558 504 415

75 793 150 832 413
169 795 211 830 in
229 781 343 842 [οῘιῖε
365 794 497 829 Medic.
524 794 616 832 Gud,
644 807 707 828 sex
734 794 817 833 alii3
851 794 938 828 item
966 795 1160 836 Romanus,
1189 792 1320 827 Medic.
1346 791 1455 827 Pierii
1483 803 1562 825 cum

31 841 131 883 aliis3
162 840 228 876 nec
256 853 330 875 non
356 850 428 876 tres
454 842 549 888 apud
574 842 717 876 Martin.
765 841 893 889 (foliis
921 843 1124 889 strepitant
1147 839 1299 877 valeret:
1332 839 1437 874 motis
1463 837 1561 872 foliis

32 887 222 935 strepitum
250 889 423 930 excitant3
456 902 559 935 quam
588 889 857 936 explicationem
878 889 1016 935 respuit
1041 889 1099 922 vel
1124 888 1235 930 illud,
1271 887 1369 934 quod
1396 886 1562 921 adiicitur

31 938 133 972 inter
152 948 203 970 se.
250 937 375 983 ltaque
400 936 448 970 iu
468 936 604 970 foliis
633 937 847 981 strepitant,
871 936 895 970 i.
915 949 947 970 e.
973 936 1037 971 sub
1066 935 1274 977 arboribus,
1297 946 1367 981 quo
1388 942 1470 981 post
1490 933 1562 966 im-

31 983 133 1018 brem
148 983 354 1029 fteqnentes
370 983 594 1027 conveniunt,
618 984 693 1018 sive
712 984 837 1018 inter
859 983 989 1018 folia.
1026 985 1096 1018 Res
1116 983 1195 1028 ipsa
1210 982 1297 1016 satis
1318 988 1416 1016 nota.
1451 982 1562 1015 Prae-

31 1029 247 1078 positionem
270 1031 454 1067 revocavit
482 1031 587 1066 etiam
611 1031 765 1066 Iahnius.
806 1032 902 1075 W'r.)
951 1033 1154 1078 strepitant
1174 1029 1286 1077 foliis
1303 1030 1433 1063 Moret.
1461 1040 1561 1062 unus.

33 1077 220 1125 crepitant
236 1077 339 1113 Leid.
356 1078 464 1121 alter,
523 1079 594 1112 uod
614 1091 698 1113 sane
720 1087 756 1114 et
776 1078 891 1124 ipsum
909 1078 1060 1119 dicitur,
1093 1086 1131 1112 ut
1153 1089 1211 1123 ap.
1229 1076 1353 1111 Avien.
1372 1090 1408 1122 p.
1429 1077 1499 1112 122
1524 1075 1563 1108 iu

32 1124 100 1159 hac
117 1123 196 1170 ipsa
211 1136 264 1159 re.
340 1125 412 1162 414
436 1134 474 1159 et
519 1126 620 1160 alces
638 1128 802 1160 invisere
818 1127 846 1160 F
847 1138 942 1160 rane.
990 1134 1102 1160 natos
1119 1124 1267 1159 Vratisl.
1359 1124 1429 1159 415
1454 1122 1563 1157 Reis—

32 1171 111 1205 kius
139 1171 322 1217 eleganter
344 1172 437 1207 coni.
476 1173 592 1206 Haud
618 1174 798 1220 (equidem
827 1173 950 1217 credo)
981 1174 1068 1220 quia
1092 1173 1142 1206 sit
1168 1172 1334 1206 divinius
1352 1171 1428 1205 illis
1444 1171 1489 1204 In
1519 1183 1563 1204 e-

33 1220 155 1259 nium3
180 1225 218 1252 et
233 1218 394 1265 sequitur
413 1221 552 1260 maim-3
578 1232 665 1266 ergo
683 1227 720 1254 et
739 1221 913 1255 divinius.
947 1219 1064 1254 Facile
1082 1220 1200 1264 itaque
1222 1219 1430 1265 praeferam.
1516 1229 1562 1250 o-

33 1272 102 1299 rat.
120 1267 241 1309 Sat-1,
258 1266 294 1308 4,
310 1266 388 1303 43.:
421 1267 688 1312 „Ingenium
717 1267 773 1301 cui
799 1267 868 1307 sit.
903 1268 959 1301 cui
983 1279 1079 1300 mens
1107 1265 1353 1301 divinior-‚⁴⁴
1401 1265 1472 1299 Sed
1490 1264 1561 1306 vid,

32 1313 121 1347 Not.
151 1313 248 1357 lVr.)
280 1314 399 1349 Video
419 1315 457 1349 in
476 1314 571 1348 idem
589 1315 742 1349 bociam
762 1315 852 1349 alios
873 1315 967 1349 viros
985 1315 1112 1348 doctos
1134 1314 1301 1348 incidisse
1323 1313 1374 1358 (in
1397 1313 1495 1346 Hist.
1515 1311 1563 1345 de

34 1359 178 1394 I’Acad.
199 1360 264 1394 des
283 1362 459 1409 Inscript.
484 1363 587 1396 Tom.
608 1363 793 1404 XXXIV,
823 1374 859 1407 p.
883 1363 961 1398 168.
988 1361 1088 1405 169),
1121 1361 1227 1394 etiam
1245 1362 1296 1394 Io.
1317 1359 1562 1394 Schraderum.

35 1413 90 1440 est
108 1418 249 1453 quoque
267 1408 434 1443 divinius
450 1421 506 1454 ap.
523 1411 573 1443 Io.
595 1409 767 1444 Sarisber.
783 1410 827 1442 de
843 1409 956 1454 Nugis
975 1408 1104 1442 Curial.
1118 1410 1162 1451 11,
1182 1409 1218 1444 2.
1266 1411 1312 1442 At
1328 1407 1471 1442 wakef.
1492 1406 1563 1440 im,-

34 1453 167 1500 probat
182 1455 228 1488 ad
247 1454 389 1490 Lucret.
406 1458 448 1498 11,
469 1457 556 1498 180,
581 1456 663 1502 quia
680 1456 732 1490 ibi
759 1456 931 1491 occurrit:
968 1458 1051 1490 Hoc
1068 1476 1114 1480 —
1135 1457 1254 1490 ausim
1273 1455 1495 1499 confirmare
1516 1473 1560 1479 -

33 1513 267 1548 nequaquam
299 1501 405 1538 nobis
435 1504 619 1538 divinitus
643 1516 725 1538 esse
756 1512 920 1538 creatam
949 1512 1125 1537 naturam
1157 1503 1297 1536 mundi.

1345 1503 1398 1536 E'x
1426 1500 1563 1546 vulgari

33 1546 191 1582 lectione
208 1555 265 1583 est
283 1550 538 1596 supplendum:
563 1551 680 1584 Haud
693 1551 858 1597 equidem
876 1551 986 1585 credo
1003 1551 1074 1584 hoc
1092 1550 1141 1584 ita
1156 1549 1245 1593 fien‘,
1262 1550 1349 1599 quia
1366 1550 1427 1584 sit.
1490 1549 1563 1584 416

27 1593 138 1642 facto
156 1596 282 1631 Franc·
308 1596 400 1645 fato
421 1611 549 1632 terum
568 1597 665 1632 Toll.

36 1691 199 1733 coelo.
241 1693 313 1732 Ge.
337 1694 397 1744 11,
421 1693 538 1737 334:
569 1701 772 1744 „actum

36 1749 185 1789 eaelo
238 1752 494 1803 aquilonibus
539 1753 768 1792 imbrem.“

38 1807 143 1847 Add.
163 1809 234 1847 Ge.
250 1810 300 1860 Π,
324 1813 419 1854 130.
455 1810 608 1866 Wclz.)

93 1865 193 1910 415.
220 1868 326 1914 ‚Non
351 1868 433 1909 hoc
460 1883 528 1909 eos
554 1876 774 1922 propterea

36 1925 171 1964 facere
185 1925 319 1966 videri
339 1928 417 1978 ait,
447 1929 542 1980 quia
564 1929 643 1968 illis
662 1929 774 1966 divi-

36 1985 147 2022 nitus
165 1987 219 2023 sit
239 1987 450 2038 ingenium
464 2018 477 2036 ,
509 1986 551 2026 h.
569 2001 601 2026 e.
624 2001 675 2026 ex
691 1987 774 2039 Py-

36 2040 326 2094 thagoreorum
344 2075 356 2095 ‚
394 2045 696 2085 Platonicorum
726 2059 774 2084 ac

39 2100 271 2142 Stoicorum
290 2103 450 2155 placitis
475 2119 577 2156 pars
607 2105 772 2143 divinae

38 2161 183 2198 mentis
202 2168 239 2198 et
256 2160 428 2200 haustus
439 2162 618 2212 aetherii,
639 2168 687 2201 ut
704 2162 771 2212 IV,

38 2218 139 2259 219.
161 2220 259 2268 220,
277 2219 351 2258 ubi
369 2219 477 2270 vide,
507 2221 611 2259 conf.
634 2221 772 2259 Cicero

3 2320 14 2329 ἦ
41 2273 93 2312 de
117 2275 250 2318 Divin.
280 2277 309 2327 1,
338 2279 408 2328 49,
429 2293 460 2318 s·
485 2281 578 2321 110.
618 2279 673 2322 53
697 2293 774 2332 pr„

40 2340 115 2370 aut
130 2348 262 2373 remm
272 2336 495 2387 prudentia
514 2339 649 2375 maior
653 2337 771 2390 salo,

39 2387 83 2429 b.
110 2405 233 2444 quam
258 2393 413 2445 satum,
442 2393 640 2434 hactenus
666 2395 776 2434 scili-

41 2454 126 2500 eet,
154 2458 225 2501 ut,
256 2452 356 2504 quid
379 2453 566 2493 sumtum
598 2454 651 2492 sit
676 2454 774 2503 fato,

40 2507 118 2559 ipsi
132 2510 402 2570 graevideant
422 2518 463 2550 et
486 2512 774 2565 praesentiant.

42 2565 204 2605 Scilicet
230 2569 333 2607 solet
358 2570 425 2619 iis,
465 2570 536 2622 qui
562 2570 776 2609 divinandi

42 2622 278 2666 facultatem
294 2626 469 2678 habent,
500 2635 681 2681 potestas
698 2629 775 2667 ali-

43 2694 126 2746 qua
148 2689 190 2721 et
212 2684 425 2738 imperium
450 2686 493 2725 in
520 2688 650 2726 fatum
676 2700 776 2741 poe-

0 2795 2 2798 v
42 2744 124 2777 tica
139 2741 299 2781 ratione
314 2744 453 2784 tribui.
483 2746 622 2784 Nescio
637 2752 775 2784 tamen

45 2810 99 2836 an
112 2812 285 2851 usquam
302 2801 373 2840 illa
391 2802 602 2842 divinandi
616 2805 678 2843 vis
698 2804 776 2842 ha·

42 2855 129 2894 bita
156 2857 210 2896 sit
241 2861 375 2900 maior
388 2861 489 2912 sato
509 2892 521 2911 ‚
564 2875 666 2913 quae
692 2863 775 2901 sata

42 2920 203 2953 mutare
239 2923 402 2968 posset3
450 2920 562 2970 quod
586 2934 663 2959 nec
691 2920 778 2960 Iovi

41 2971 188 3012 licebat
206 3003 218 3024 ,
266 2974 337 3025 qui
364 2981 526 3015 tantum
564 2979 778 3018 retardare

758 1598 829 1634 417
853 1597 1025 1633 mollibus
1044 1597 1154 1632 Goth.
1175 1609 1230 1644 pr.

827 1694 959 1733 satum
994 1699 1170 1746 poterat.
1224 1693 1367 1745 Itaque
1402 1692 1564 1746 praese-

827 1751 956 1791 reuda
977 1765 1060 1790 esse
1085 1751 1253 1791 videtur
1281 1752 1429 1800 altera,
1460 1763 1565 1803 quae

829 1810 1023 1849 facilitate
1048 1824 1089 1849 se
1114 1810 1394 1860 commendat,
1432 1809 1565 1848 inter-

828 1869 1027 1923 pretatio:
1058 1869 1186 1921 „quia
1212 1882 1352 1908 rerum
1379 1868 1565 1921 pruden-

830 1929 889 1968 tia
916 1927 1048 1967 maior
1086 1925 1227 1981 (quam
1258 1927 1302 1966 in
1331 1926 1566 1967 hominibus

831 2000 914 2026 esse
935 1986 1055 2043 solet)
1086 1987 1135 2026 iis
1155 1988 1208 2026 sit
1221 1986 1322 2039 sato
1336 2017 1348 2036 ,
1390 1992 1439 2025 ut
1456 1991 1564 2035 ante,

830 2046 1047 2095 divinitus,
1081 2059 1104 2083 a
1127 2047 1212 2085 fato
1234 2045 1343 2085 data.
1354 2047 1380 2067 “
1440 2042 1566 2098 (Bene
1607 2077 1612 2081 .

829 2104 907 2143 sibi
941 2104 1128 2157 opposita
1166 2110 1263 2144 sunt
1299 2104 1494 2142 divinitus
1524 2108 1567 2141 et

816 2163 933 2215 jalo.
994 2163 1097 2202 Nam
1115 2175 1180 2201 res
1201 2163 1448 2202 constitutae
1469 2166 1567 2201 sunt

832 2227 906 2261 aut
926 2221 1207 2271 divinitus,
1231 2220 1274 2261 h.
1295 2234 1329 2260 e.
1352 2235 1378 2259 a
1398 2220 1567 2260 numine

833 2280 989 2332 aliquo,
1025 2286 1098 2319 aut
1120 2292 1194 2332 per
1221 2280 1393 2319 fatum.
1430 2278 1562 2319 Wch.

831 2360 891 2368 —
917 2353 1048 2377 rerum
1061 2339 1163 2392 sato
1187 2338 1366 2391 iungunt
1385 2338 1500 2378 Voss.
1525 2342 1568 2376 et

831 2396 967 2447 Iahn.‚
998 2410 1086 2436 eam
1111 2397 1240 2436 secuti
1255 2396 1567 2450 interpretatio-

832 2468 947 2505 nem,
975 2470 1097 2507 quam
1124 2456 1263 2508 priore
1289 2456 1382 2495 loco
1409 2469 1567 2514 propo-

833 2514 915 2553 suit
935 2514 1130 2567 Heynius.
1166 2512 1285 2568 Wr.)

891 2572 1124 2615 417—23.
1162 2573 1334 2623 Verum,
1372 2573 1444 2612 ubi
1474 2585 1567 2611 cae-

831 2632 919 2670 lum
940 2637 981 2670 et
1001 2645 1070 2670 aer
1089 2637 1299 2681 mutatur,
1329 2637 1370 2670 et
1391 2645 1461 2670 aer
1483 2630 1567 2669 hu-

832 2690 966 2729 midus
983 2690 1107 2729 modo
1128 2690 1336 2739 densatur,
1357 2690 1480 2729 modo
1494 2703 1567 2728 ra-

831 2748 926 2787 refit
940 2754 984 2787 et
1002 2755 1211 2799 tenuatur,
1231 2755 1402 2787 naturae
1419 2748 1566 2787 harum

834 2806 973 2846 avium
987 2808 1258 2847 mutationem
1277 2809 1452 2860 aliquam
1467 2809 1566 2847 sub-

834 2872 954 2916 eunt,
985 2872 1026 2904 et
1046 2872 1181 2905 motus
1204 2867 1384 2906 diversos
1409 2881 1432 2904 a
1451 2866 1566 2919 prio-
1588 2877 1593 2881 ·

833 2924 947 2962 ribus
968 2925 1159 2963 sentiunt.
1214 2927 1443 2976 Iupiter—
1465 2925 1566 2962 den—

836 2990 907 3019 set.
971 2983 1185 3021 Tribuitur
1203 2984 1289 3022 Iovi
1303 3013 1313 3032 ‚
1354 2982 1465 3034 quod
1490 2996 1566 3020 nos
