1734 3320
177 180 279 230 496
515 178 570 229 P.
607 178 957 229 VIRGILII
992 179 1361 231 MARONIS

174 304 388 357 Velocis
419 303 573 356 iaculi
597 305 886 354 certamina
909 305 1065 372 ponit
1087 305 1142 355 in
1164 305 1349 368 ulm03

178 377 531 443 Corporaque
555 376 746 440 agresti
765 375 973 425 nudant
994 375 1260 441 praedura
1281 375 1586 443 palaestrae.

175 449 325 520 Hanc
352 445 484 495 olim
505 455 715 496 veteres
739 446 902 496 vitam
930 445 1149 496 coluere
1173 446 1383 509 Sabini3

248 542 364 592 531.
399 553 706 590 PALAESTRA

1599 308 1702 359 530

225 681 294 717 531
323 681 470 714 nudant
484 681 600 714 Burm.
622 679 778 725 recepit,
805 686 842 713 et
865 679 915 713 sic
936 692 1020 713 sane
1041 681 1240 723 Romanus,
1273 680 1403 726 aliique
1430 679 1564 714 vetusti
1585 678 1705 721 Pierii,

179 735 216 763 et
235 727 512 774 praestantiores
531 726 670 761 Heinsii
690 739 731 760 ac
749 727 865 761 Burm.
913 727 1034 760 nudat
1054 733 1196 767 tamen,
1223 727 1320 772 quod
1340 726 1446 772 vulgo
1468 727 1604 768 editur,
1642 739 1706 760 ex-

178 783 283 822 cepta
307 775 500 820 Egnatiana
519 774 745 816 recensione,
782 773 965 807 Mediceus
996 786 1072 808 cum
1091 774 1217 818 fragm.
1237 775 1368 808 Moret.
1394 780 1432 808 et
1459 780 1562 820 parte
1588 773 1707 808 libro'-

178 835 254 857 rum
273 821 421 855 Martini
443 823 492 866 (et
508 823 546 858 2.
571 822 603 857 5.
635 820 730 864 Wr.)
758 820 922 861 exhibet3
951 826 989 854 et
1011 821 1149 854 videtur
1167 821 1255 854 haec
1271 821 1364 855 ratio
1386 821 1595 867 exquisitior
1616 832 1707 863 esse,

180 871 209 904 si
232 869 482 915 paterfamilias
508 869 629 903 nudat
655 867 833 909 membra,
868 868 949 901 dum
967 868 1137 913 proponit
1162 875 1341 903 certamen
1364 875 1399 902 et
1419 875 1546 902 auctor
1566 874 1620 902 est
1638 880 1708 901 nu-

179 917 287 952 dandi
316 917 483 950 membra.
532 916 604 950 Sed
630 915 667 949 in
696 915 752 949 his
785 915 957 948 librorum
985 915 1188 949 auctoritati
1218 927 1288 949 non
1319 916 1493 961 refragor.
1537 915 1709 963 perdura

178 964 307 999 Medic.
328 977 347 997 a
366 976 411 997 m.
432 976 485 1010 pr.
534 963 656 997 nudat
676 963 892 1008 palaestrae
910 962 1004 995 idem
1034 975 1110 996 cum
1138 963 1263 1008 fragm.
1286 964 1415 997 Moret.
1429 988 1438 1005 ‚
1474 963 1572 1009 quod
1592 962 1708 996 Hein-

179 1012 232 1046 sio
253 1011 417 1057 placebat
431 1037 439 1051 ,
463 1017 500 1043 et
516 1009 731 1045 Wakefield.
750 1009 809 1055 qui
829 1009 964 1055 recepit
978 1035 987 1052 ,
1021 1010 1104 1054 quia
1119 1010 1259 1044 Lucret.
1279 1011 1324 1052 V,
1349 1011 1419 1046 969
1440 1010 1484 1043 de
1505 1009 1708 1044 hominibus

177 1059 284 1093 feris:
330 1057 489 1091 membra
512 1056 707 1091 nudabant:
738 1064 885 1098 terrae,
931 1068 997 1102 pro
1027 1069 1096 1102 quo
1128 1057 1259 1090 editum
1290 1063 1389 1100 erat,
1425 1057 1531 1091 nuda
1557 1055 1708 1091 dabant.

179 1107 275 1141 Idem
294 1105 376 1139 hinc
397 1106 563 1138 tuebatur
581 1107 667 1138 Aen.
690 1106 736 1146 V,
762 1104 831 1139 586
850 1103 1057 1145 lectionem,
1092 1107 1140 1137 Et
1163 1117 1263 1138 nanc
1281 1113 1390 1151 terga
1400 1103 1524 1151 fugae
1541 1104 1707 1145 nudant3

179 1154 217 1188 in
245 1164 313 1199 quo
339 1159 460 1185 tamen
486 1152 568 1185 loco
597 1164 695 1185 casus
726 1151 851 1185 tertius
882 1151 992 1184 minus
1026 1153 1254 1193 conveniret,
1290 1164 1392 1197 quam
1412 1151 1448 1184 in
1470 1157 1594 1185 nostro
1613 1150 1708 1185 loco.

179 1202 243 1237 Est
263 1199 355 1233 enim
382 1211 482 1234 casus
500 1198 628 1232 tertius
658 1198 731 1240 cui,
758 1198 853 1232 cuius
877 1210 1000 1232 caussa
1030 1199 1220 1232 nudamur:
1254 1199 1386 1232 Lucan.
1412 1199 1508 1240 VIII,
1531 1196 1601 1234 425
1627 1201 1709 1231 Da-

181 1250 233 1282 cis
260 1248 455 1293 Rhenique
488 1247 649 1280 catervis
676 1247 829 1291 Imperii
861 1246 1007 1279 nudare
1043 1246 1156 1279 latas.
1213 1246 1309 1279 Male
1336 1246 1457 1291 itaque
1485 1251 1521 1279 ct
1552 1245 1589 1278 in
1619 1244 1707 1279 silio

180 1296 296 1337 XVII,
321 1292 392 1330 444
418 1296 517 1337 Quos
547 1292 608 1326 ubi
627 1293 816 1327 nudantes
841 1294 1032 1340 conspexit
1051 1294 1264 1327 Hamilcare
1291 1301 1415 1327 cretus
1446 1295 1570 1340 Terga
1585 1290 1710 1339 fugae

180 1347 415 1388 reposuerant
433 1352 499 1386 pro
513 1367 521 1381 ,
538 1338 653 1386 faga.
701 1340 823 1373 Verba
836 1366 845 1382 ‚
871 1346 911 1372 ut
932 1352 1022 1373 nunc
1044 1340 1139 1373 edita
1158 1347 1238 1373 sunt
1252 1367 1261 1382 ,
1295 1340 1427 1373 diserte
1443 1340 1570 1373 recitat
1590 1340 1708 1373 Lutat.

182 1391 227 1425 ad
246 1392 333 1424 Stat.
353 1388 471 1422 Theb.
493 1389 554 1429 VI,
579 1389 658 1423 827.
709 1387 825 1434 (Nihil
845 1387 1025 1429 obstaret,
1060 1387 1247 1433 quominus
1269 1388 1391 1420 nudat
1411 1387 1653 1432 reciperetur,
1678 1385 1709 1419 si

182 1450 223 1471 ea
244 1442 338 1470 esset
354 1435 651 1482 praestantiorum
667 1433 841 1468 librorum
861 1434 981 1468 lectio.
1006 1438 1054 1468 At
1073 1435 1220 1468 nudant
1241 1434 1347 1468 etiam
1366 1434 1402 1467 in
1419 1434 1549 1468 Medic.
1571 1440 1709 1467 exstare

181 1484 332 1529 Foggin.
348 1490 384 1517 et
394 1482 604 1528 Freytagius
619 1488 930 1527 testantur,neque
948 1482 996 1515 ita
1015 1493 1082 1526 pro
1103 1489 1202 1515 certo
1224 1482 1433 1515 affirmasset
1444 1481 1614 1527 Heynius,
1634 1493 1710 1515 nu-

183 1533 249 1566 dat
263 1532 306 1565 ab
318 1530 465 1564 Heinsio
479 1530 515 1563 in
526 1530 655 1563 Medic.
669 1529 847 1563 inventum
863 1541 953 1572 esse,
973 1529 1004 1562 si
1021 1529 1085 1562 dili
1089 1528 1227 1573 gentius
1239 1529 1448 1563 excussisset
1464 1534 1586 1570 nomm
1595 1527 1710 1562 Hein-

182 1580 237 1614 sii.
271 1578 409 1612 Reduxi
429 1585 546 1611 autem
558 1578 792 1623 palaestrae3
819 1577 915 1621 quod
936 1589 1038 1621 quam
1057 1575 1162 1610 facile
1181 1576 1340 1620 potuerit
1361 1576 1397 1609 in
1412 1576 1609 1622 palaestra
1626 1586 1711 1609 cor—

181 1626 310 1672 rumpi,
328 1637 431 1659 nemo
450 1637 522 1659 non
541 1624 655 1665 videt3
683 1624 744 1657 sed
759 1624 956 1671 palaestra
974 1623 1152 1669 quomodo
1172 1622 1321 1669 cuipiam
1337 1622 1484 1657 librario
1502 1622 1540 1656 in
1557 1624 1711 1656 mentem

182 1674 318 1708 venerit
344 1679 482 1706 mutare
509 1671 546 1704 in
567 1672 806 1718 palaestrae,
839 1671 898 1704 vix
925 1669 1160 1717 exputav'eris.
1209 1673 1324 1716 Atque
1352 1670 1429 1716 ipse
1451 1670 1572 1713 locus,
1607 1681 1711 1716 quern

182 1727 282 1756 tenet
303 1721 518 1768 palaestra,
569 1718 668 1763 iungi
695 1719 836 1751 iuberet
866 1719 1061 1765 praedura
1085 1718 1304 1766 palaestra,

384 1766 627 1800 non,nadant
656 1764 863 1812 palaestra.
903 1765 999 1810 Wr.)

184 1769 228 1802 ab
255 1768 290 1801 h.
316 1767 352 1809 L,

1348 1716 1445 1763 quod
1474 1716 1627 1751 alienum
1658 1723 1711 1750 est

1096 1766 1166 1802 532
1191 1765 1324 1810 Tangit
1349 1765 1464 1799 locum
1483 1763 1602 1798 Schol.
1620 1764 1711 1798 Per-

186 1814 230 1850 sii
254 1818 325 1849 Sat.
343 1815 370 1856 I,
396 1815 453 1857 87,
479 1825 686 1860 quamquam
699 1811 881 1846 mendose.
923 1814 1037 1847 vitam
1063 1821 1210 1847 veteres
1229 1813 1359 1846 Moret.
1391 1818 1428 1845 et
1444 1810 1608 1846 Parrhas.
1639 1823 1711 1845 vo-

184 1863 289 1897 luere
307 1863 399 1898 Ven.

181 1982 317 2034 plenis
337 1979 511 2029 cotfisas
526 1980 698 2017 rusticus
710 1979 824 2030 agris
843 1978 919 2017 In-

182 2047 294 2093 geret
313 2037 472 2077 ardenti
487 2037 669 2089 grandia
686 2037 803 2088 ligna
815 2036 918 2086 foco,

191 2097 404 2150 Turbaque
421 2110 648 2145 vernarum,
671 2097 800 2133 saturi
814 2094 919 2132 bona

185 2159 307 2208 signa
327 2156 460 2193 coloni
477 2154 623 2192 Ludet.
685 2154 805 2191 Socii.
830 2152 919 2192 Ho-

185 2221 264 2254 rat.
294 2213 419 2267 Epist.
449 2211 498 2262 ΙΙ,
524 2214 562 2262 1,
585 2211 667 2254 142
697 2211 919 2263 Agricolae

180 2274 312 2325 prisci
327 2293 386 2301 ·—
409 2269 580 2309 Condita
607 2278 699 2321 post
704 2270 920 2320 framenta

186 2332 364 2369 levantes
381 2331 573 2379 Tempore
572 2328 686 2380 sesto
702 2328 921 2380 Corpus——

188 2389 289 2428 Cum
310 2387 424 2426 sociis
438 2399 606 2438 operum
624 2386 759 2439 pueris
771 2394 807 2424 et
824 2400 921 2423 con-

187 2449 283 2498 iuge
291 2446 401 2495 fida.
443 2444 722 2483 Adumbratus
741 2457 761 2481 e
780 2450 920 2483 nostro

187 2504 301 2543 locus
324 2503 454 2542 Gratii
467 2503 612 2555 Cyneg.
631 2505 714 2546 486
728 2516 811 2554 sqq.
841 2502 922 2540 Nec

189 2562 327 2612 aliter,
360 2574 480 2613 quam
500 2560 548 2599 de
568 2574 681 2599 sacro
709 2560 834 2599 Genio
856 2560 922 2599 vel

186 2621 281 2660 Lari
301 2621 409 2659 facto
421 2649 431 2668 ,
463 2618 741 2672 accipiendum
760 2631 923 2657 carmen

187 2679 329 2719 Horat.
368 2677 443 2727 ΙΙΙ,
480 2679 533 2719 17
546 2707 556 2726 ,
589 2679 641 2719 13
678 2690 733 2728 sq.
776 2684 918 2725 crater,

188 2737 301 2777 unde
333 2735 473 2775 libatio
499 2734 571 2784 fit,
616 2734 775 2772 corollis
796 2747 921 2772 orna—

188 2803 272 2836 tur.
290 2794 373 2834 vid.
385 2793 438 2832 ad
447 2791 544 2831 Aen.
558 2792 585 2841 Ι,
597 2791 694 2834 724.
725 2793 821 2835 530.
834 2805 920 2828 cer-

190 2856 349 2895 tamina
359 2853 495 2905 ponit,
518 2844 629 2891 ἆθλα
650 2851 804 2902 τίθησι,
829 2862 920 2887 cer-

188 2912 350 2952 taminis
365 2908 555 2964 praemia.
568 2908 671 2947 conf.
683 2906 781 2946 Aen.
796 2907 842 2956 V,
853 2909 919 2950 66.

192 2969 302 3026 (Iure
322 2974 442 3022 negat
460 2964 809 3016 Wunderlichius,
829 2978 921 3003 cer-

976 1976 1129 2016 tamina
1158 1975 1238 2016 dici
1282 1991 1455 2030 usquam
1479 1992 1556 2032 pro
1589 1981 1711 2033 prae-—

976 2036 1065 2074 miis
1089 2035 1341 2087 certaminis3
1385 2039 1608 2076 certamina
1630 2051 1734 2089 po-1,

976 2108 1066 2132 nere
1085 2094 1222 2133 valere
1240 2094 1361 2144 idem,
1393 2095 1504 2147 quod
1525 2097 1710 2134 institue-
1732 2131 1734 2134 .

976 2166 1017 2190 re
1038 2160 1262 2202 certamen,
1297 2158 1337 2190 et
1366 2166 1449 2191 esse
1473 2153 1577 2192 illud
1599 2153 1734 2197 com-«ff

977 2210 1208 2263 parandum
1246 2224 1338 2249 cum
1375 2211 1530 2250 Graeco
1570 2205 1734 2266 ἆγῶναῖ

978 2269 1218 2324 προτίθημι.
1250 2269 1351 2308 Plat.
1382 2269 1532 2309 Phaed.
1577 2283 1609 2308 c.
1641 2268 1734 2311 422

978 2340 1017 2379 p.
1042 2326 1109 2370 55.
1145 2326 1172 2365 1.
1194 2329 1232 2368 3.
1277 2327 1344 2377 „sl
1368 2329 1574 2382 πονηρίας
1598 2315 1734 2391 ἆγοὶνέ

979 2386 1250 2439 προτεθείη.“
1281 2385 1405 2438 Soph.
1432 2385 1494 2425 Ai.
1511 2387 1608 2428 936.
1639 2381 1734 2435 »δ’-ᾖ

979 2446 1092 2483 πλων
1123 2439 1244 2484 ἔκειτ’
1270 2441 1381 2497 α’γών
1408 2443 1551 2497 ⁷1:591.ss
1596 2441 1717 2497 Wr.)

980 2503 1133 2553 agresti
1146 2502 1377 2553 palaestra,
1407 2501 1529 2541 lucta.

1037 2617 1121 2659 532
1131 2639 1189 2646 —
1201 2615 1296 2659 535.
1314 2616 1488 2656 Ornate:
1503 2615 1603 2655 haec
1623 2614 1716 2655 vita

978 2674 1057 2713 fuit
1081 2674 1235 2726 priseae
1260 2673 1409 2714 Italiac.
1481 2674 1602 2714 Ponit
1627 2674 1715 2717 sin-z

978 2732 1163 2785 gul-atim,
1201 2731 1303 2771 haec
1341 2734 1426 2773 vita
1454 2733 1533 2772 fuit
1553 2731 1711 2786 prisco-t

977 2804 1071 2828 rum
1090 2790 1351 2840 Sabinorum,
1372 2792 1651 2830 Romanorum

979 2848 1258 2887 Etruscorum.
1310 2849 1406 2892 533.
1438 2850 1606 2888 Etruria
1624 2862 1711 2886 cre·-

978 2908 1060 2954 νίι,
1113 2905 1153 2945 h.
1197 2906 1353 2945 Etrusci
1389 2913 1574 2960 potentes
1613 2905 1677 2944 fac
1699 2903 1712 2916 “

979 2970 1094 3015 sunt3
1136 2964 1190 3003 ad
1211 2977 1375 3017 magnas
1410 2978 1505 3018 opes
1536 2962 1711 3017 agricul-
