<?xml version="1.0" encoding="UTF-8"?>
<!DOCTYPE html PUBLIC "-//W3C//DTD XHTML 1.0 Transitional//EN"
    "http://www.w3.org/TR/xhtml1/DTD/xhtml1-transitional.dtd">
<html xmlns="http://www.w3.org/1999/xhtml" xml:lang="en" lang="en">
 <head>
  <title>
</title>
<meta http-equiv="Content-Type" content="text/html;charset=utf-8" />
  <meta name='ocr-system' content='tesseract 3.04.00' />
  <meta name='ocr-capabilities' content='ocr_page ocr_carea ocr_par ocr_line ocrx_word'/>
</head>
<body>
  <div class='ocr_page' id='page_1' title='image "./publiusvirgilius01virguoft/publiusvirgilius01virguoft_0476.png"; bbox 0 0 1768 3320; ppageno 0'>
   <div class='ocr_carea' id='block_1_1' title="bbox 160 207 1345 259">
    <p class='ocr_par' dir='ltr' id='par_1_1' title="bbox 160 207 1345 259">
     <span class='ocr_line' id='line_1_1' title="bbox 160 207 1345 259; baseline -0.003 0"><span class='ocrx_word' id='word_1_1' title='bbox 160 213 260 259; x_wconf 84' lang='lat'>308</span> <span class='ocrx_word' id='word_1_2' title='bbox 455 208 535 259; x_wconf 82' lang='grc' dir='ltr'>Ῥ.</span> <span class='ocrx_word' id='word_1_3' title='bbox 571 207 933 258; x_wconf 87' lang='lat' dir='ltr'>VIRGILII</span> <span class='ocrx_word' id='word_1_4' title='bbox 969 207 1345 259; x_wconf 89' lang='lat' dir='ltr'><strong>MARONIS</strong></span> 
     </span>
    </p>
   </div>
   <div class='ocr_carea' id='block_1_2' title="bbox 98 332 1679 667">
    <p class='ocr_par' dir='ltr' id='par_1_2' title="bbox 98 332 1679 543">
     <span class='ocr_line' id='line_1_2' title="bbox 158 332 1395 402; baseline -0.003 -16"><span class='ocrx_word' id='word_1_5' title='bbox 158 332 255 386; x_wconf 90' lang='lat' dir='ltr'>Ille</span> <span class='ocrx_word' id='word_1_6' title='bbox 281 334 486 402; x_wconf 89' lang='lat' dir='ltr'>malum</span> <span class='ocrx_word' id='word_1_7' title='bbox 508 334 649 384; x_wconf 82' lang='lat' dir='ltr'>virus</span> <span class='ocrx_word' id='word_1_8' title='bbox 670 334 1010 401; x_wconf 78' lang='lat' dir='ltr'>serpentibus</span> <span class='ocrx_word' id='word_1_9' title='bbox 1033 332 1238 383; x_wconf 75' lang='lat' dir='ltr'>addidit</span> <span class='ocrx_word' id='word_1_10' title='bbox 1260 334 1395 397; x_wconf 68' lang='grc' dir='ltr'>ί11115,-</span> 
     </span>
     <span class='ocr_line' id='line_1_3' title="bbox 158 403 1679 473; baseline -0.001 -17"><span class='ocrx_word' id='word_1_11' title='bbox 158 404 692 473; x_wconf 67' lang='grc' dir='ltr'><strong>Ρ100110111111οἸι1ρο5</strong></span> <span class='ocrx_word' id='word_1_12' title='bbox 715 405 885 469; x_wconf 84' lang='lat' dir='ltr'>iussit,</span> <span class='ocrx_word' id='word_1_13' title='bbox 923 412 1264 471; x_wconf 79' lang='lat' dir='ltr'>pontumque</span> <span class='ocrx_word' id='word_1_14' title='bbox 1286 403 1520 464; x_wconf 89' lang='lat' dir='ltr'>moveri;</span> <span class='ocrx_word' id='word_1_15' title='bbox 1579 408 1679 454; x_wconf 82' lang='lat'>130</span> 
     </span>
     <span class='ocr_line' id='line_1_4' title="bbox 98 473 1469 543; baseline -0.003 -17"><span class='ocrx_word' id='word_1_16' title='bbox 98 529 104 534; x_wconf 73' lang='grc'><strong>,</strong></span> <span class='ocrx_word' id='word_1_17' title='bbox 158 476 428 543; x_wconf 85' lang='lat' dir='ltr'>Mellaque</span> <span class='ocrx_word' id='word_1_18' title='bbox 453 475 683 525; x_wconf 83' lang='lat' dir='ltr'>decussit</span> <span class='ocrx_word' id='word_1_19' title='bbox 705 473 870 539; x_wconf 83' lang='lat' dir='ltr'>foliis,</span> <span class='ocrx_word' id='word_1_20' title='bbox 909 475 1200 541; x_wconf 82' lang='lat' dir='ltr'>ignemque</span> <span class='ocrx_word' id='word_1_21' title='bbox 1223 474 1469 538; x_wconf 86' lang='lat' dir='ltr'>removit,</span> 
     </span>
    </p>

    <p class='ocr_par' dir='ltr' id='par_1_3' title="bbox 158 543 1301 613">
     <span class='ocr_line' id='line_1_5' title="bbox 158 543 1301 613; baseline -0.001 -17"><span class='ocrx_word' id='word_1_22' title='bbox 158 549 225 597; x_wconf 87' lang='lat' dir='ltr'>Et</span> <span class='ocrx_word' id='word_1_23' title='bbox 243 547 438 613; x_wconf 82' lang='lat' dir='ltr'>passim</span> <span class='ocrx_word' id='word_1_24' title='bbox 455 546 577 594; x_wconf 89' lang='lat' dir='ltr'>rivis</span> <span class='ocrx_word' id='word_1_25' title='bbox 600 543 864 595; x_wconf 85' lang='lat' dir='ltr'>currentia</span> <span class='ocrx_word' id='word_1_26' title='bbox 886 545 1006 593; x_wconf 81' lang='lat' dir='ltr'>vina</span> <span class='ocrx_word' id='word_1_27' title='bbox 1024 545 1301 610; x_wconf 86' lang='lat' dir='ltr'>repressit:</span> 
     </span>
    </p>

    <p class='ocr_par' dir='ltr' id='par_1_4' title="bbox 159 614 1372 667">
     <span class='ocr_line' id='line_1_6' title="bbox 159 614 1372 667; baseline -0.002 -1"><span class='ocrx_word' id='word_1_28' title='bbox 159 619 229 667; x_wconf 89' lang='lat' dir='ltr'>Ut</span> <span class='ocrx_word' id='word_1_29' title='bbox 248 617 412 666; x_wconf 84' lang='lat' dir='ltr'>varias</span> <span class='ocrx_word' id='word_1_30' title='bbox 431 632 558 666; x_wconf 89' lang='lat' dir='ltr'>usus</span> <span class='ocrx_word' id='word_1_31' title='bbox 576 614 891 664; x_wconf 83' lang='lat' dir='ltr'>meditando</span> <span class='ocrx_word' id='word_1_32' title='bbox 913 614 1230 663; x_wconf 85' lang='lat' dir='ltr'>extunderet</span> <span class='ocrx_word' id='word_1_33' title='bbox 1251 614 1372 663; x_wconf 85' lang='lat' dir='ltr'>artis</span> 
     </span>
    </p>
   </div>
   <div class='ocr_carea' id='block_1_3' title="bbox 1419 679 1437 687">
    <p class='ocr_par' dir='ltr' id='par_1_5' title="bbox 1419 679 1437 687">
     <span class='ocr_line' id='line_1_7' title="bbox 1419 679 1437 687; baseline 0 0"><span class='ocrx_word' id='word_1_34' title='bbox 1419 679 1437 687; x_wconf 49' lang='lat' dir='ltr'>x</span> 
     </span>
    </p>
   </div>
   <div class='ocr_carea' id='block_1_4' title="bbox 157 716 1681 1096">
    <p class='ocr_par' dir='ltr' id='par_1_6' title="bbox 157 716 1681 1096">
     <span class='ocr_line' id='line_1_8' title="bbox 207 716 1681 765; baseline -0.007 -6"><span class='ocrx_word' id='word_1_35' title='bbox 207 723 276 759; x_wconf 88' lang='grc'>130</span> <span class='ocrx_word' id='word_1_36' title='bbox 298 722 439 756; x_wconf 79' lang='lat' dir='ltr'>moveri</span> <span class='ocrx_word' id='word_1_37' title='bbox 456 720 570 754; x_wconf 87' lang='lat' dir='ltr'>ventis</span> <span class='ocrx_word' id='word_1_38' title='bbox 586 723 681 754; x_wconf 82' lang='lat' dir='ltr'>Serv.</span> <span class='ocrx_word' id='word_1_39' title='bbox 699 721 843 755; x_wconf 80' lang='lat' dir='ltr'>Wakef.</span> <span class='ocrx_word' id='word_1_40' title='bbox 860 720 989 765; x_wconf 87' lang='lat' dir='ltr'>ubique</span> <span class='ocrx_word' id='word_1_41' title='bbox 1007 719 1158 753; x_wconf 83' lang='lat' dir='ltr'>inculcat</span> <span class='ocrx_word' id='word_1_42' title='bbox 1175 731 1272 753; x_wconf 90' lang='lat' dir='ltr'>suam</span> <span class='ocrx_word' id='word_1_43' title='bbox 1291 716 1575 752; x_wconf 85' lang='lat' dir='ltr'>observationem</span> <span class='ocrx_word' id='word_1_44' title='bbox 1593 727 1681 761; x_wconf 86' lang='lat' dir='ltr'>pas-</span> 
     </span>
     <span class='ocr_line' id='line_1_9' title="bbox 158 762 1681 812; baseline -0.005 -10"><span class='ocrx_word' id='word_1_45' title='bbox 158 767 221 802; x_wconf 87' lang='lat' dir='ltr'>sivi</span> <span class='ocrx_word' id='word_1_46' title='bbox 239 769 273 802; x_wconf 89' lang='lat' dir='ltr'>vi</span> <span class='ocrx_word' id='word_1_47' title='bbox 291 769 407 802; x_wconf 87' lang='lat' dir='ltr'>media</span> <span class='ocrx_word' id='word_1_48' title='bbox 431 767 559 812; x_wconf 71' lang='lat' dir='ltr'>positi,</span> <span class='ocrx_word' id='word_1_49' title='bbox 584 767 635 800; x_wconf 88' lang='lat' dir='ltr'>ita</span> <span class='ocrx_word' id='word_1_50' title='bbox 653 779 791 812; x_wconf 88' lang='lat' dir='ltr'>quoque</span> <span class='ocrx_word' id='word_1_51' title='bbox 812 768 849 800; x_wconf 90' lang='lat' dir='ltr'>h.</span> <span class='ocrx_word' id='word_1_52' title='bbox 872 767 896 800; x_wconf 90' lang='lat' dir='ltr'>l.</span> <span class='ocrx_word' id='word_1_53' title='bbox 918 779 1064 800; x_wconf 80' lang='lat' dir='ltr'>movere</span> <span class='ocrx_word' id='word_1_54' title='bbox 1085 779 1142 800; x_wconf 85' lang='lat' dir='ltr'>se:</span> <span class='ocrx_word' id='word_1_55' title='bbox 1172 767 1267 811; x_wconf 87' lang='lat' dir='ltr'>quod</span> <span class='ocrx_word' id='word_1_56' title='bbox 1291 778 1310 798; x_wconf 89' lang='lat' dir='ltr'>a</span> <span class='ocrx_word' id='word_1_57' title='bbox 1333 763 1511 798; x_wconf 87' lang='lat' dir='ltr'>sententia</span> <span class='ocrx_word' id='word_1_58' title='bbox 1530 762 1681 797; x_wconf 87' lang='lat' dir='ltr'>alienum</span> 
     </span>
     <span class='ocr_line' id='line_1_10' title="bbox 159 810 1678 856; baseline -0.004 -7"><span class='ocrx_word' id='word_1_59' title='bbox 159 823 231 849; x_wconf 84' lang='lat' dir='ltr'>est:</span> <span class='ocrx_word' id='word_1_60' title='bbox 265 816 301 849; x_wconf 89' lang='lat' dir='ltr'>iu</span> <span class='ocrx_word' id='word_1_61' title='bbox 322 823 417 848; x_wconf 84' lang='lat' dir='ltr'>motu</span> <span class='ocrx_word' id='word_1_62' title='bbox 444 821 519 848; x_wconf 81' lang='lat' dir='ltr'>erat</span> <span class='ocrx_word' id='word_1_63' title='bbox 538 826 633 848; x_wconf 87' lang='lat' dir='ltr'>mare</span> <span class='ocrx_word' id='word_1_64' title='bbox 657 814 727 847; x_wconf 88' lang='lat' dir='ltr'>iam</span> <span class='ocrx_word' id='word_1_65' title='bbox 754 820 876 856; x_wconf 81' lang='lat' dir='ltr'>antea3</span> <span class='ocrx_word' id='word_1_66' title='bbox 911 825 1001 846; x_wconf 86' lang='lat' dir='ltr'>nunc</span> <span class='ocrx_word' id='word_1_67' title='bbox 1020 813 1177 847; x_wconf 85' lang='lat' dir='ltr'>succedit</span> <span class='ocrx_word' id='word_1_68' title='bbox 1193 820 1307 846; x_wconf 86' lang='lat' dir='ltr'>motus</span> <span class='ocrx_word' id='word_1_69' title='bbox 1328 811 1515 846; x_wconf 87' lang='lat' dir='ltr'>violentus.</span> <span class='ocrx_word' id='word_1_70' title='bbox 1614 810 1678 846; x_wconf 86' lang='lat'>131</span> 
     </span>
     <span class='ocr_line' id='line_1_11' title="bbox 158 858 1679 907; baseline -0.005 -11"><span class='ocrx_word' id='word_1_71' title='bbox 158 863 330 897; x_wconf 71' lang='lat' dir='ltr'>discussit</span> <span class='ocrx_word' id='word_1_72' title='bbox 350 862 483 895; x_wconf 74' lang='lat' dir='ltr'>Zulich.</span> <span class='ocrx_word' id='word_1_73' title='bbox 505 869 539 894; x_wconf 84' lang='lat' dir='ltr'>et</span> <span class='ocrx_word' id='word_1_74' title='bbox 558 862 683 905; x_wconf 85' lang='lat' dir='ltr'>fragm.</span> <span class='ocrx_word' id='word_1_75' title='bbox 699 862 827 894; x_wconf 88' lang='lat' dir='ltr'>Moret.</span> <span class='ocrx_word' id='word_1_76' title='bbox 876 862 1083 907; x_wconf 73' lang='lat' dir='ltr'>suppressit</span> <span class='ocrx_word' id='word_1_77' title='bbox 1100 861 1231 894; x_wconf 85' lang='lat' dir='ltr'>Moret.</span> <span class='ocrx_word' id='word_1_78' title='bbox 1256 871 1311 904; x_wconf 87' lang='lat' dir='ltr'>pr.</span> <span class='ocrx_word' id='word_1_79' title='bbox 1323 886 1331 901; x_wconf 91' lang='lat'>‚</span> <span class='ocrx_word' id='word_1_80' title='bbox 1367 858 1463 904; x_wconf 89' lang='lat' dir='ltr'>quod</span> <span class='ocrx_word' id='word_1_81' title='bbox 1482 859 1679 891; x_wconf 85' lang='lat' dir='ltr'>Burmanno</span> 
     </span>
     <span class='ocr_line' id='line_1_12' title="bbox 157 906 1680 955; baseline -0.003 -12"><span class='ocrx_word' id='word_1_82' title='bbox 157 909 288 955; x_wconf 79' lang='lat' dir='ltr'>placet3</span> <span class='ocrx_word' id='word_1_83' title='bbox 321 909 409 942; x_wconf 86' lang='lat' dir='ltr'>mihi</span> <span class='ocrx_word' id='word_1_84' title='bbox 435 920 507 942; x_wconf 88' lang='lat' dir='ltr'>non</span> <span class='ocrx_word' id='word_1_85' title='bbox 536 920 666 953; x_wconf 85' lang='lat' dir='ltr'>aeque,</span> <span class='ocrx_word' id='word_1_86' title='bbox 701 915 796 942; x_wconf 88' lang='lat' dir='ltr'>esset</span> <span class='ocrx_word' id='word_1_87' title='bbox 827 908 920 941; x_wconf 89' lang='lat' dir='ltr'>enim</span> <span class='ocrx_word' id='word_1_88' title='bbox 945 907 1090 951; x_wconf 84' lang='lat' dir='ltr'>vulgare</span> <span class='ocrx_word' id='word_1_89' title='bbox 1119 919 1187 952; x_wconf 89' lang='lat' dir='ltr'>pro</span> <span class='ocrx_word' id='word_1_90' title='bbox 1208 907 1362 952; x_wconf 87' lang='lat' dir='ltr'>poetico.</span> <span class='ocrx_word' id='word_1_91' title='bbox 1412 906 1567 939; x_wconf 78' lang='lat' dir='ltr'>removit</span> <span class='ocrx_word' id='word_1_92' title='bbox 1594 910 1680 949; x_wconf 85' lang='lat' dir='ltr'>post</span> 
     </span>
     <span class='ocr_line' id='line_1_13' title="bbox 157 950 1681 1000; baseline -0.004 -10"><span class='ocrx_word' id='word_1_93' title='bbox 157 959 298 991; x_wconf 76' lang='lat' dir='ltr'>moveri</span> <span class='ocrx_word' id='word_1_94' title='bbox 314 957 407 989; x_wconf 81' lang='lat' dir='ltr'>forte</span> <span class='ocrx_word' id='word_1_95' title='bbox 427 967 495 989; x_wconf 85' lang='lat' dir='ltr'>nou</span> <span class='ocrx_word' id='word_1_96' title='bbox 519 955 602 988; x_wconf 88' lang='lat' dir='ltr'>satis</span> <span class='ocrx_word' id='word_1_97' title='bbox 622 962 772 1000; x_wconf 84' lang='lat' dir='ltr'>gratum.</span> <span class='ocrx_word' id='word_1_98' title='bbox 846 956 913 992; x_wconf 76' lang='lat'>132</span> <span class='ocrx_word' id='word_1_99' title='bbox 938 955 1038 988; x_wconf 80' lang='lat' dir='ltr'>rivos</span> <span class='ocrx_word' id='word_1_100' title='bbox 1060 956 1148 988; x_wconf 89' lang='lat' dir='ltr'>Ven.</span> <span class='ocrx_word' id='word_1_101' title='bbox 1224 955 1291 991; x_wconf 87' lang='lat'>133</span> <span class='ocrx_word' id='word_1_102' title='bbox 1316 960 1352 987; x_wconf 88' lang='lat' dir='ltr'>et</span> <span class='ocrx_word' id='word_1_103' title='bbox 1372 953 1438 990; x_wconf 86' lang='lat'>135</span> <span class='ocrx_word' id='word_1_104' title='bbox 1465 964 1507 985; x_wconf 82' lang='lat' dir='ltr'>ex</span> <span class='ocrx_word' id='word_1_105' title='bbox 1525 963 1624 985; x_wconf 88' lang='lat' dir='ltr'>more</span> <span class='ocrx_word' id='word_1_106' title='bbox 1643 950 1681 984; x_wconf 87' lang='lat' dir='ltr'>iu</span> 
     </span>
     <span class='ocr_line' id='line_1_14' title="bbox 159 999 1679 1044; baseline -0.003 -8"><span class='ocrx_word' id='word_1_107' title='bbox 159 1003 264 1036; x_wconf 83' lang='lat' dir='ltr'>simili</span> <span class='ocrx_word' id='word_1_108' title='bbox 291 1003 462 1036; x_wconf 76' lang='lat' dir='ltr'>vocabulo</span> <span class='ocrx_word' id='word_1_109' title='bbox 491 1003 655 1036; x_wconf 82' lang='lat' dir='ltr'>variatur.</span> <span class='ocrx_word' id='word_1_110' title='bbox 704 1002 775 1036; x_wconf 87' lang='lat' dir='ltr'>Alii</span> <span class='ocrx_word' id='word_1_111' title='bbox 802 1002 1019 1042; x_wconf 75' lang='lat' dir='ltr'>extuderet,</span> <span class='ocrx_word' id='word_1_112' title='bbox 1055 1001 1287 1042; x_wconf 73' lang='lat' dir='ltr'>extruderet,</span> <span class='ocrx_word' id='word_1_113' title='bbox 1318 1000 1532 1041; x_wconf 76' lang='lat' dir='ltr'>excuderet,</span> <span class='ocrx_word' id='word_1_114' title='bbox 1567 1004 1619 1044; x_wconf 68' lang='lat' dir='ltr'>(ut</span> <span class='ocrx_word' id='word_1_115' title='bbox 1643 999 1679 1031; x_wconf 87' lang='lat' dir='ltr'>iu</span> 
     </span>
     <span class='ocr_line' id='line_1_15' title="bbox 157 1045 1679 1096; baseline -0.003 -13"><span class='ocrx_word' id='word_1_116' title='bbox 157 1058 307 1096; x_wconf 84' lang='lat' dir='ltr'>utroque</span> <span class='ocrx_word' id='word_1_117' title='bbox 328 1050 509 1094; x_wconf 80' lang='lat' dir='ltr'>Gothano)</span> <span class='ocrx_word' id='word_1_118' title='bbox 531 1048 739 1095; x_wconf 73' lang='lat' dir='ltr'>exfoderet:</span> <span class='ocrx_word' id='word_1_119' title='bbox 764 1050 807 1083; x_wconf 83' lang='lat' dir='ltr'>cf.</span> <span class='ocrx_word' id='word_1_120' title='bbox 830 1050 961 1094; x_wconf 82' lang='lat' dir='ltr'>Georg.</span> <span class='ocrx_word' id='word_1_121' title='bbox 980 1050 1039 1090; x_wconf 92' lang='lat' dir='ltr'>IV,</span> <span class='ocrx_word' id='word_1_122' title='bbox 1056 1049 1137 1085; x_wconf 85' lang='lat'>315.</span> <span class='ocrx_word' id='word_1_123' title='bbox 1187 1047 1400 1082; x_wconf 85' lang='lat' dir='ltr'>medicando</span> <span class='ocrx_word' id='word_1_124' title='bbox 1418 1048 1558 1090; x_wconf 86' lang='lat' dir='ltr'>Menag.</span> <span class='ocrx_word' id='word_1_125' title='bbox 1577 1045 1679 1079; x_wconf 87' lang='lat' dir='ltr'>alter.</span> 
     </span>
    </p>
   </div>
   <div class='ocr_carea' id='block_1_5' title="bbox 155 1095 1224 1142">
    <p class='ocr_par' dir='ltr' id='par_1_7' title="bbox 155 1095 1224 1142">
     <span class='ocr_line' id='line_1_16' title="bbox 155 1095 1224 1142; baseline -0.001 -12"><span class='ocrx_word' id='word_1_126' title='bbox 155 1101 204 1131; x_wconf 74' lang='lat' dir='ltr'>Ec</span> <span class='ocrx_word' id='word_1_127' title='bbox 226 1098 294 1130; x_wconf 91' lang='lat' dir='ltr'>duo</span> <span class='ocrx_word' id='word_1_128' title='bbox 316 1096 480 1139; x_wconf 59' lang='lat' dir='ltr'>Mai-tin„</span> <span class='ocrx_word' id='word_1_129' title='bbox 509 1097 599 1130; x_wconf 88' lang='lat' dir='ltr'>male</span> <span class='ocrx_word' id='word_1_130' title='bbox 617 1108 684 1141; x_wconf 88' lang='lat' dir='ltr'>pro</span> <span class='ocrx_word' id='word_1_131' title='bbox 709 1099 767 1130; x_wconf 75' lang='lat' dir='ltr'>Ut.</span> <span class='ocrx_word' id='word_1_132' title='bbox 818 1097 934 1142; x_wconf 75' lang='lat' dir='ltr'>(artes</span> <span class='ocrx_word' id='word_1_133' title='bbox 952 1096 1079 1129; x_wconf 87' lang='lat' dir='ltr'>Medic.</span> <span class='ocrx_word' id='word_1_134' title='bbox 1111 1095 1224 1140; x_wconf 92' lang='lat' dir='ltr'>Wr.)·</span> 
     </span>
    </p>
   </div>
   <div class='ocr_carea' id='block_1_6' title="bbox 153 1179 891 3024">
    <p class='ocr_par' dir='ltr' id='par_1_8' title="bbox 153 1179 891 1867">
     <span class='ocr_line' id='line_1_17' title="bbox 157 1179 891 1232; baseline 0 -14"><span class='ocrx_word' id='word_1_135' title='bbox 157 1194 234 1231; x_wconf 90' lang='lat' dir='ltr'>que</span> <span class='ocrx_word' id='word_1_136' title='bbox 262 1186 398 1232; x_wconf 87' lang='lat' dir='ltr'>potest</span> <span class='ocrx_word' id='word_1_137' title='bbox 428 1180 588 1218; x_wconf 75' lang='lat' dir='ltr'>liberius</span> <span class='ocrx_word' id='word_1_138' title='bbox 626 1179 783 1218; x_wconf 79' lang='lat' dir='ltr'>dictum</span> <span class='ocrx_word' id='word_1_139' title='bbox 815 1194 891 1232; x_wconf 87' lang='lat' dir='ltr'>pro</span> 
     </span>
     <span class='ocr_line' id='line_1_18' title="bbox 155 1233 891 1288; baseline 0.001 -12"><span class='ocrx_word' id='word_1_140' title='bbox 155 1239 387 1288; x_wconf 81' lang='lat' dir='ltr'>liberalius,</span> <span class='ocrx_word' id='word_1_141' title='bbox 442 1238 596 1277; x_wconf 81' lang='lat' dir='ltr'>felicius</span> <span class='ocrx_word' id='word_1_142' title='bbox 618 1268 628 1287; x_wconf 89' lang='lat'>,</span> <span class='ocrx_word' id='word_1_143' title='bbox 679 1233 891 1287; x_wconf 73' lang='grc' dir='ltr'><strong><em>ἄφθόνως.</em></strong></span> 
     </span>
     <span class='ocr_line' id='line_1_19' title="bbox 157 1294 891 1350; baseline 0 -16"><span class='ocrx_word' id='word_1_144' title='bbox 157 1294 256 1350; x_wconf 83' lang='lat' dir='ltr'>(Sed</span> <span class='ocrx_word' id='word_1_145' title='bbox 287 1310 332 1334; x_wconf 89' lang='lat' dir='ltr'>ea</span> <span class='ocrx_word' id='word_1_146' title='bbox 364 1296 475 1335; x_wconf 86' lang='lat' dir='ltr'>notio</span> <span class='ocrx_word' id='word_1_147' title='bbox 504 1296 631 1335; x_wconf 89' lang='lat' dir='ltr'>aliena</span> <span class='ocrx_word' id='word_1_148' title='bbox 658 1304 719 1334; x_wconf 80' lang='lat' dir='ltr'>est</span> <span class='ocrx_word' id='word_1_149' title='bbox 739 1296 789 1335; x_wconf 89' lang='lat' dir='ltr'>ab</span> <span class='ocrx_word' id='word_1_150' title='bbox 811 1295 891 1335; x_wconf 90' lang='lat' dir='ltr'>hoc</span> 
     </span>
     <span class='ocr_line' id='line_1_20' title="bbox 155 1353 891 1408; baseline -0.001 -15"><span class='ocrx_word' id='word_1_151' title='bbox 155 1368 244 1393; x_wconf 85' lang='lat' dir='ltr'>voe.</span> <span class='ocrx_word' id='word_1_152' title='bbox 279 1353 391 1408; x_wconf 73' lang='lat' dir='ltr'>VVr.)</span> <span class='ocrx_word' id='word_1_153' title='bbox 452 1355 696 1407; x_wconf 85' lang='lat' dir='ltr'>Expressum</span> <span class='ocrx_word' id='word_1_154' title='bbox 714 1357 777 1392; x_wconf 62' lang='lat' dir='ltr'>‘ex</span> <span class='ocrx_word' id='word_1_155' title='bbox 805 1354 891 1392; x_wconf 90' lang='lat' dir='ltr'>He-</span> 
     </span>
     <span class='ocr_line' id='line_1_21' title="bbox 156 1409 890 1466; baseline 0.004 -16"><span class='ocrx_word' id='word_1_156' title='bbox 156 1410 378 1466; x_wconf 75' lang='grc' dir='ltr'><strong>51οᾶ.’Έργ.</strong></span> <span class='ocrx_word' id='word_1_157' title='bbox 417 1415 499 1454; x_wconf 84' lang='grc'>118</span> <span class='ocrx_word' id='word_1_158' title='bbox 520 1409 676 1464; x_wconf 84' lang='grc' dir='ltr'><em>καρπὸν</em></span> <span class='ocrx_word' id='word_1_159' title='bbox 697 1409 741 1453; x_wconf 81' lang='grc' dir='ltr'>δ’</span> <span class='ocrx_word' id='word_1_160' title='bbox 770 1411 890 1464; x_wconf 73' lang='grc' dir='ltr'><em>ἔφερε</em></span> 
     </span>
     <span class='ocr_line' id='line_1_22' title="bbox 156 1467 888 1524; baseline 0.003 -14"><span class='ocrx_word' id='word_1_161' title='bbox 156 1472 342 1524; x_wconf 78' lang='grc' dir='ltr'><em>ζείδωρος</em></span> <span class='ocrx_word' id='word_1_162' title='bbox 366 1468 523 1524; x_wconf 78' lang='grc' dir='ltr'><em>ἄρουρα</em></span> <span class='ocrx_word' id='word_1_163' title='bbox 549 1467 771 1523; x_wconf 72' lang='grc' dir='ltr'><em>Αὕτομάτη</em></span> <span class='ocrx_word' id='word_1_164' title='bbox 790 1474 888 1512; x_wconf 84' lang='grc' dir='ltr'><strong><em>πολ-</em></strong></span> 
     </span>
     <span class='ocr_line' id='line_1_23' title="bbox 154 1524 885 1580; baseline -0.001 -11"><span class='ocrx_word' id='word_1_165' title='bbox 154 1524 223 1569; x_wconf 82' lang='grc' dir='ltr'>λόν</span> <span class='ocrx_word' id='word_1_166' title='bbox 242 1544 284 1568; x_wconf 84' lang='grc' dir='ltr'>τε</span> <span class='ocrx_word' id='word_1_167' title='bbox 311 1527 380 1568; x_wconf 82' lang='grc' dir='ltr'>καὶ</span> <span class='ocrx_word' id='word_1_168' title='bbox 411 1526 618 1580; x_wconf 65' lang='grc' dir='ltr'><strong><em>ἄφθονον.</em></strong></span> <span class='ocrx_word' id='word_1_169' title='bbox 656 1530 816 1568; x_wconf 82' lang='lat' dir='ltr'>Lucret.</span> <span class='ocrx_word' id='word_1_170' title='bbox 837 1529 885 1579; x_wconf 89' lang='lat' dir='ltr'>V,</span> 
     </span>
     <span class='ocr_line' id='line_1_24' title="bbox 154 1585 887 1636; baseline -0.004 -8"><span class='ocrx_word' id='word_1_171' title='bbox 154 1585 239 1628; x_wconf 78' lang='grc'>940</span> <span class='ocrx_word' id='word_1_172' title='bbox 270 1587 456 1624; x_wconf 65' lang='lat' dir='ltr'>Plurima</span> <span class='ocrx_word' id='word_1_173' title='bbox 475 1595 561 1624; x_wconf 76' lang='lat' dir='ltr'>lum</span> <span class='ocrx_word' id='word_1_174' title='bbox 587 1588 703 1625; x_wconf 83' lang='lat' dir='ltr'>tellus</span> <span class='ocrx_word' id='word_1_175' title='bbox 718 1617 728 1636; x_wconf 92' lang='lat'>,</span> <span class='ocrx_word' id='word_1_176' title='bbox 763 1590 887 1625; x_wconf 73' lang='lat' dir='ltr'>etiam</span> 
     </span>
     <span class='ocr_line' id='line_1_25' title="bbox 155 1644 885 1696; baseline 0.001 -15"><span class='ocrx_word' id='word_1_177' title='bbox 155 1646 324 1693; x_wconf 77' lang='lat' dir='ltr'>maiora,</span> <span class='ocrx_word' id='word_1_178' title='bbox 335 1644 512 1695; x_wconf 73' lang='lat' dir='ltr'>jer-ebal.</span> <span class='ocrx_word' id='word_1_179' title='bbox 556 1645 667 1682; x_wconf 82' lang='lat' dir='ltr'>nullo</span> <span class='ocrx_word' id='word_1_180' title='bbox 686 1654 885 1696; x_wconf 76' lang='lat' dir='ltr'>poscente,</span> 
     </span>
     <span class='ocr_line' id='line_1_26' title="bbox 153 1701 888 1754; baseline 0 -14"><span class='ocrx_word' id='word_1_181' title='bbox 153 1701 194 1740; x_wconf 90' lang='lat' dir='ltr'>h.</span> <span class='ocrx_word' id='word_1_182' title='bbox 218 1708 370 1740; x_wconf 88' lang='lat' dir='ltr'>arante.</span> <span class='ocrx_word' id='word_1_183' title='bbox 390 1704 508 1754; x_wconf 88' lang='lat' dir='ltr'>Supr.</span> <span class='ocrx_word' id='word_1_184' title='bbox 529 1705 584 1743; x_wconf 84' lang='lat'>99</span> <span class='ocrx_word' id='word_1_185' title='bbox 605 1705 801 1753; x_wconf 76' lang='lat' dir='ltr'>imperare</span> <span class='ocrx_word' id='word_1_186' title='bbox 818 1717 888 1741; x_wconf 86' lang='lat' dir='ltr'>ar-</span> 
     </span>
     <span class='ocr_line' id='line_1_27' title="bbox 154 1760 887 1811; baseline 0.003 -14"><span class='ocrx_word' id='word_1_187' title='bbox 154 1762 230 1798; x_wconf 66' lang='lat' dir='ltr'>vis.</span> <span class='ocrx_word' id='word_1_188' title='bbox 274 1760 385 1797; x_wconf 83' lang='lat' dir='ltr'>nullo</span> <span class='ocrx_word' id='word_1_189' title='bbox 419 1768 587 1811; x_wconf 80' lang='lat' dir='ltr'>cogente</span> <span class='ocrx_word' id='word_1_190' title='bbox 627 1761 749 1800; x_wconf 83' lang='lat' dir='ltr'>Ovid.</span> <span class='ocrx_word' id='word_1_191' title='bbox 790 1761 887 1800; x_wconf 86' lang='lat' dir='ltr'>Met.</span> 
     </span>
     <span class='ocr_line' id='line_1_28' title="bbox 154 1818 308 1867; baseline -0.006 -11"><span class='ocrx_word' id='word_1_192' title='bbox 154 1818 184 1867; x_wconf 87' lang='lat' dir='ltr'>I,</span> <span class='ocrx_word' id='word_1_193' title='bbox 214 1820 308 1859; x_wconf 83' lang='lat'>103.</span> 
     </span>
    </p>

    <p class='ocr_par' dir='ltr' id='par_1_9' title="bbox 153 1874 888 3024">
     <span class='ocr_line' id='line_1_29' title="bbox 215 1874 888 1916; baseline 0.004 -5"><span class='ocrx_word' id='word_1_194' title='bbox 215 1877 309 1916; x_wconf 80' lang='lat'>129.</span> <span class='ocrx_word' id='word_1_195' title='bbox 340 1874 476 1913; x_wconf 86' lang='lat' dir='ltr'>Serius</span> <span class='ocrx_word' id='word_1_196' title='bbox 502 1874 674 1913; x_wconf 81' lang='lat' dir='ltr'>subnata</span> <span class='ocrx_word' id='word_1_197' title='bbox 703 1881 800 1913; x_wconf 86' lang='lat' dir='ltr'>sunt</span> <span class='ocrx_word' id='word_1_198' title='bbox 820 1875 888 1914; x_wconf 76' lang='lat' dir='ltr'>vi—</span> 
     </span>
     <span class='ocr_line' id='line_1_30' title="bbox 154 1932 888 1972; baseline 0.001 -2"><span class='ocrx_word' id='word_1_199' title='bbox 154 1939 219 1971; x_wconf 90' lang='lat' dir='ltr'>tae</span> <span class='ocrx_word' id='word_1_200' title='bbox 240 1938 400 1971; x_wconf 89' lang='lat' dir='ltr'>nostrae</span> <span class='ocrx_word' id='word_1_201' title='bbox 422 1932 538 1971; x_wconf 88' lang='lat' dir='ltr'>mala.</span> <span class='ocrx_word' id='word_1_202' title='bbox 583 1933 664 1970; x_wconf 75' lang='lat' dir='ltr'>Sub</span> <span class='ocrx_word' id='word_1_203' title='bbox 683 1934 779 1970; x_wconf 72' lang='lat' dir='ltr'>Iove</span> <span class='ocrx_word' id='word_1_204' title='bbox 801 1946 888 1972; x_wconf 90' lang='lat' dir='ltr'>ser-</span> 
     </span>
     <span class='ocr_line' id='line_1_31' title="bbox 153 1989 888 2044; baseline 0.001 -16"><span class='ocrx_word' id='word_1_205' title='bbox 153 1996 289 2042; x_wconf 88' lang='lat' dir='ltr'>pentes</span> <span class='ocrx_word' id='word_1_206' title='bbox 321 1989 416 2029; x_wconf 87' lang='lat' dir='ltr'>facti</span> <span class='ocrx_word' id='word_1_207' title='bbox 438 1996 534 2029; x_wconf 89' lang='lat' dir='ltr'>sunt</span> <span class='ocrx_word' id='word_1_208' title='bbox 559 1991 772 2041; x_wconf 86' lang='lat' dir='ltr'>venenati,</span> <span class='ocrx_word' id='word_1_209' title='bbox 801 1991 888 2044; x_wconf 91' lang='lat' dir='ltr'>lupi</span> 
     </span>
     <span class='ocr_line' id='line_1_32' title="bbox 153 2049 887 2100; baseline 0.001 -14"><span class='ocrx_word' id='word_1_210' title='bbox 153 2062 317 2100; x_wconf 84' lang='lat' dir='ltr'>rapaces</span> <span class='ocrx_word' id='word_1_211' title='bbox 350 2054 424 2087; x_wconf 85' lang='lat' dir='ltr'>etc.</span> <span class='ocrx_word' id='word_1_212' title='bbox 465 2049 623 2086; x_wconf 84' lang='lat' dir='ltr'>malum</span> <span class='ocrx_word' id='word_1_213' title='bbox 641 2051 749 2087; x_wconf 64' lang='lat' dir='ltr'>virus</span> <span class='ocrx_word' id='word_1_214' title='bbox 776 2049 887 2087; x_wconf 83' lang='lat' dir='ltr'>indi-</span> 
     </span>
     <span class='ocr_line' id='line_1_33' title="bbox 155 2106 886 2158; baseline 0 -14"><span class='ocrx_word' id='word_1_215' title='bbox 155 2106 237 2155; x_wconf 86' lang='lat' dir='ltr'>dit,</span> <span class='ocrx_word' id='word_1_216' title='bbox 269 2106 450 2144; x_wconf 85' lang='lat' dir='ltr'>noxium.</span> <span class='ocrx_word' id='word_1_217' title='bbox 491 2108 730 2158; x_wconf 73' lang='lat' dir='ltr'>serpentium</span> <span class='ocrx_word' id='word_1_218' title='bbox 753 2108 886 2158; x_wconf 90' lang='lat' dir='ltr'>aliqua</span> 
     </span>
     <span class='ocr_line' id='line_1_34' title="bbox 154 2166 886 2216; baseline 0.003 -15"><span class='ocrx_word' id='word_1_219' title='bbox 154 2177 298 2216; x_wconf 84' lang='lat' dir='ltr'>genera</span> <span class='ocrx_word' id='word_1_220' title='bbox 341 2170 437 2202; x_wconf 88' lang='lat' dir='ltr'>sunt</span> <span class='ocrx_word' id='word_1_221' title='bbox 471 2173 557 2203; x_wconf 84' lang='lat' dir='ltr'>alro</span> <span class='ocrx_word' id='word_1_222' title='bbox 599 2166 737 2203; x_wconf 77' lang='lat' dir='ltr'>colore.</span> <span class='ocrx_word' id='word_1_223' title='bbox 774 2174 886 2203; x_wconf 83' lang='lat' dir='ltr'>atras</span> 
     </span>
     <span class='ocr_line' id='line_1_35' title="bbox 154 2221 884 2273; baseline 0.001 -13"><span class='ocrx_word' id='word_1_224' title='bbox 154 2224 314 2272; x_wconf 62' lang='lat' dir='ltr'>viperas</span> <span class='ocrx_word' id='word_1_225' title='bbox 342 2222 486 2261; x_wconf 81' lang='lat' dir='ltr'>Horat.</span> <span class='ocrx_word' id='word_1_226' title='bbox 515 2223 645 2261; x_wconf 88' lang='lat' dir='ltr'>Carm.</span> <span class='ocrx_word' id='word_1_227' title='bbox 668 2223 733 2272; x_wconf 88' lang='lat' dir='ltr'>III,</span> <span class='ocrx_word' id='word_1_228' title='bbox 753 2221 793 2273; x_wconf 81' lang='lat'>4,</span> <span class='ocrx_word' id='word_1_229' title='bbox 819 2226 884 2264; x_wconf 89' lang='grc'><strong>17.</strong></span> 
     </span>
     <span class='ocr_line' id='line_1_36' title="bbox 156 2278 884 2333; baseline 0.003 -16"><span class='ocrx_word' id='word_1_230' title='bbox 156 2278 300 2333; x_wconf 73' lang='lat' dir='ltr'>(atris,</span> <span class='ocrx_word' id='word_1_231' title='bbox 345 2280 521 2329; x_wconf 81' lang='lat' dir='ltr'>rectius,</span> <span class='ocrx_word' id='word_1_232' title='bbox 559 2287 660 2332; x_wconf 87' lang='lat' dir='ltr'>puto</span> <span class='ocrx_word' id='word_1_233' title='bbox 683 2310 693 2330; x_wconf 91' lang='lat'>,</span> <span class='ocrx_word' id='word_1_234' title='bbox 733 2280 884 2320; x_wconf 86' lang='lat' dir='ltr'>Iacobs.</span> 
     </span>
     <span class='ocr_line' id='line_1_37' title="bbox 155 2336 884 2392; baseline 0.005 -18"><span class='ocrx_word' id='word_1_235' title='bbox 155 2338 253 2375; x_wconf 51' lang='lat' dir='ltr'>diras</span> <span class='ocrx_word' id='word_1_236' title='bbox 283 2338 587 2390; x_wconf 81' lang='lat' dir='ltr'>interpretatur.</span> <span class='ocrx_word' id='word_1_237' title='bbox 624 2340 694 2378; x_wconf 86' lang='lat' dir='ltr'><em>W</em></span> <span class='ocrx_word' id='word_1_238' title='bbox 687 2336 736 2392; x_wconf 84' lang='lat' dir='ltr'>r.)</span> <span class='ocrx_word' id='word_1_239' title='bbox 791 2342 884 2380; x_wconf 88' lang='grc'><strong>130.</strong></span> 
     </span>
     <span class='ocr_line' id='line_1_38' title="bbox 155 2395 885 2448; baseline 0.001 -15"><span class='ocrx_word' id='word_1_240' title='bbox 155 2395 346 2434; x_wconf 66' lang='lat' dir='ltr'>Efferavit</span> <span class='ocrx_word' id='word_1_241' title='bbox 361 2396 500 2447; x_wconf 89' lang='lat' dir='ltr'>lupos,</span> <span class='ocrx_word' id='word_1_242' title='bbox 523 2404 773 2448; x_wconf 80' lang='lat' dir='ltr'>pontumque</span> <span class='ocrx_word' id='word_1_243' title='bbox 796 2411 885 2434; x_wconf 79' lang='lat' dir='ltr'>mo·-</span> 
     </span>
     <span class='ocr_line' id='line_1_39' title="bbox 155 2453 886 2506; baseline 0.004 -16"><span class='ocrx_word' id='word_1_244' title='bbox 155 2455 249 2502; x_wconf 71' lang='lat' dir='ltr'>verc&#39;,</span> <span class='ocrx_word' id='word_1_245' title='bbox 280 2459 496 2491; x_wconf 85' lang='lat' dir='ltr'>ven-torum</span> <span class='ocrx_word' id='word_1_246' title='bbox 509 2453 659 2491; x_wconf 85' lang='lat' dir='ltr'>scilieet</span> <span class='ocrx_word' id='word_1_247' title='bbox 675 2454 718 2492; x_wconf 86' lang='lat' dir='ltr'>vi</span> <span class='ocrx_word' id='word_1_248' title='bbox 736 2460 776 2492; x_wconf 87' lang='lat' dir='ltr'>et</span> <span class='ocrx_word' id='word_1_249' title='bbox 785 2468 886 2506; x_wconf 84' lang='lat' dir='ltr'>pro-</span> 
     </span>
     <span class='ocr_line' id='line_1_40' title="bbox 157 2510 883 2560; baseline 0.003 -12"><span class='ocrx_word' id='word_1_250' title='bbox 157 2510 274 2560; x_wconf 76' lang='lat' dir='ltr'>cella,</span> <span class='ocrx_word' id='word_1_251' title='bbox 306 2513 431 2549; x_wconf 77' lang='lat' dir='ltr'>iussit.</span> <span class='ocrx_word' id='word_1_252' title='bbox 490 2511 746 2550; x_wconf 77' lang='lat' dir='ltr'>Burmannus</span> <span class='ocrx_word' id='word_1_253' title='bbox 764 2515 883 2550; x_wconf 84' lang='lat' dir='ltr'>remis</span> 
     </span>
     <span class='ocr_line' id='line_1_41' title="bbox 156 2568 883 2621; baseline 0.003 -16"><span class='ocrx_word' id='word_1_254' title='bbox 156 2576 307 2621; x_wconf 78' lang='lat' dir='ltr'>motum</span> <span class='ocrx_word' id='word_1_255' title='bbox 321 2583 431 2606; x_wconf 85' lang='lat' dir='ltr'>mare</span> <span class='ocrx_word' id='word_1_256' title='bbox 441 2568 661 2620; x_wconf 86' lang='lat' dir='ltr'>intelligere</span> <span class='ocrx_word' id='word_1_257' title='bbox 680 2575 719 2607; x_wconf 93' lang='lat' dir='ltr'>et</span> <span class='ocrx_word' id='word_1_258' title='bbox 740 2570 792 2608; x_wconf 86' lang='lat' dir='ltr'>ad</span> <span class='ocrx_word' id='word_1_259' title='bbox 806 2584 883 2609; x_wconf 89' lang='lat' dir='ltr'>na-</span> 
     </span>
     <span class='ocr_line' id='line_1_42' title="bbox 156 2625 883 2677; baseline 0.001 -13"><span class='ocrx_word' id='word_1_260' title='bbox 156 2625 398 2677; x_wconf 85' lang='lat' dir='ltr'>vigationem</span> <span class='ocrx_word' id='word_1_261' title='bbox 425 2627 599 2665; x_wconf 88' lang='lat' dir='ltr'>malebat</span> <span class='ocrx_word' id='word_1_262' title='bbox 619 2628 788 2677; x_wconf 76' lang='lat' dir='ltr'>referre5</span> <span class='ocrx_word' id='word_1_263' title='bbox 819 2634 883 2665; x_wconf 86' lang='lat' dir='ltr'>at-</span> 
     </span>
     <span class='ocr_line' id='line_1_43' title="bbox 157 2683 882 2735; baseline 0.003 -13"><span class='ocrx_word' id='word_1_264' title='bbox 157 2683 227 2735; x_wconf 91' lang='lat' dir='ltr'>qui</span> <span class='ocrx_word' id='word_1_265' title='bbox 259 2684 316 2722; x_wconf 85' lang='lat' dir='ltr'>sic</span> <span class='ocrx_word' id='word_1_266' title='bbox 343 2698 402 2722; x_wconf 85' lang='lat' dir='ltr'>VS.</span> <span class='ocrx_word' id='word_1_267' title='bbox 424 2686 505 2726; x_wconf 87' lang='lat'>136</span> <span class='ocrx_word' id='word_1_268' title='bbox 535 2684 663 2723; x_wconf 89' lang='lat' dir='ltr'>inanis</span> <span class='ocrx_word' id='word_1_269' title='bbox 690 2691 790 2722; x_wconf 84' lang='lat' dir='ltr'>esset</span> <span class='ocrx_word' id='word_1_270' title='bbox 815 2699 882 2724; x_wconf 87' lang='lat' dir='ltr'>re—</span> 
     </span>
     <span class='ocr_line' id='line_1_44' title="bbox 156 2741 882 2794; baseline 0.001 -15"><span class='ocrx_word' id='word_1_271' title='bbox 156 2741 297 2794; x_wconf 77' lang='lat' dir='ltr'>petitio</span> <span class='ocrx_word' id='word_1_272' title='bbox 344 2741 521 2780; x_wconf 82' lang='lat' dir='ltr'>eiusdem</span> <span class='ocrx_word' id='word_1_273' title='bbox 556 2743 805 2792; x_wconf 84' lang='lat' dir='ltr'>sententiae3</span> <span class='ocrx_word' id='word_1_274' title='bbox 842 2749 882 2780; x_wconf 89' lang='lat' dir='ltr'>et</span> 
     </span>
     <span class='ocr_line' id='line_1_45' title="bbox 156 2799 882 2851; baseline 0.001 -14"><span class='ocrx_word' id='word_1_275' title='bbox 156 2812 266 2837; x_wconf 89' lang='lat' dir='ltr'>nunc</span> <span class='ocrx_word' id='word_1_276' title='bbox 296 2799 401 2838; x_wconf 81' lang='lat' dir='ltr'>mala</span> <span class='ocrx_word' id='word_1_277' title='bbox 426 2806 686 2848; x_wconf 80' lang='lat' dir='ltr'>enarrantur,</span> <span class='ocrx_word' id='word_1_278' title='bbox 718 2813 820 2851; x_wconf 88' lang='lat' dir='ltr'>quae</span> <span class='ocrx_word' id='word_1_279' title='bbox 839 2801 882 2838; x_wconf 88' lang='lat' dir='ltr'>in</span> 
     </span>
     <span class='ocr_line' id='line_1_46' title="bbox 156 2857 882 2909; baseline -0.001 -14"><span class='ocrx_word' id='word_1_280' title='bbox 156 2870 293 2895; x_wconf 88' lang='lat' dir='ltr'>rerum</span> <span class='ocrx_word' id='word_1_281' title='bbox 333 2857 488 2895; x_wconf 83' lang='lat' dir='ltr'>naturis</span> <span class='ocrx_word' id='word_1_282' title='bbox 530 2858 696 2895; x_wconf 82' lang='lat' dir='ltr'>mutatis</span> <span class='ocrx_word' id='word_1_283' title='bbox 739 2870 882 2909; x_wconf 89' lang='lat' dir='ltr'>super-</span> 
     </span>
     <span class='ocr_line' id='line_1_47' title="bbox 160 2915 880 2964; baseline -0.003 -10"><span class='ocrx_word' id='word_1_284' title='bbox 160 2927 315 2954; x_wconf 82' lang='lat' dir='ltr'>venere.</span> <span class='ocrx_word' id='word_1_285' title='bbox 360 2918 454 2956; x_wconf 85' lang='lat'>131.</span> <span class='ocrx_word' id='word_1_286' title='bbox 470 2915 560 2953; x_wconf 86' lang='lat' dir='ltr'>Non</span> <span class='ocrx_word' id='word_1_287' title='bbox 576 2915 681 2963; x_wconf 87' lang='lat' dir='ltr'>iam,</span> <span class='ocrx_word' id='word_1_288' title='bbox 712 2921 758 2952; x_wconf 87' lang='lat' dir='ltr'>ut</span> <span class='ocrx_word' id='word_1_289' title='bbox 775 2921 880 2964; x_wconf 87' lang='lat' dir='ltr'>ante,</span> 
     </span>
     <span class='ocr_line' id='line_1_48' title="bbox 157 2972 881 3024; baseline -0.001 -13"><span class='ocrx_word' id='word_1_290' title='bbox 157 2973 248 3011; x_wconf 79' lang='lat' dir='ltr'>folia</span> <span class='ocrx_word' id='word_1_291' title='bbox 261 2986 395 3011; x_wconf 88' lang='lat' dir='ltr'>rorem</span> <span class='ocrx_word' id='word_1_292' title='bbox 416 2972 587 3024; x_wconf 86' lang='lat' dir='ltr'>aliquem</span> <span class='ocrx_word' id='word_1_293' title='bbox 606 2973 792 3011; x_wconf 87' lang='lat' dir='ltr'>melleum</span> <span class='ocrx_word' id='word_1_294' title='bbox 810 2973 881 3010; x_wconf 89' lang='lat' dir='ltr'>eli-</span> 
     </span>
    </p>
   </div>
   <div class='ocr_carea' id='block_1_7' title="bbox 935 1177 1715 3025">
    <p class='ocr_par' dir='ltr' id='par_1_10' title="bbox 935 1177 1715 3025">
     <span class='ocr_line' id='line_1_49' title="bbox 949 1177 1680 1230; baseline -0.004 -12"><span class='ocrx_word' id='word_1_295' title='bbox 949 1179 1148 1230; x_wconf 83' lang='lat' dir='ltr'>quabant:</span> <span class='ocrx_word' id='word_1_296' title='bbox 1180 1179 1384 1218; x_wconf 82' lang='lat' dir='ltr'>detersum</span> <span class='ocrx_word' id='word_1_297' title='bbox 1416 1177 1496 1217; x_wconf 86' lang='lat' dir='ltr'>hoc</span> <span class='ocrx_word' id='word_1_298' title='bbox 1521 1177 1601 1217; x_wconf 91' lang='lat' dir='ltr'>mel</span> <span class='ocrx_word' id='word_1_299' title='bbox 1620 1183 1680 1215; x_wconf 86' lang='lat' dir='ltr'>est</span> 
     </span>
     <span class='ocr_line' id='line_1_50' title="bbox 947 1236 1682 1287; baseline -0.004 -11"><span class='ocrx_word' id='word_1_300' title='bbox 947 1238 1072 1287; x_wconf 82' lang='lat' dir='ltr'>foliis3</span> <span class='ocrx_word' id='word_1_301' title='bbox 1113 1243 1160 1276; x_wconf 89' lang='lat' dir='ltr'>ut</span> <span class='ocrx_word' id='word_1_302' title='bbox 1189 1238 1304 1276; x_wconf 75' lang='lat' dir='ltr'>silvis</span> <span class='ocrx_word' id='word_1_303' title='bbox 1337 1236 1526 1275; x_wconf 83' lang='lat' dir='ltr'>decussus</span> <span class='ocrx_word' id='word_1_304' title='bbox 1555 1236 1682 1274; x_wconf 74' lang='lat' dir='ltr'>honor</span> 
     </span>
     <span class='ocr_line' id='line_1_51' title="bbox 947 1293 1678 1345; baseline -0.003 -11"><span class='ocrx_word' id='word_1_305' title='bbox 947 1296 1017 1334; x_wconf 89' lang='lat' dir='ltr'>inf.</span> <span class='ocrx_word' id='word_1_306' title='bbox 1037 1296 1092 1345; x_wconf 89' lang='lat' dir='ltr'>II,</span> <span class='ocrx_word' id='word_1_307' title='bbox 1121 1294 1218 1337; x_wconf 80' lang='lat'>404.</span> <span class='ocrx_word' id='word_1_308' title='bbox 1278 1295 1335 1332; x_wconf 91' lang='lat' dir='ltr'>De</span> <span class='ocrx_word' id='word_1_309' title='bbox 1355 1294 1471 1333; x_wconf 90' lang='lat' dir='ltr'>melle</span> <span class='ocrx_word' id='word_1_310' title='bbox 1494 1293 1574 1332; x_wconf 87' lang='lat' dir='ltr'>hoc</span> <span class='ocrx_word' id='word_1_311' title='bbox 1589 1293 1678 1333; x_wconf 61' lang='lat' dir='ltr'>yid.</span> 
     </span>
     <span class='ocr_line' id='line_1_52' title="bbox 948 1351 1678 1406; baseline -0.003 -14"><span class='ocrx_word' id='word_1_312' title='bbox 948 1367 1036 1406; x_wconf 90' lang='lat' dir='ltr'>sup.</span> <span class='ocrx_word' id='word_1_313' title='bbox 1068 1353 1120 1392; x_wconf 90' lang='lat' dir='ltr'>ad</span> <span class='ocrx_word' id='word_1_314' title='bbox 1150 1354 1230 1392; x_wconf 83' lang='lat' dir='ltr'>Eel.</span> <span class='ocrx_word' id='word_1_315' title='bbox 1257 1353 1334 1403; x_wconf 89' lang='lat' dir='ltr'>IV,</span> <span class='ocrx_word' id='word_1_316' title='bbox 1357 1355 1425 1395; x_wconf 83' lang='lat'>30.</span> <span class='ocrx_word' id='word_1_317' title='bbox 1456 1351 1561 1391; x_wconf 83' lang='lat' dir='ltr'>adde</span> <span class='ocrx_word' id='word_1_318' title='bbox 1577 1351 1678 1390; x_wconf 88' lang='lat' dir='ltr'>Plin.</span> 
     </span>
     <span class='ocr_line' id='line_1_53' title="bbox 947 1411 1679 1463; baseline -0.003 -13"><span class='ocrx_word' id='word_1_319' title='bbox 947 1412 1055 1461; x_wconf 84' lang='lat' dir='ltr'>XVI,</span> <span class='ocrx_word' id='word_1_320' title='bbox 1078 1414 1126 1462; x_wconf 89' lang='lat'>8,</span> <span class='ocrx_word' id='word_1_321' title='bbox 1158 1426 1188 1451; x_wconf 79' lang='lat' dir='ltr'>s,</span> <span class='ocrx_word' id='word_1_322' title='bbox 1214 1414 1280 1452; x_wconf 89' lang='lat'>11.</span> <span class='ocrx_word' id='word_1_323' title='bbox 1340 1413 1488 1463; x_wconf 73' lang='lat' dir='ltr'>Ignem</span> <span class='ocrx_word' id='word_1_324' title='bbox 1513 1411 1679 1449; x_wconf 74' lang='lat' dir='ltr'>removit</span> 
     </span>
     <span class='ocr_line' id='line_1_54' title="bbox 945 1469 1678 1523; baseline -0.003 -15"><span class='ocrx_word' id='word_1_325' title='bbox 945 1470 1121 1523; x_wconf 88' lang='lat' dir='ltr'>Iupiter,</span> <span class='ocrx_word' id='word_1_326' title='bbox 1163 1482 1283 1521; x_wconf 90' lang='lat' dir='ltr'>quem</span> <span class='ocrx_word' id='word_1_327' title='bbox 1309 1469 1391 1508; x_wconf 88' lang='lat' dir='ltr'>iam</span> <span class='ocrx_word' id='word_1_328' title='bbox 1417 1474 1510 1507; x_wconf 86' lang='lat' dir='ltr'>ante</span> <span class='ocrx_word' id='word_1_329' title='bbox 1533 1470 1678 1507; x_wconf 86' lang='lat' dir='ltr'>Satur-</span> 
     </span>
     <span class='ocr_line' id='line_1_55' title="bbox 945 1525 1678 1567; baseline -0.004 0"><span class='ocrx_word' id='word_1_330' title='bbox 945 1528 1014 1567; x_wconf 90' lang='lat' dir='ltr'>nio</span> <span class='ocrx_word' id='word_1_331' title='bbox 1049 1541 1147 1567; x_wconf 88' lang='lat' dir='ltr'>aevo</span> <span class='ocrx_word' id='word_1_332' title='bbox 1183 1528 1322 1567; x_wconf 86' lang='lat' dir='ltr'>usibus</span> <span class='ocrx_word' id='word_1_333' title='bbox 1357 1526 1571 1566; x_wconf 89' lang='lat' dir='ltr'>hominum</span> <span class='ocrx_word' id='word_1_334' title='bbox 1603 1525 1678 1565; x_wconf 80' lang='lat' dir='ltr'>ad-</span> 
     </span>
     <span class='ocr_line' id='line_1_56' title="bbox 943 1585 1679 1626; baseline -0.003 -1"><span class='ocrx_word' id='word_1_335' title='bbox 943 1586 1065 1626; x_wconf 85' lang='lat' dir='ltr'>fuisse</span> <span class='ocrx_word' id='word_1_336' title='bbox 1084 1599 1243 1625; x_wconf 84' lang='lat' dir='ltr'>necesse</span> <span class='ocrx_word' id='word_1_337' title='bbox 1264 1591 1323 1624; x_wconf 88' lang='lat' dir='ltr'>est</span> <span class='ocrx_word' id='word_1_338' title='bbox 1335 1591 1524 1624; x_wconf 84' lang='lat' dir='ltr'>statuere.</span> <span class='ocrx_word' id='word_1_339' title='bbox 1562 1585 1679 1623; x_wconf 83' lang='lat' dir='ltr'>Nunc</span> 
     </span>
     <span class='ocr_line' id='line_1_57' title="bbox 947 1643 1678 1697; baseline -0.004 -14"><span class='ocrx_word' id='word_1_340' title='bbox 947 1658 1039 1683; x_wconf 88' lang='lat' dir='ltr'>eum</span> <span class='ocrx_word' id='word_1_341' title='bbox 1059 1644 1213 1697; x_wconf 89' lang='lat' dir='ltr'>Iupiter</span> <span class='ocrx_word' id='word_1_342' title='bbox 1231 1646 1411 1694; x_wconf 75' lang='lat' dir='ltr'>removit,</span> <span class='ocrx_word' id='word_1_343' title='bbox 1443 1643 1504 1682; x_wconf 88' lang='lat' dir='ltr'>ita</span> <span class='ocrx_word' id='word_1_344' title='bbox 1525 1649 1575 1682; x_wconf 86' lang='lat' dir='ltr'>ut</span> <span class='ocrx_word' id='word_1_345' title='bbox 1594 1643 1678 1681; x_wconf 86' lang='lat' dir='ltr'>eius</span> 
     </span>
     <span class='ocr_line' id='line_1_58' title="bbox 945 1700 1676 1755; baseline -0.004 -14"><span class='ocrx_word' id='word_1_346' title='bbox 945 1716 1044 1741; x_wconf 91' lang='lat' dir='ltr'>usus</span> <span class='ocrx_word' id='word_1_347' title='bbox 1077 1703 1333 1755; x_wconf 80' lang='lat' dir='ltr'>ignoraretur</span> <span class='ocrx_word' id='word_1_348' title='bbox 1353 1732 1364 1752; x_wconf 91' lang='lat'>,</span> <span class='ocrx_word' id='word_1_349' title='bbox 1407 1707 1535 1754; x_wconf 88' lang='lat' dir='ltr'>utque</span> <span class='ocrx_word' id='word_1_350' title='bbox 1577 1700 1676 1739; x_wconf 83' lang='lat' dir='ltr'>adeo</span> 
     </span>
     <span class='ocr_line' id='line_1_59' title="bbox 946 1760 1675 1800; baseline -0.004 -1"><span class='ocrx_word' id='word_1_351' title='bbox 946 1774 1104 1800; x_wconf 88' lang='lat' dir='ltr'>necesse</span> <span class='ocrx_word' id='word_1_352' title='bbox 1138 1767 1241 1799; x_wconf 89' lang='lat' dir='ltr'>esset</span> <span class='ocrx_word' id='word_1_353' title='bbox 1274 1773 1371 1798; x_wconf 84' lang='lat' dir='ltr'>mox</span> <span class='ocrx_word' id='word_1_354' title='bbox 1408 1773 1499 1798; x_wconf 89' lang='lat' dir='ltr'>eum</span> <span class='ocrx_word' id='word_1_355' title='bbox 1530 1760 1675 1798; x_wconf 81' lang='lat' dir='ltr'>iterum</span> 
     </span>
     <span class='ocr_line' id='line_1_60' title="bbox 945 1817 1676 1871; baseline -0.003 -14"><span class='ocrx_word' id='word_1_356' title='bbox 945 1818 1123 1871; x_wconf 88' lang='lat' dir='ltr'>reperire</span> <span class='ocrx_word' id='word_1_357' title='bbox 1152 1824 1191 1856; x_wconf 88' lang='lat' dir='ltr'>et</span> <span class='ocrx_word' id='word_1_358' title='bbox 1217 1818 1372 1857; x_wconf 89' lang='lat' dir='ltr'>silicum</span> <span class='ocrx_word' id='word_1_359' title='bbox 1395 1818 1538 1856; x_wconf 84' lang='lat' dir='ltr'>attritu</span> <span class='ocrx_word' id='word_1_360' title='bbox 1557 1817 1676 1855; x_wconf 90' lang='lat' dir='ltr'>elice-</span> 
     </span>
     <span class='ocr_line' id='line_1_61' title="bbox 944 1875 1677 1928; baseline -0.004 -12"><span class='ocrx_word' id='word_1_361' title='bbox 944 1890 1007 1916; x_wconf 86' lang='lat' dir='ltr'>re:</span> <span class='ocrx_word' id='word_1_362' title='bbox 1039 1891 1132 1916; x_wconf 88' lang='lat' dir='ltr'>cum</span> <span class='ocrx_word' id='word_1_363' title='bbox 1160 1876 1210 1914; x_wconf 87' lang='lat' dir='ltr'>ab</span> <span class='ocrx_word' id='word_1_364' title='bbox 1233 1889 1279 1914; x_wconf 90' lang='lat' dir='ltr'>eo</span> <span class='ocrx_word' id='word_1_365' title='bbox 1306 1882 1469 1928; x_wconf 88' lang='lat' dir='ltr'>reperto</span> <span class='ocrx_word' id='word_1_366' title='bbox 1498 1875 1677 1914; x_wconf 88' lang='lat' dir='ltr'>omnium</span> 
     </span>
     <span class='ocr_line' id='line_1_62' title="bbox 947 1933 1677 1986; baseline -0.003 -13"><span class='ocrx_word' id='word_1_367' title='bbox 947 1935 1096 1974; x_wconf 88' lang='lat' dir='ltr'>artium</span> <span class='ocrx_word' id='word_1_368' title='bbox 1131 1934 1245 1972; x_wconf 84' lang='lat' dir='ltr'>initia</span> <span class='ocrx_word' id='word_1_369' title='bbox 1264 1964 1274 1984; x_wconf 93' lang='lat'>,</span> <span class='ocrx_word' id='word_1_370' title='bbox 1321 1934 1528 1986; x_wconf 88' lang='lat' dir='ltr'>omnisque</span> <span class='ocrx_word' id='word_1_371' title='bbox 1570 1933 1677 1972; x_wconf 84' lang='lat' dir='ltr'>vitae</span> 
     </span>
     <span class='ocr_line' id='line_1_63' title="bbox 946 1992 1715 2044; baseline -0.004 -12"><span class='ocrx_word' id='word_1_372' title='bbox 946 1994 1108 2032; x_wconf 74' lang='lat' dir='ltr'>cultura</span> <span class='ocrx_word' id='word_1_373' title='bbox 1143 1992 1319 2031; x_wconf 82' lang='lat' dir='ltr'>deducta</span> <span class='ocrx_word' id='word_1_374' title='bbox 1352 1992 1414 2031; x_wconf 86' lang='lat' dir='ltr'>sit.</span> <span class='ocrx_word' id='word_1_375' title='bbox 1473 1992 1675 2031; x_wconf 79' lang='lat' dir='ltr'>Hactenus</span> <span class='ocrx_word' id='word_1_376' title='bbox 1712 2039 1715 2044; x_wconf 16' lang='grc' dir='ltr'>ἱ</span> 
     </span>
     <span class='ocr_line' id='line_1_64' title="bbox 943 2050 1675 2103; baseline -0.003 -13"><span class='ocrx_word' id='word_1_377' title='bbox 943 2051 1045 2103; x_wconf 83' lang='lat' dir='ltr'>ignis</span> <span class='ocrx_word' id='word_1_378' title='bbox 1073 2052 1116 2090; x_wconf 91' lang='lat' dir='ltr'>in</span> <span class='ocrx_word' id='word_1_379' title='bbox 1142 2051 1254 2090; x_wconf 87' lang='lat' dir='ltr'>venis</span> <span class='ocrx_word' id='word_1_380' title='bbox 1283 2050 1442 2089; x_wconf 89' lang='lat' dir='ltr'>silicum</span> <span class='ocrx_word' id='word_1_381' title='bbox 1466 2056 1675 2101; x_wconf 81' lang='lat' dir='ltr'>tamquam</span> 
     </span>
     <span class='ocr_line' id='line_1_65' title="bbox 945 2106 1674 2162; baseline -0.001 -15"><span class='ocrx_word' id='word_1_382' title='bbox 945 2108 1224 2159; x_wconf 86' lang='lat' dir='ltr'>absconditus,</span> <span class='ocrx_word' id='word_1_383' title='bbox 1257 2108 1466 2147; x_wconf 83' lang='lat' dir='ltr'>abstrusus</span> <span class='ocrx_word' id='word_1_384' title='bbox 1492 2106 1558 2162; x_wconf 89' lang='lat' dir='ltr'>(ut</span> <span class='ocrx_word' id='word_1_385' title='bbox 1577 2121 1674 2146; x_wconf 80' lang='lat' dir='ltr'>mox</span> 
     </span>
     <span class='ocr_line' id='line_1_66' title="bbox 943 2163 1675 2219; baseline -0.005 -13"><span class='ocrx_word' id='word_1_386' title='bbox 943 2182 1002 2207; x_wconf 68' lang='lat' dir='ltr'>vs,</span> <span class='ocrx_word' id='word_1_387' title='bbox 1023 2167 1117 2210; x_wconf 87' lang='lat'>135.</span> <span class='ocrx_word' id='word_1_388' title='bbox 1161 2173 1200 2205; x_wconf 86' lang='lat' dir='ltr'>et</span> <span class='ocrx_word' id='word_1_389' title='bbox 1229 2165 1328 2205; x_wconf 85' lang='lat' dir='ltr'>Aen.</span> <span class='ocrx_word' id='word_1_390' title='bbox 1356 2165 1424 2216; x_wconf 92' lang='lat' dir='ltr'>VI,</span> <span class='ocrx_word' id='word_1_391' title='bbox 1454 2169 1481 2208; x_wconf 91' lang='lat'>7</span> <span class='ocrx_word' id='word_1_392' title='bbox 1519 2163 1675 2219; x_wconf 74' lang='lat' dir='ltr'>quaerit</span> 
     </span>
     <span class='ocr_line' id='line_1_67' title="bbox 935 2224 1674 2277; baseline -0.003 -13"><span class='ocrx_word' id='word_1_393' title='bbox 935 2241 1039 2277; x_wconf 81' lang='lat' dir='ltr'>pars</span> <span class='ocrx_word' id='word_1_394' title='bbox 1072 2227 1227 2263; x_wconf 80' lang='lat' dir='ltr'>semina</span> <span class='ocrx_word' id='word_1_395' title='bbox 1246 2226 1453 2277; x_wconf 85' lang='lat' dir='ltr'>flammae</span> <span class='ocrx_word' id='word_1_396' title='bbox 1490 2224 1674 2263; x_wconf 73' lang='lat' dir='ltr'>abstrusa</span> 
     </span>
     <span class='ocr_line' id='line_1_68' title="bbox 942 2278 1674 2337; baseline 0 -15"><span class='ocrx_word' id='word_1_397' title='bbox 942 2286 985 2322; x_wconf 86' lang='lat' dir='ltr'>in</span> <span class='ocrx_word' id='word_1_398' title='bbox 1012 2285 1123 2322; x_wconf 62' lang='lat' dir='ltr'>wenis</span> <span class='ocrx_word' id='word_1_399' title='bbox 1146 2281 1287 2337; x_wconf 72' lang='lat' dir='ltr'>silicis)</span> <span class='ocrx_word' id='word_1_400' title='bbox 1301 2313 1312 2332; x_wconf 87' lang='lat'>,</span> <span class='ocrx_word' id='word_1_401' title='bbox 1339 2282 1488 2321; x_wconf 74' lang='lat' dir='ltr'>&#39;latuitz</span> <span class='ocrx_word' id='word_1_402' title='bbox 1522 2278 1674 2335; x_wconf 80' lang='grc' dir='ltr'><em>Κρύψε</em></span> 
     </span>
     <span class='ocr_line' id='line_1_69' title="bbox 943 2338 1672 2395; baseline -0.007 -13"><span class='ocrx_word' id='word_1_403' title='bbox 943 2342 987 2382; x_wconf 83' lang='grc' dir='ltr'>δὲ</span> <span class='ocrx_word' id='word_1_404' title='bbox 1000 2344 1082 2394; x_wconf 80' lang='grc' dir='ltr'>πῦρ</span> <span class='ocrx_word' id='word_1_405' title='bbox 1097 2340 1260 2380; x_wconf 89' lang='lat' dir='ltr'>Hesiod.</span> <span class='ocrx_word' id='word_1_406' title='bbox 1273 2338 1386 2395; x_wconf 79' lang='grc' dir='ltr'><em>’Έργ.</em></span> <span class='ocrx_word' id='word_1_407' title='bbox 1399 2340 1468 2383; x_wconf 87' lang='grc'><strong>50.</strong></span> <span class='ocrx_word' id='word_1_408' title='bbox 1501 2343 1596 2382; x_wconf 81' lang='lat'>132.</span> <span class='ocrx_word' id='word_1_409' title='bbox 1613 2341 1672 2378; x_wconf 74' lang='lat' dir='ltr'>ri-</span> 
     </span>
     <span class='ocr_line' id='line_1_70' title="bbox 941 2397 1672 2439; baseline -0.005 0"><span class='ocrx_word' id='word_1_410' title='bbox 941 2401 1004 2439; x_wconf 63' lang='lat'>11129</span> <span class='ocrx_word' id='word_1_411' title='bbox 1036 2401 1234 2437; x_wconf 78' lang='lat' dir='ltr'>currentia</span> <span class='ocrx_word' id='word_1_412' title='bbox 1259 2400 1356 2437; x_wconf 67' lang='lat' dir='ltr'>vina</span> <span class='ocrx_word' id='word_1_413' title='bbox 1371 2414 1383 2436; x_wconf 89' lang='lat'><em>:</em></span> <span class='ocrx_word' id='word_1_414' title='bbox 1426 2397 1468 2437; x_wconf 85' lang='lat' dir='ltr'>h.</span> <span class='ocrx_word' id='word_1_415' title='bbox 1499 2411 1531 2437; x_wconf 89' lang='lat' dir='ltr'>e.</span> <span class='ocrx_word' id='word_1_416' title='bbox 1560 2397 1672 2437; x_wconf 87' lang='lat' dir='ltr'>rivos</span> 
     </span>
     <span class='ocr_line' id='line_1_71' title="bbox 941 2455 1672 2508; baseline -0.004 -12"><span class='ocrx_word' id='word_1_417' title='bbox 941 2456 1027 2496; x_wconf 83' lang='lat' dir='ltr'>vini</span> <span class='ocrx_word' id='word_1_418' title='bbox 1057 2456 1238 2495; x_wconf 87' lang='lat' dir='ltr'>fluentes.</span> <span class='ocrx_word' id='word_1_419' title='bbox 1306 2456 1371 2494; x_wconf 89' lang='lat' dir='ltr'>Sic</span> <span class='ocrx_word' id='word_1_420' title='bbox 1404 2455 1558 2508; x_wconf 88' lang='lat' dir='ltr'>copiam</span> <span class='ocrx_word' id='word_1_421' title='bbox 1586 2455 1672 2494; x_wconf 84' lang='lat' dir='ltr'>vini</span> 
     </span>
     <span class='ocr_line' id='line_1_72' title="bbox 940 2512 1671 2566; baseline -0.003 -13"><span class='ocrx_word' id='word_1_422' title='bbox 940 2514 1234 2566; x_wconf 85' lang='lat' dir='ltr'>eloquebantur</span> <span class='ocrx_word' id='word_1_423' title='bbox 1260 2519 1438 2562; x_wconf 80' lang='lat' dir='ltr'>veteres,</span> <span class='ocrx_word' id='word_1_424' title='bbox 1473 2512 1671 2564; x_wconf 87' lang='lat' dir='ltr'>antiquis—</span> 
     </span>
     <span class='ocr_line' id='line_1_73' title="bbox 941 2570 1671 2624; baseline -0.001 -14"><span class='ocrx_word' id='word_1_425' title='bbox 941 2572 1039 2610; x_wconf 82' lang='lat' dir='ltr'>simo</span> <span class='ocrx_word' id='word_1_426' title='bbox 1067 2571 1370 2624; x_wconf 87' lang='lat' dir='ltr'>phantasmate,</span> <span class='ocrx_word' id='word_1_427' title='bbox 1406 2570 1458 2608; x_wconf 83' lang='lat' dir='ltr'>ad</span> <span class='ocrx_word' id='word_1_428' title='bbox 1484 2584 1671 2623; x_wconf 88' lang='lat' dir='ltr'>magnam</span> 
     </span>
     <span class='ocr_line' id='line_1_74' title="bbox 941 2629 1670 2682; baseline 0 -14"><span class='ocrx_word' id='word_1_429' title='bbox 941 2629 1096 2682; x_wconf 77' lang='lat' dir='ltr'>copiam</span> <span class='ocrx_word' id='word_1_430' title='bbox 1135 2629 1436 2679; x_wconf 84' lang='lat' dir='ltr'>declarandam,</span> <span class='ocrx_word' id='word_1_431' title='bbox 1477 2635 1526 2668; x_wconf 90' lang='lat' dir='ltr'>ut</span> <span class='ocrx_word' id='word_1_432' title='bbox 1557 2629 1670 2680; x_wconf 87' lang='lat' dir='ltr'>quasi</span> 
     </span>
     <span class='ocr_line' id='line_1_75' title="bbox 940 2685 1670 2737; baseline 0.001 -13"><span class='ocrx_word' id='word_1_433' title='bbox 940 2700 960 2724; x_wconf 91' lang='lat' dir='ltr'>e</span> <span class='ocrx_word' id='word_1_434' title='bbox 982 2686 1161 2725; x_wconf 86' lang='lat' dir='ltr'>sontibus</span> <span class='ocrx_word' id='word_1_435' title='bbox 1181 2686 1421 2737; x_wconf 83' lang='lat' dir='ltr'>quibusdam</span> <span class='ocrx_word' id='word_1_436' title='bbox 1437 2685 1670 2726; x_wconf 88' lang='lat' dir='ltr'>huiusmodi</span> 
     </span>
     <span class='ocr_line' id='line_1_76' title="bbox 939 2744 1668 2796; baseline 0.001 -14"><span class='ocrx_word' id='word_1_437' title='bbox 939 2744 1107 2782; x_wconf 86' lang='lat' dir='ltr'>flumina</span> <span class='ocrx_word' id='word_1_438' title='bbox 1124 2744 1266 2782; x_wconf 86' lang='lat' dir='ltr'>vinosa</span> <span class='ocrx_word' id='word_1_439' title='bbox 1286 2744 1451 2796; x_wconf 87' lang='lat' dir='ltr'>prodire</span> <span class='ocrx_word' id='word_1_440' title='bbox 1478 2745 1668 2784; x_wconf 86' lang='lat' dir='ltr'>dicerent.</span> 
     </span>
     <span class='ocr_line' id='line_1_77' title="bbox 938 2801 1668 2856; baseline 0 -15"><span class='ocrx_word' id='word_1_441' title='bbox 938 2824 996 2831; x_wconf 91' lang='lat'>—-</span> <span class='ocrx_word' id='word_1_442' title='bbox 1022 2804 1115 2843; x_wconf 85' lang='lat'>133.</span> <span class='ocrx_word' id='word_1_443' title='bbox 1147 2801 1292 2839; x_wconf 88' lang='lat' dir='ltr'>Omnia</span> <span class='ocrx_word' id='word_1_444' title='bbox 1312 2801 1413 2840; x_wconf 86' lang='lat' dir='ltr'>haec</span> <span class='ocrx_word' id='word_1_445' title='bbox 1434 2802 1585 2856; x_wconf 83' lang='lat' dir='ltr'>Iupiter</span> <span class='ocrx_word' id='word_1_446' title='bbox 1611 2803 1668 2841; x_wconf 88' lang='lat' dir='ltr'>ita</span> 
     </span>
     <span class='ocr_line' id='line_1_78' title="bbox 938 2858 1668 2910; baseline 0.004 -14"><span class='ocrx_word' id='word_1_447' title='bbox 938 2858 1172 2897; x_wconf 87' lang='lat' dir='ltr'>moderatus</span> <span class='ocrx_word' id='word_1_448' title='bbox 1203 2866 1283 2909; x_wconf 84' lang='lat' dir='ltr'>est,</span> <span class='ocrx_word' id='word_1_449' title='bbox 1322 2873 1368 2898; x_wconf 89' lang='lat' dir='ltr'>eo</span> <span class='ocrx_word' id='word_1_450' title='bbox 1399 2861 1582 2910; x_wconf 86' lang='lat' dir='ltr'>consilio,</span> <span class='ocrx_word' id='word_1_451' title='bbox 1619 2867 1668 2899; x_wconf 89' lang='lat' dir='ltr'>ut</span> 
     </span>
     <span class='ocr_line' id='line_1_79' title="bbox 936 2916 1668 2970; baseline 0.003 -16"><span class='ocrx_word' id='word_1_452' title='bbox 936 2930 1016 2954; x_wconf 82' lang='lat' dir='ltr'>usu</span> <span class='ocrx_word' id='word_1_453' title='bbox 1051 2916 1333 2957; x_wconf 86' lang='lat' dir='ltr'>invenirentur</span> <span class='ocrx_word' id='word_1_454' title='bbox 1366 2924 1473 2956; x_wconf 85' lang='lat' dir='ltr'>artes</span> <span class='ocrx_word' id='word_1_455' title='bbox 1488 2948 1500 2968; x_wconf 88' lang='lat'>,</span> <span class='ocrx_word' id='word_1_456' title='bbox 1545 2924 1668 2970; x_wconf 84' lang='lat' dir='ltr'>utque</span> 
     </span>
     <span class='ocr_line' id='line_1_80' title="bbox 938 2974 1668 3025; baseline 0.004 -14"><span class='ocrx_word' id='word_1_457' title='bbox 938 2974 1138 3025; x_wconf 83' lang='lat' dir='ltr'>ingenium</span> <span class='ocrx_word' id='word_1_458' title='bbox 1157 2981 1195 3013; x_wconf 90' lang='lat' dir='ltr'>et</span> <span class='ocrx_word' id='word_1_459' title='bbox 1213 2975 1458 3015; x_wconf 85' lang='lat' dir='ltr'>industriam</span> <span class='ocrx_word' id='word_1_460' title='bbox 1477 2982 1668 3016; x_wconf 84' lang='lat' dir='ltr'>acuerent</span> 
     </span>
    </p>
   </div>
  </div>
 </body>
</html>
