1734 3320
143 177 248 228 556
494 177 551 227 P.
591 148 945 229 VIRGILII
988 176 1363 228 MARONIS

140 300 377 353 Luciferi
400 303 580 371 primo
606 321 729 354 cum
758 303 935 353 sidere
961 301 1152 368 frigida
1174 321 1300 354 rura

143 375 463 441 Camarum,
514 374 648 425 dum
683 391 845 424 mane
881 390 1112 440 novum,
1152 375 1285 425 dum
1317 373 1558 440 gramina
1595 389 1680 423 ca—

546 483 548 486 .
939 453 1096 507 nent,
1577 446 1681 497 325

139 515 209 565 Et
229 531 321 565 ros
346 515 402 565 in
427 524 614 565 tenera
635 514 821 581 pecori
844 515 1171 579 gratissimus
1194 515 1378 568 herba.

140 584 302 651 Inde,
338 585 433 636 ubi
459 593 644 653 quarta
667 585 811 643 sitim
838 585 973 635 coeli
1000 585 1297 652 conlegerit
1319 586 1472 650 hora,

187 703 260 740 324
283 703 459 751 Lam-'sero
481 710 554 737 tres
573 714 631 748 ap.
648 703 763 736 Burm.
858 702 928 738 325
955 707 1159 751 Carpamus
1186 716 1308 738 omnes
1337 703 1422 737 libri
1449 702 1557 737 etiam
1584 701 1681 747 apud

140 751 275 785 Colum.
298 753 374 794 VII,
399 752 433 793 3,
459 752 516 793 23,
541 750 602 784 ubi
619 750 658 783 hi
678 760 799 783 versus
822 750 1074 794 exhibentur,·
1091 763 1158 786 nec
1182 763 1255 786 non
1275 752 1400 796 fragm.
1422 749 1539 784 Vatic.
1585 750 1680 783 Pro-

139 799 219 844 prie
252 799 283 832 si
310 798 506 844 loquimur,
531 798 636 831 aliter
662 797 833 840 dicimus,
865 811 1019 846 carpere
1042 797 1195 846 frigida
1224 811 1338 842 rura,
1374 797 1500 840 aliter,
1525 809 1681 844 carpere

139 847 258 888 viam,
285 847 376 887 icet-3
402 846 472 879 hoc
493 845 712 887 hominibus,
738 845 827 878 illud
846 846 970 890 pecori
991 846 1122 880 herbas
1145 846 1367 891 depascenti,
1392 845 1584 879 tribuitur:
1610 843 1680 878 etsi

141 899 178 927 et
190 893 271 935 hoc,
294 893 358 926 sed
377 893 447 926 alio
470 900 649 935 contextu,
669 892 817 927 vidimus
839 893 884 926 de
903 893 1042 927 incessu
1060 894 1192 927 dictum
1212 906 1367 941 carpere
1387 905 1566 940 campum,
1581 904 1679 939 pra—

140 949 192 983 ta,
211 947 250 973 ut
271 952 348 986 sup.
370 939 450 975 142.
498 940 661 974 Proclive
682 947 757 983 est,
783 949 991 987 carpantur
1013 941 1201 975 coniicere.
1238 941 1373 975 Zulich.
1395 953 1416 974 a
1433 953 1479 974 m.
1501 952 1571 973 sec.
1591 952 1678 973 car—

133 996 287 1035 pentur.
337 989 388 1021 Io.
409 987 597 1022 Schrader.
620 991 852 1031 Quaeramus
869 995 997 1022 tentat:
1031 996 1069 1022 ut
1091 989 1128 1022 in
1156 988 1320 1034 Calpurn.
1344 989 1390 1031 V,
1416 988 1460 1023 51
1487 988 1562 1021 iam
1591 986 1679 1020 Ion-

137 1036 226 1082 gius
245 1033 382 1068 herbas
404 1037 560 1078 Quaere.
621 1038 673 1069 Ut
692 1042 812 1070 tamen
834 1047 926 1069 nunc
948 1035 1096 1081 legitur,
1134 1035 1199 1069 int.
1222 1048 1299 1070 cum
1321 1047 1430 1080 grege
1450 1046 1678 1081 pererremus

136 1094 231 1116 rura.
258 1081 344 1126 (vid.
373 1083 461 1116 Not.
497 1083 595 1128 Wr.)
647 1084 721 1117 Sed
746 1091 835 1117 ante
862 1082 958 1116 diem
979 1097 1098 1131 pecus
1128 1091 1257 1126 exeat,
1293 1082 1344 1117 ait
1362 1082 1526 1128 Calpurn.
1550 1084 1597 1124 V,
1619 1081 1676 1117 52.

138 1131 274 1171 Varro,
302 1142 405 1175 quem
432 1136 514 1164 ante
541 1130 664 1165 oculos
687 1130 813 1164 habuit
835 1139 977 1173 noster,
1003 1133 1044 1165 R.
1064 1132 1106 1165 R.
1131 1132 1174 1173 ΙΙ,
1199 1132 1243 1173 2,
1269 1132 1314 1166 10
1335 1138 1480 1164 aestate
1499 1149 1542 1154 —
1567 1150 1611 1154 —
1632 1149 1676 1153 —

137 1190 218 1210 cum
235 1178 358 1224 prima
379 1178 461 1211 luce
480 1187 619 1212 exeunt
631 1187 796 1226 pastum.
845 1179 958 1212 Porro
980 1178 1016 1211 in
1042 1178 1112 1211 fine
1131 1190 1271 1212 versus:
1310 1179 1397 1211 dum
1412 1179 1578 1224 flumina
1595 1189 1678 1211 cre—

137 1233 247 1258 scunt
265 1226 426 1259 Donatus
446 1225 580 1267 laudat,
609 1226 802 1260 memoriae
819 1225 928 1267 vitio,
953 1226 990 1258 in
1010 1227 1153 1260 Terent.
1172 1225 1327 1271 Adelph.
1349 1226 1408 1267 III,
1433 1226 1468 1268 2,
1493 1225 1550 1260 52.
1592 1225 1677 1259 dum

134 1274 310 1318 gramina
328 1281 472 1306 coment
494 1273 603 1307 Goth.
624 1287 679 1319 pr.
785 1274 857 1310 326
881 1276 1000 1316 Quum
1021 1286 1085 1307 ros
1100 1273 1239 1307 Nonius
1257 1272 1447 1307 Marcellus
1469 1272 1506 1305 in
1534 1280 1678 1314 tenera,

134 1319 196 1352 ubi
217 1326 253 1353 et
271 1319 384 1353 estin
402 1320 472 1353 fine
487 1332 608 1355 versus
630 1321 788 1363 tollitur,
814 1321 911 1367 quod
936 1320 1080 1354 sustulit
1108 1321 1230 1354 Heius.
1264 1319 1420 1354 omnium
1451 1320 1529 1353 fere
1558 1319 1678 1353 libro-

134 1379 212 1401 rum
241 1367 467 1402 auctoritate.
503 1368 588 1414 (vid.
607 1371 650 1412 Q.
668 1370 714 1405 V.
733 1370 818 1413 XV,
845 1370 901 1405 11.
926 1388 972 1394 -
1009 1369 1092 1405 327.
1116 1368 1246 1403 Medic.
1268 1381 1355 1412 ora,
1389 1374 1429 1402 ut
1456 1367 1563 1402 etiam
1591 1379 1680 1403 oras

135 1417 222 1449 Aen.
250 1416 312 1458 VI,
338 1415 419 1452 539.
459 1415 557 1461 Wr.)

134 1511 238 1565 giter
264 1513 529 1565 praebentem
557 1513 772 1552 transferri
790 1512 832 1552 h.
849 1513 876 1553 l.

132 1570 321 1626 videtur3
351 1571 460 1610 infra
480 1585 540 1610 vs.
562 1570 679 1613 394.:
710 1571 791 1622 „At
812 1572 878 1611 cui

132 1629 247 1668 lactis
289 1644 426 1680 amor,
477 1629 650 1683 cytisum
689 1631 878 1683 lotosque

133 1689 456 1740 frequentes
486 1689 575 1741 Ipse
592 1689 737 1728 ferat.“
761 1688 875 1744 Wr.)

134 1749 232 1789 321.
263 1747 316 1785 Et
335 1747 545 1786 interdum
568 1747 688 1786 etiam
715 1761 790 1800 per
810 1747 879 1787 hi-

133 1805 309 1844 bernum
338 1812 498 1859 tempus
533 1807 700 1845 foenum
727 1806 774 1845 iis
803 1821 879 1859 ap·—

163 1877 252 1903 one.

131 1878 160 1918 P
193 1925 291 1965 322.
333 1922 446 1961 Haec
486 1922 651 1975 quidem
687 1936 761 1976 per
787 1923 878 1962 hie-

131 1994 266 2031 mem3
296 1981 574 2024 nunc—384
590 1983 759 2038 'gregum
778 1996 878 2021 cura

131 2053 205 2093 per
227 2039 425 2079 aestivum
455 2045 639 2093 tempus;
668 2041 781 2080 locus
802 2055 874 2080 or-

131 2104 252 2138 natus
272 2098 527 2150 digressione,
558 2099 692 2152 primo
718 2102 801 2142 339
823 2099 873 2138 de

130 2157 382 2196 Nomadibus
421 2158 571 2211 Libyae
612 2164 653 2196 et
696 2157 780 2200 349
823 2158 873 2197 de

130 2217 254 2256 terris
273 2214 515 2256 borealibus.
555 2217 679 2256 Refer
703 2217 757 2255 ad
774 2217 872 2260 295.

130 2278 230 2318 296.
248 2274 332 2314 vid.
354 2275 568 2314 Var.Lect.
609 2277 774 2314 Aestate
791 2276 874 2314 ita-

131 2347 209 2386 que
235 2333 435 2372 redeunte
464 2347 559 2374 oves
592 2341 633 2373 et
661 2348 806 2387 caprae
829 2334 874 2373 in

129 2406 280 2445 pascua
293 2392 536 2432 educuntor.
553 2393 667 2432 Conf.
681 2394 873 2446 Calpurn.

130 2452 277 2504 Ecloga
299 2452 590 2503 elegantissima
607 2452 656 2502 V,
672 2455 792 2494 16-
803 2454 873 2502 23,

129 2510 222 2549 ubi:
252 2511 311 2550 Ab
333 2525 459 2562 quum
478 2512 606 2563 longa
624 2511 710 2548 dies
732 2512 874 2549 sitien-

130 2577 188 2607 tes
217 2569 374 2621 aufiret
403 2577 539 2607 aestas
557 2600 568 2618 ,
614 2570 708 2607 Nec
738 2569 874 2621 fuerit

129 2629 316 2666 variante
342 2627 416 2665 deo
452 2627 647 2665 mutabile
684 2628 844 2665 caelum
858 2643 870 2664 :

130 2688 228 2726 Iam
247 2686 363 2724 silvis
374 2688 574 2723 committe
590 2699 738 2738 greges
747 2701 763 2733 ;
786 2688 873 2723 iam

130 2746 296 2797 longius
316 2743 461 2782 herbas
487 2745 645 2795 Quaere
654 2759 669 2791 ,·
691 2744 763 2781 sed
778 2751 872 2781 ante

128 2804 240 2843 diem
256 2817 383 2855 pecus
402 2811 531 2840 exeat.
578 2800 675 2844 324.
692 2804 874 2853 Sequen-

129 2865 190 2902 tia
213 2875 234 2901 e
261 2862 447 2901 Varrone
474 2861 522 2900 R.
545 2860 594 2900 R.
614 2860 662 2910 ΙΙ,
683 2863 724 2911 2,
752 2863 874 2902 10-

131 2925 198 2964 12.
238 2920 404 2973 Repetit
437 2933 580 2959 versus
608 2922 692 2962 322
711 2943 769 2949 —
787 2922 872 2962 337

129 2980 353 3021 Columella
382 2979 478 3030 VII,
502 2981 553 3030 3,
585 2980 665 3030 233
704 2985 870 3018 senten-

933 1512 1035 1551 tiam
1069 1526 1169 1552 vero
1212 1525 1305 1551 cum
1347 1511 1484 1551 verbis
1523 1512 1676 1552 Pallad.

935 1572 1036 1622 XII,
1068 1574 1142 1621 13,
1172 1568 1199 1611 4
1230 1583 1315 1622 sqq.
1346 1570 1575 1609 imitatione
1601 1584 1677 1610 ex-

934 1629 1083 1683 pressit
1110 1630 1302 1683 Calpurn.
1313 1629 1397 1668 Ecl.
1411 1629 1458 1680 V,
1471 1629 1522 1672 51
1539 1652 1596 1660 —
1607 1629 1676 1673 65.

935 1689 992 1728 Ut
1010 1688 1183 1741 Luczfer
1198 1696 1416 1741 personam
1442 1688 1506 1727 dei
1530 1688 1677 1727 induat

937 1754 978 1786 et
995 1761 1072 1800 pro
1103 1747 1166 1785 die
1186 1753 1459 1798 memoretur,
1499 1761 1522 1784 a
1545 1747 1677 1800 poetis

935 1805 1113 1844 maxime
1165 1804 1457 1844 Alexandrinis
1507 1805 1676 1845 videtur

934 1865 1177 1917 profectum.
1246 1863 1380 1902 Etiam
1430 1863 1475 1902 in
1526 1878 1676 1917 pompa

934 1921 1215 1962 Alexandrina
1232 1921 1490 1974 Philadelphi
1508 1922 1575 1962 ille
1600 1937 1676 1963 ex-

933 1981 1086 2021 hibitus
1107 1980 1218 2034 apud
1235 1980 1385 2020 Athen.
1404 1980 1452 2031 V,
1472 1995 1513 2034 p.
1535 1984 1618 2025 197
1628 1983 1674 2023 D.

937 2041 1167 2092 Car-pamas
1193 2054 1289 2078 rura
1301 2070 1312 2090 ,
1352 2039 1431 2092 ipsi
1460 2053 1675 2093 carpamus

931 2100 1041 2139 viam
1061 2130 1072 2150 ‚
1114 2098 1191 2137 iter
1209 2129 1220 2148 ,
1261 2097 1315 2137 ad
1347 2098 1414 2138 vel
1450 2111 1524 2151 per
1561 2113 1672 2140 rura.

932 2157 1034 2208 Alii,
1075 2156 1296 2196 educamus
1335 2170 1471 2209 greges
1499 2157 1552 2196 ad
1580 2172 1674 2198 car-

932 2217 1069 2270 penda
1091 2230 1211 2266 rura,
1243 2215 1285 2255 h.
1304 2228 1338 2255 e.
1357 2215 1554 2268 gramina,
1573 2216 1674 2257 her-

931 2277 1025 2315 bas:
1048 2281 1270 2328 praeeunte
1287 2275 1447 2314 Servio:
1479 2289 1674 2329 „carpere

933 2348 1121 2387 cogamus
1143 2334 1328 2386 capras.“
1375 2333 1531 2373 Imitari
1551 2349 1673 2374 ausus

933 2400 994 2432 est
1025 2394 1175 2431 Seneca
1205 2392 1324 2430 Herc.
1355 2392 1435 2431 fur.
1459 2394 1540 2434 139
1580 2395 1672 2433 Ρα-

932 2461 1014 2490 stor
1036 2451 1180 2504 gelida
1218 2465 1327 2489 cana
1349 2452 1506 2501 pruina
1538 2452 1673 2505 Grege

933 2511 1099 2549 dimisso
1118 2508 1283 2560 pabula
1311 2510 1458 2559 carpit.
1496 2506 1555 2562 (et
1577 2525 1671 2549 car—

926 2584 1025 2621 pere
1046 2568 1096 2606 de
1117 2567 1252 2606 eundo
1281 2581 1366 2605 non
1386 2566 1554 2607 videtur
1572 2569 1671 2608 sim-

931 2627 1093 2680 pliciter
1121 2625 1223 2675 dici,
1255 2625 1327 2663 sed
1357 2624 1516 2666 adiecto
1537 2630 1666 2678 viam,

932 2688 1007 2724 iter
1027 2715 1037 2735 ,
1092 2684 1159 2723 vel
1187 2698 1325 2733 cursu,
1353 2683 1490 2736 ficga.
1540 2685 1668 2741 Wr.)

935 2746 1032 2786 326.
1063 2743 1176 2781 Idem
1203 2755 1345 2781 versus
1369 2743 1451 2782 Ecl.
1475 2744 1579 2795 VIII,
1602 2745 1668 2789 15.

933 2802 1125 2841 Imitatur
1143 2802 1298 2840 Nemes.
1321 2802 1402 2841 Ecl.
1422 2801 1452 2852 I,
1477 2806 1515 2845 7.
1538 2805 1577 2845 8.

992 2863 1089 2903 327.
1129 2860 1335 2899 Palladius
1370 2861 1460 2899 loco
1500 2861 1667 2902 laudato

930 2917 974 2972 ᾗ.
996 2918 1023 2961 4
1054 2919 1211 2968 Quarta
1230 2918 1333 2958 hora
1348 2920 1570 2960 calescente
1581 2937 1667 2974 po-

930 2986 994 3016 tus
1009 2979 1311 3031 purifluminis
1328 2986 1402 3017 aut
1413 2982 1667 3033 puteiprae-
