1768 3320
288 269 291 275 ¹
343 194 512 246 vrrA
541 191 928 265 12„mean
963 193 1284 244 MARole
1513 213 1581 248 cv

46 329 168 376 poeta
180 352 193 374 ,
222 335 308 362 non
327 322 444 376 prius
458 321 726 376 persequendi
743 321 836 360 finis
862 321 959 372 suit,
991 335 1114 374 quam
1134 335 1175 360 se
1195 322 1238 361 in
1254 322 1429 362 fluvium
1445 325 1580 378 Virgi-

46 381 126 421 lius
142 380 391 420 coniecisset.
454 381 535 420 Sed
551 386 710 434 postea,
740 378 992 430 Maecenate,
1023 386 1066 419 et
1089 380 1290 430 Pollione,
1322 386 1362 419 et
1384 382 1472 435 ipso
1493 383 1580 423 Au-

46 445 167 493 gusto
185 438 435 490 faventibus,
466 450 582 492 agros
602 452 695 478 suos
713 438 878 491 recepit.

163 497 313 537 XXIII.
343 499 517 538 Intentio
545 497 662 547 libri,
708 510 831 548 quam
863 492 1020 538 σκοπόν
1045 495 1190 534 Graeci
1222 503 1400 546 vocant,
1440 497 1638 540 imita-97

46 555 158 595 fiune
182 553 398 595 Theocriti
419 561 564 608 poetae
593 555 882 605 constituitur,
935 554 1006 606 qui
1034 554 1193 593 Siculus
1230 560 1273 593 et
1301 556 1580 607 Syracusanus

6 625 14 635 ‘
46 613 137 654 suit.
191 613 269 653 -Est
292 613 467 653 intentio
499 613 621 653 etiam
653 613 892 653 in-laudem
917 612 1119 662 caesaris,
1157 618 1200 651 et
1223 612 1452 666 principum
1470 620 1581 653 cete-

45 685 214 722 πωπω,
242 685 317 726 per
343 686 446 724 quos
472 672 515 711 in
541 671 655 711 sedes
685 685 778 711 suas
810 671 954 711 rediit:
984 671 1115 720 unde,
1145 676 1196 710 ut
1213 677 1256 709 et
1271 670 1582 711 delectationem

47 735 88 769 et
105 729 327 770 utilitatem
351 730 444 770 finis
462 731 710 780 contineret,
741 729 966 769 secundum
981 735 1197 782 praecepta
1223 736 1373 768 cuncta
1393 731 1580 770 confecit.

0 787 7 814 ⁹
47 788 204 838 Quaeri
227 789 352 838 solet,
392 803 468 828 cur
491 803 575 829 non
595 789 733 842 plures
763 803 886 841 quam
913 788 1054 827 decem
1084 788 1251 840 Eclogas
1277 788 1639 842 conscripserit298

3 860 4 863 ’
46 845 161 899 quod
186 861 444 900 nequaquam
468 847 702 886 mirandum
721 847 931 887 videbitur
951 846 1009 895 ei,
1041 847 1110 898 qui
1130 846 1450 886 consideraverit
1468 854 1582 886 aeta-

0 940 6 954 .
35 910 133 945 ’tem
151 918 366 945 scenarum
391 906 679 959 pastoralium,
711 919 814 958 quae
839 906 950 944 ultra
978 904 1092 944 hunc
1109 918 1326 944 numerum
1344 919 1426 944 non
1446 912 1583 958 potest

0 983 10 1013 ,·,
46 964 244 1018 proferri3
273 965 511 1018 praesertim
543 978 635 1003 cum
664 964 747 1017 ipse
772 970 894 1017 poeta
913 963 1245 1016 circumspectior
1264 963 1502 1014 Theocrito,
1533 970 1583 1003 ut

0 1043 1 1046 ¹
46 1023 135 1076 ipsa
154 1016 220 1062 res
235 1022 414 1073 indicat,
450 1023 640 1062 videatur
660 1029 859 1073 metuere,
889 1035 940 1061 ne
958 1022 1027 1060 illa
1043 1022 1189 1074 Ecloga
1202 1052 1212 1070 ‚
1244 1035 1347 1073 quae
1365 1021 1493 1076 Pollio
1513 1022 1580 1061 in-

0 1110 3 1129 3
47 1080 244 1120 scribitur
258 1111 270 1131 ,
302 1082 437 1124 minus
457 1081 611 1120 rustica
632 1081 847 1131 videatur,
880 1094 972 1119 cum
998 1080 1127 1133 ipsam
1159 1080 1216 1118 sic
1232 1085 1466 1133 praestruat
1481 1081 1581 1133 ipse,

0 1144 26 1191 ἰ
50 1138 208 1189 dicens,
238 1139 431 1179 Sicelides
465 1141 615 1180 Musae
629 1170 640 1189 ,
665 1140 816 1192 paullo
845 1141 1005 1177 maim-a
1021 1153 1246 1177 canamus:
1281 1145 1323 1178 et
1340 1138 1447 1177 idem
1466 1139 1581 1177 simi-

17 1226 22 1239 .
47 1197 143 1237 liter
160 1198 205 1237 in
221 1197 309 1236 aliis
328 1198 486 1238 duabus
507 1198 616 1237 facit.
675 1197 781 1236 nlud
799 1197 1023 1237 tenendum
1041 1209 1125 1235 esse
1144 1197 1414 1249 praedicimus
1435 1197 1477 1236 in
1495 1198 1582 1236 Bu·
1593 1201 1640 1235 99

49 1251 186 1296 colicis
203 1256 376 1309 Virgilii,
406 1269 538 1308 neque
563 1269 776 1308 nusquam,
807 1269 936 1307 neque
956 1255 1106 1307 ubique
1124 1255 1277 1307 aliquid
1299 1255 1471 1307 figurate
1489 1255 1582 1306 dici,

48 1313 130 1354 hoc
160 1320 219 1353 est
237 1344 249 1365 ,
292 1328 368 1369 per
399 1315 641 1367 allegoriam.
709 1315 789 1354 Vix
818 1314 925 1353 enim
950 1319 1118 1367 propter
1149 1313 1312 1352 laudem
1338 1314 1516 1353 Caesaris
1541 1319 1584 1353 et

49 1373 215 1412 amissos
240 1386 356 1426 agros
383 1372 486 1412 haec
516 1373 682 1426 Virgilio
710 1373 1016 1423 conceduntur3
1056 1385 1148 1410 cum
1168 1370 1431 1422 Theocritus,
1463 1385 1584 1424 quem

48 1429 119 1471 hic
144 1426 283 1471 noster
312 1437 404 1472 toto
429 1431 568 1470 studio
605 1431 762 1470 imitari
788 1437 986 1481 conatur,
1025 1429 1260 1483 simpliciter
1290 1430 1455 1470 omnino
1482 1444 1583 1469 con-

49 1489 268 1544 scripserit.
1285 1504 1289 1508 ’

167 1560 318 1600 XXIV.
349 1559 475 1610 Quod
493 1565 630 1599 autem
651 1559 695 1599 in
714 1560 802 1613 ipso
820 1559 998 1599 carmine
1015 1558 1187 1598 tractari
1205 1558 1327 1609 solet,
1360 1565 1421 1598 est
1437 1573 1583 1598 nume-
1596 1559 1666 1594 100

49 1633 134 1668 rue,
168 1618 280 1669 oudo,
309 1619 560 1670 explanatio.
605 1619 818 1658 Numems
834 1619 1074 1670 Eclogarum
1093 1617 1331 1656 manifestus
1349 1623 1422 1656 est.
1480 1617 1583 1656 Nam
1597 1619 1662 1654 101

51 1676 189 1715 decem
208 1682 329 1716 sunt:
358 1689 411 1716 ex
428 1677 576 1729 quibus
592 1677 757 1729 proprie
777 1677 989 1717 Bucolieae
1009 1675 1079 1715 Vll
1108 1688 1192 1714 esse
1211 1675 1462 1715 creduntur:
1492 1689 1585 1716 nam

49 1741 135 1775 tres
154 1735 322 1775 ultimae
339 1735 502 1788 proprie
519 1735 731 1774 Bucolicae
758 1735 839 1774 dici
863 1749 948 1774 non
970 1734 1140 1783 debent,
1168 1734 1297 1773 Pollio
1311 1734 1483 1782 seilicet,
1518 1734 1584 1772 Si-

50 1794 185 1843 lenus,
216 1799 259 1833 et
287 1793 438 1833 Gallus.
496 1793 633 1832 Prima
654 1793 777 1846 igitur
801 1794 986 1832 eontinet
1016 1792 1343 1844 conquestionem
1369 1792 1584 1845 publicam,

51 1858 95 1891 et
121 1848 324 1905 privatam
353 1851 746 1905 congratulationem
773 1852 823 1890 de
857 1866 975 1904 agro,
1018 1857 1060 1889 et
1089 1850 1243 1889 dicitur
1269 1851 1448 1903 Tityrus.
1509 1852 1584 1889 Se—

45 1910 188 1961 cunda
218 1916 398 1950 amorem
423 1910 564 1963 pueri,
605 1916 646 1948 et
672 1910 824 1950 dicitur
852 1910 1000 1949 Alexis.
1060 1909 1199 1948 Tertia
1216 1915 1422 1948 certamen
1444 1915 1586 1962 pasto-

50 1982 167 2019 rum,
200 1974 241 2007 et
268 1968 419 2008 dicitur
439 1969 666 2008 Palaemon.
726 1968 886 2018 Quarta
907 1966 1223 2021 genethliacum,
1265 1974 1307 2006 et
1324 1967 1476 2006 dicitur
1490 1967 1586 2006 Pol-

51 2027 120 2067 lio.
179 2027 335 2076 Quinta
355 2026 627 2080 epitaphium,
658 2033 700 2066 et
715 2027 866 2067 dicitur
886 2026 1079 2079 Daphnis.
1137 2028 1262 2065 Sexta
1279 2025 1587 2078 metamorpho-

53 2085 139 2136 sin,
176 2088 218 2125 οἱ
249 2085 401 2124 dicitur
429 2086 588 2134 Varus,
628 2092 670 2124 et
699 2086 869 2125 Silenus.
937 2085 1115 2137 Septima
1143 2098 1300 2123 amores
1329 2083 1586 2123 diversorum

53 2156 250 2194 sexuum,
293 2149 334 2182 et
361 2143 514 2183 dicitur
538 2143 744 2196 Corydon.
804 2144 962 2183 octava
991 2142 1342 2193 Pharmaceutria,
1374 2148 1414 2180 et
1432 2142 1586 2180 dicitur

52 2202 223 2242 Damon.
281 2202 399 2241 Nona
426 2202 606 2241 continet
628 2209 771 2254 poetae
794 2202 1125 2254 conquestionem
1158 2201 1208 2240 de
1230 2201 1375 2239 amisso
1398 2215 1514 2253 agro,
1545 2205 1586 2238 et

55 2260 207 2315 dicitur
246 2260 408 2299 Moeris.
437 2255 439 2257 ’
487 2260 650 2298 Decima
688 2261 934 2300 desiderium
972 2259 1099 2309 Galli,
1160 2266 1202 2298 et
1234 2259 1386 2298 dicitur
1433 2258 1584 2297 Gallus.

54 2318 181 2369 Quod
208 2317 261 2357 ad
294 2319 472 2357 ordinem
497 2324 677 2371 spectat,
718 2319 820 2358 illud
844 2319 945 2358 scire
964 2317 1155 2356 debemus
1164 2348 1176 2368 ,
1206 2318 1249 2356 in
1271 2317 1404 2370 prima
1421 2319 1667 2356 tantum102

53 2383 98 2417 et
127 2378 274 2417 ultima
300 2377 448 2430 Ecloga
476 2383 641 2430 poetam
670 2378 845 2417 'voluisse
874 2376 1060 2416 ordinem
1097 2389 1283 2426 servare3
1322 2375 1514 2427 quoniam
1542 2375 1586 2413 in

55 2436 183 2475 ultera
205 2435 451 2490 principium
471 2435 706 2475 constituit:
733 2436 843 2475 utin
866 2434 1070 2488 Georgicis
1092 2434 1170 2473 ait:
1215 2436 1346 2486 Tityre
1363 2442 1400 2471 te
1415 2434 1587 2486 patulae

101 2563 134 2608 §.
152 2562 210 2599 97.
244 2559 410 2597 Intentio
442 2562 539 2597 libri.
587 2562 720 2597 Eadem
752 2562 790 2596 in
848 2562 929 2595 dem
955 2560 1168 2605 Eclogarum
1193 2558 1290 2593 tituli
1318 2559 1503 2593 commode
1523 2570 1588 2592 ex—

55 2612 152 2645 Serv.
171 2608 258 2643 ibid.
277 2610 308 2655 §.
330 2610 364 2645 8.
847 2607 967 2656 pressi
984 2614 1077 2641 suut.

102 2658 134 2702 §.
156 2658 215 2694 98.
246 2658 384 2699 Quaeri
410 2657 516 2691 solet.
563 2655 636 2691 Vix
657 2655 792 2689 habeas
917 2656 1134 2689 Palaemon.
1189 2656 1334 2687 Sneton.
1375 2653 1421 2686 de
1458 2652 1588 2685 illustr.

55 2702 196 2746 dicere,
228 2710 305 2738 utra
333 2703 501 2738 stolidior
521 2703 588 2747 sit,
614 2702 794 2749 quaestio-
850 2704 1043 2737 Grammat.
1073 2714 1103 2734 c.
1129 2701 1177 2736 23
1206 2700 1251 2733 de
1278 2699 1438 2733 Remmio
1458 2699 1589 2733 Palae-

56 2762 103 2784 ne
121 2762 166 2784 an
188 2749 262 2785 eiua
282 2750 427 2785 solutio.
850 2762 971 2784 mone:
997 2749 1230 2801 Arrogantia
1242 2745 1324 2793 suit
1343 2755 1470 2788 tanta,
1495 2754 1588 2779 et—

166 2798 224 2864 92.
264 2810 384 2844 neque
417 2810 621 2843 nusquam,
672 2808 792 2842 neque
848 2809 980 2831 nomen
1009 2798 1117 2829 suum
1146 2807 1186 2828 ιη
1218 2794 1403 2828 Bucolicis
1426 2805 1501 2827 non
1531 2800 1590 2825 te-

60 2842 212 2897 ubique‚
234 2843 305 2878 hoc
323 2856 410 2878 vero
438 2852 539 2878 acute
556 2845 647 2878 dixit
662 2845 791 2877 Gram—
850 2857 950 2878 mere
982 2843 1168 2890 positum,
1214 2841 1296 2882 sed,
1326 2841 1592 2888 praesagiente

56 2896 215 2923 mancus.
260 2891 392 2936 Eadem
415 2891 453 2925 in
476 2895 574 2925 Serv.
600 2892 626 2925 l.
651 2891 675 2924 l.
709 2891 741 2936 §.
757 2891 794 2926 9.
857 2891 1037 2936 Virgilio,
1062 2888 1154 2936 sore
1182 2888 1403 2934 quandoque
1436 2886 1592 2920 omnium

61 2940 117 2973 10.
142 2936 213 2970 vid.
229 2936 363 2982 disput.
378 2939 425 2972 de
440 2937 604 2973 bucolico
623 2939 795 2972 carmine.
849 2945 1049 2986 poetarum
1081 2948 1127 2969 ac
1149 2943 1361 2983 poematum
1396 2933 1591 2966 Palaemo-

106 2984 137 3030 §.
161 2985 240 3019 101.
266 2985 394 3020 Prima
409 2986 539 3031 igitur.
581 2986 638 3021 Ne
656 2985 696 3020 hi
714 2983 796 3031 qui·
855 2997 938 3020 nem
958 2984 1124 3018 iudicem.
