1768 3320
131 194 203 241 72
478 185 534 234 Ρ.
570 176 923 233 VIRGILII
965 166 1335 224 MARONIS

134 315 247 364 Nec
268 319 450 360 tamen
467 310 670 359 interea
687 319 899 365 raucae,
934 308 1023 348 tua
1042 312 1186 358 cura,
1223 291 1520 360 palumbeS,

136 386 249 434 Nec
274 395 495 446 gemere
515 378 652 428 aeria
671 371 892 426 cessabit
907 377 1082 418 turtur
1098 364 1162 414 ab
1180 363 1347 415 ulm0.
1430 432 1441 444 ⁹

140 469 187 504 T.
223 454 362 502 Ante
378 449 521 499 leves
544 462 670 512 ergo
692 448 974 511 pascentur
992 438 1046 486 in
1066 434 1285 485 aethere
1304 449 1460 499 cervi,

138 524 207 573 Et
221 519 357 570 freta
377 519 666 569 destituent
683 511 859 563 nudos
877 510 931 558 in
947 507 1105 556 litore
1122 504 1307 572 piscis:

1591 437 1659 484 60

188 626 235 662 58
259 625 366 658 rauci
381 624 474 668 apud
491 622 582 657 Pier.
599 616 770 653 nonnulli.
837 614 882 650 59
904 616 1001 646 Serv.
1021 610 1057 645 h.
1075 610 1099 644 1.
1122 609 1262 644 laudat:
1289 616 1419 662 tum-cr
1439 605 1596 642 cessabit
1615 606 1662 642 ab

145 685 180 706 u.
265 673 311 708 60
334 673 373 705 in
401 671 552 704 aethera
572 667 661 701 Gud.
684 672 719 698 et
746 664 814 696 duo
832 661 911 695 alii:
945 664 1087 704 quartus
1107 658 1237 691 Moret.
1265 667 1332 702 pro
1353 655 1492 690 diversa
1509 655 1592 690 lect.
1621 656 1663 690 in

145 730 304 765 aequore
322 744 331 760 ,
368 717 462 762 quod
494 716 539 750 ad
565 715 673 748 iustas
710 706 946 755 oppositionis
983 706 1082 750 leges
1114 702 1412 739 accommodatius
1449 702 1563 737 foret:
1611 703 1663 749 (at

144 765 280 799 variata
301 764 415 798 oratio
436 762 587 796 suavior.
629 757 722 802 Wr.)
771 756 890 800 itaque
917 753 1037 798 placet
1061 754 1177 785 Burm.
1205 757 1241 784 et
1266 750 1421 785 Trillero
1449 750 1551 784 Obss.
1576 749 1662 784 Crit.

146 813 232 848 c.27
245 819 282 845 et
299 811 382 845 olim
401 810 550 849 Cerdae3
574 806 693 841 malim
714 811 750 838 et
767 803 856 848 ipse,
877 800 984 834 modo
1006 811 1078 833 non
1094 804 1332 833 correctorem
1348 797 1539 832 redoleret.
1587 799 1664 832 Re-

146 858 246 904 cepit
263 871 352 892 nunc
363 855 574 893 Wakefield.
623 854 745 898 (Acute
765 849 856 883 vidit
877 846 1031 889 Iahnius,
1051 848 1091 880 in
1111 858 1270 892 aequore
1294 857 1337 879 ex
1354 857 1406 891 sq.
1415 846 1456 879 in
1473 844 1583 879 litore
1599 856 1664 878 or·-

146 913 223 939 tum
245 918 331 940 esse.
380 902 561 938 Sententia
573 927 582 944 ,
606 900 637 933 si
658 910 817 944 aequore
833 895 964 940 probas
980 920 988 936 ,
1013 894 1102 927 haec
1120 899 1191 926 est:
1217 898 1299 926 ante
1315 891 1410 926 cervi
1430 891 1579 937 piscium
1597 904 1665 926 na-

148 959 264 986 turam
282 952 443 991 induent;
468 949 547 990 ubi,
573 947 656 993 quid
676 944 744 978 sibi
771 943 859 977 velit
873 942 984 982 levis,
1008 952 1081 974 non
1103 939 1295 984 intelligas.
1342 939 1467 984 Longe
1485 938 1581 973 aliud
1599 945 1665 981 est,

150 1000 245 1045 quod
258 999 386 1044 legitur
400 1000 484 1031 Aen.
502 997 547 1038 V,
560 995 649 1030 819.:
675 988 922 1037 ‚,(Neptunus)
948 987 1117 1021 Caeruleo
1139 999 1162 1032 p
1177 999 1222 1020 er
1247 998 1414 1021 summa
1436 986 1561 1020 levis
1584 997 1666 1021 vo-

147 1047 192 1081 la
203 1052 221 1079 t
243 1058 290 1080 ae
302 1058 324 1091 q
336 1057 357 1077 u
369 1055 389 1078 o
402 1056 449 1078 ra
472 1044 605 1077 curru.“
661 1042 774 1084 Atque
793 1044 831 1070 ut
849 1036 947 1069 leves
964 1035 1064 1068 cervi
1079 1046 1203 1080 parum
1224 1039 1344 1078 aptum
1361 1033 1562 1067 natantibus
1585 1033 1667 1078 epi-

150 1093 289 1134 theton,
309 1092 359 1125 sic
376 1090 593 1135 aptissimum
613 1085 832 1121 volantibus:
857 1085 943 1116 Aen.
959 1083 1005 1124 V,
1025 1082 1124 1119 838.:
1149 1080 1295 1124 „levis
1322 1093 1342 1115 a
1354 1080 1432 1114 eth
1444 1080 1564 1129 eriis
1589 1081 1666 1114 de-

150 1141 228 1186 lap
241 1153 256 1173 s
270 1152 289 1173 u
300 1152 316 1172 s
340 1141 484 1172 Somnus
499 1137 542 1170 ab
561 1134 701 1169 astris.“
725 1133 786 1174 VI,
809 1132 863 1167 16.
878 1142 884 1163 :
911 1128 1341 1175 „(Daedalas)1nsuetum
1358 1140 1424 1173 per
1442 1127 1513 1162 iter
1531 1127 1667 1173 gelidas

153 1187 270 1222 enavit
287 1186 332 1220 ad
348 1187 472 1219 Arctos
483 1210 492 1225 ,
517 1180 785 1225 Chalcidicaque
800 1178 839 1211 le
852 1190 870 1211 v
883 1176 924 1210 is
948 1176 1092 1210 tandem
1119 1187 1226 1220 super
1254 1175 1395 1209 adstitit
1414 1178 1531 1210 arce.“

1570 1175 1666 1220 Wr.)

153 1237 196 1271 61
222 1234 322 1268 nudo
340 1233 378 1266 in
399 1232 523 1265 littore
540 1241 625 1263 unus
648 1229 758 1269 Ven.,
784 1225 935 1259 deberet
962 1223 1089 1258 saltem
1110 1223 1265 1258 nudato.
1314 1222 1434 1268 (Hafn.
1452 1225 1492 1258 A.
1523 1223 1573 1259 ad
1600 1223 1668 1258 lic-

156 1290 250 1315 tora.
273 1279 366 1322 Wr.)

153 1367 207 1407 sit
223 1366 283 1405 ad
295 1379 419 1404 auras
436 1378 587 1412 canere,
617 1361 742 1400 disces
757 1373 808 1398 ex
828 1359 878 1409 Q.

122 1456 131 1462 .
154 1425 201 1465 V.
226 1425 287 1473 X,
330 1426 366 1464 1.
413 1421 709 1461 Frondatorem
733 1430 881 1471 perpe-

154 1496 242 1522 ram
256 1481 417 1520 Servius
438 1480 573 1519 avium
589 1477 794 1530 quoddam
811 1489 881 1528 ge-

157 1554 232 1579 nus
261 1551 343 1577 esse
378 1537 541 1587 statuit,
598 1536 789 1588 deceptus
815 1534 882 1572 ille

158 1597 333 1637 transitu
369 1596 421 1644 ad
448 1608 539 1635 aves
566 1607 638 1646 per
663 1593 770 1632 hanc
794 1592 882 1631 for-

160 1656 309 1694 mulam
328 1654 434 1692 sacto
464 1667 535 1691 nec
560 1654 691 1690 mimos
718 1652 880 1688 interea.

162 1712 375 1751 Meliboeus
409 1710 669 1762 multiplicem
707 1707 885 1746 amoeni-

161 1776 289 1809 tatem
332 1768 446 1807 istius
492 1767 646 1820 praedii
690 1766 886 1804 extollens

164 1832 449 1867 commemorat
472 1826 646 1878 primum
666 1824 817 1863 flumen
840 1836 888 1861 ac

165 1887 319 1925 sontem
338 1883 469 1936 opacis
494 1883 704 1922 fruticibus
732 1882 798 1921 vel
818 1895 887 1920 ar·-

165 1943 330 1982 boribus
351 1941 652 1991 obumbratum3
680 1946 770 1979 tum
789 1953 891 1992 pro-

168 2001 365 2054 pinquum
383 1999 607 2049 salicetum,
638 2012 757 2051 apum
777 1997 891 2050 copia

168 2060 486 2109 frequentatum,
516 2057 694 2106 vineam,
724 2055 789 2094 cui
815 2069 891 2094 ru-

168 2129 238 2169 pes
255 2115 454 2164 imminet,
497 2120 537 2153 et
554 2115 751 2153 maiorum
770 2113 890 2152 arbo-

169 2187 263 2212 rum
281 2173 431 2221 silvam,
463 2186 560 2223 quas
579 2178 715 2210 amant
732 2171 892 2224 palum-

169 2231 239 2270 bes
257 2237 298 2269 et
313 2236 505 2269 turtures.
563 2232 652 2269 Nec
678 2232 811 2268 minas
827 2231 894 2267 im·

171 2296 297 2338 terea,
327 2287 352 2326 i.
371 2301 403 2326 e.
426 2293 466 2325 et
483 2287 600 2326 simul
618 2302 709 2326 cum
726 2286 894 2325 fronda-

173 2345 273 2384 toris
294 2346 337 2384 in
354 2346 471 2385 vinea
488 2346 670 2397 occupati
696 2350 820 2384 cantu
845 2357 897 2383 ex

174 2402 251 2441 alia
277 2409 392 2455 parte
425 2403 670 2455 palumbium
701 2401 897 2441 silvestri-

172 2461 249 2501 bus
274 2460 372 2499 locis
403 2460 695 2500 nidificantium
728 2460 897 2512 gemitus

175 2518 376 2558 audietur.
431 2518 584 2557 Turtur
602 2518 685 2557 avis
705 2517 897 2556 domesti-

176 2590 242 2626 ca,
289 2576 332 2614 in
366 2575 469 2614 villis
493 2576 641 2614 nutriri
666 2575 801 2625 solita;
849 2575 897 2613 cf.

174 2634 291 2673 Varr.
318 2632 368 2671 de
395 2633 443 2671 R.
468 2634 515 2671 R.
544 2634 616 2682 111,
656 2635 695 2674 8.
744 2632 896 2671 Colum.

176 2691 276 2741 VIII,
295 2693 334 2733 9.
351 2690 500 2729 Pallad.
518 2691 547 2740 I,
566 2691 634 2733 25.
665 2690 720 2727 De
736 2690 896 2742 palum-

175 2748 291 2787 bibus
323 2748 491 2799 loquens
525 2748 583 2786 ita
615 2747 741 2786 refert
797 2747 897 2785 Plin.

176 2806 280 2845 Hist.
305 2805 396 2844 Nat.
427 2806 469 2844 X
488 2834 498 2854 ,
546 2805 637 2848 35.:
696 2834 719 2853 „
737 2805 898 2853 Cantus,

178 2863 361 2903 omnibus
377 2884 435 2893 -
466 2862 491 2901 i.
510 2875 542 2901 e.
569 2863 678 2901 omni
692 2860 899 2899 columba-

177 2936 266 2960 rum
277 2922 481 2974 generi·—
495 2921 629 2959 similis
647 2924 767 2969 atque
782 2918 900 2967 idem,

937 1359 1047 1399 trino
1067 1358 1282 1398 conficitur
1297 1371 1419 1399 versu
1431 1366 1673 1413 praeterque

937 1418 981 1457 in
999 1418 1177 1457 clausula
1193 1418 1401 1470 gemitu:
1430 1417 1561 1457 hieme
1578 1432 1672 1458 mu-

938 1476 1004 1526 tis,
1031 1490 1055 1514 a
1070 1489 1167 1516 vere
1188 1475 1437 1515 vocalibus.“
1466 1476 1583 1515 Unde
1605 1477 1672 1516 in-

937 1534 1154 1586 telligitur,
1185 1534 1269 1573 falli
1290 1547 1375 1583 eos,
1406 1533 1476 1586 qui
1497 1541 1673 1585 tantum,

940 1606 1066 1644 quum
1083 1592 1298 1643 incubent,
1339 1605 1483 1631 canere
1497 1593 1588 1632 illos
1605 1606 1674 1633 re-

942 1651 1095 1700 ferant,
1154 1664 1367 1704 perperam
1414 1650 1536 1690 allato
1583 1651 1675 1690 loco

943 1709 1043 1748 Plin.
1069 1708 1219 1759 XVIII,
1249 1710 1319 1750 28.
1379 1708 1567 1748 Ceterum
1588 1710 1676 1748 sor-

943 1767 1054 1807 mula
1078 1766 1311 1805 transitioni
1337 1763 1559 1807 inserviens
1585 1768 1677 1806 Nee

944 1827 1097 1875 minas,
1158 1830 1200 1864 et
1236 1825 1328 1864 Nee
1359 1826 1493 1864 minus
1528 1827 1678 1864 interea

947 1883 1122 1923 multum
1165 1883 1224 1922 fre
1252 1888 1449 1922 uentatur
1491 1882 1678 1936 Virgili03

947 1942 1000 1980 cs.
1016 1939 1116 1980 Aen.
1142 1940 1179 1990 I,
1218 1944 1244 1983 6
1277 1943 1315 1983 3.
1354 1940 1428 1990 ΠΙ,
1465 1938 1563 1983 482.
1610 1940 1677 1990 VI,

947 2002 1045 2041 211.
1063 1997 1161 2042 475.
1202 1998 1294 2049 VH,
1334 1998 1430 2042 572.
1469 1999 1549 2049 XI,
1578 2001 1677 2041 208.

946 2057 1047 2107 XII,
1078 2055 1175 2099 746.
1218 2058 1289 2097 JV
1282 2054 1337 2111 r.)

1008 2117 1076 2157 60.
1105 2114 1212 2153 Ante
1226 2115 1332 2154 leves
1350 2129 1457 2167 ergo,
1484 2114 1598 2166 quasi
1615 2114 1680 2153 di-

950 2179 1034 2212 cat:
1064 2179 1175 2212 recte
1191 2170 1336 2224 'ntique
1351 2172 1453 2211 haec
1468 2172 1576 2212 bona
1591 2186 1682 2211 mea

952 2244 1174 2281 enumeras,
1198 2230 1403 2282 Meliboee,
1429 2236 1471 2270 et
1488 2238 1680 2284 propter-

953 2303 999 2328 ea
1012 2295 1128 2342 grato
1153 2302 1227 2342 per
1243 2295 1375 2328 totam
1400 2288 1530 2329 vitam
1544 2289 1586 2328 in
1605 2303 1682 2342 pa-

951 2354 1121 2387 tronum
1154 2360 1290 2386 meum
1336 2361 1405 2386 ero
1440 2347 1594 2397 anjm03
1638 2346 1684 2386 id

954 2406 1065 2458 quod
1082 2405 1246 2446 omnino
1267 2405 1320 2444 ad
1337 2406 1530 2458 pietatem
1546 2405 1685 2444 liberti

953 2464 1172 2517 spectabat.
1231 2465 1456 2502 Pas-centur
1468 2464 1512 2502 in
1528 2462 1684 2502 aethere

954 2523 1077 2572 cerui,
1123 2535 1199 2574 pro
1222 2522 1443 2571 volabunt,
1490 2528 1528 2559 et
1550 2522 1685 2559 marla

953 2579 1162 2618 destituent
1170 2580 1318 2630 piscis,
1355 2578 1398 2618 h.
1426 2584 1467 2617 et
1490 2578 1617 2631 pisces
1641 2578 1686 2618 in

952 2638 1056 2676 sicco
1074 2637 1236 2688 vivent3
1263 2637 1401 2688 itaque
1417 2637 1547 2674 nudos
1567 2636 1685 2676 dixit.

956 2692 998 2748 (i.
1028 2708 1061 2734 e.
1088 2709 1171 2734 non
1196 2695 1366 2748 amplius
1391 2693 1512 2733 undis
1542 2699 1684 2734 tectos.

956 2754 1102 2790 Burm.
1124 2759 1165 2791 et
1185 2751 1280 2807 Sp.)
1342 2751 1529 2791 Assumta
1549 2758 1686 2791 autem

956 2810 1128 2849 formula
1153 2824 1205 2849 ex
1231 2810 1398 2863 antiquo
1415 2823 1609 2849 sermone.
1645 2822 1685 2848 v.

956 2866 1154 2908 Herodot.
1171 2868 1219 2918 V,
1250 2870 1318 2918 92,
1353 2871 1389 2910 1.
1421 2868 1524 2908 cons.
1544 2867 1615 2907 ins.
1635 2866 1687 2905 ad

960 2924 1039 2963 Ecl.
1060 2925 1115 2974 V,
1147 2929 1214 2968 76.
