1768 3320
335 262 855 313 ADGA‘RMINA
902 261 1312 311 BUCOLICA
1532 272 1596 316 37

81 399 191 454 tur,
225 389 405 439 mitius
429 388 498 439 de
518 405 575 438 se
594 387 904 438 iudicarent.
979 385 1090 436 Sed
1111 388 1215 436 iam
1249 406 1276 436 a
1310 388 1478 437 milite
1518 389 1600 438 of—

80 457 237 509 senso
246 458 518 509 —tumultus
541 458 667 522 orti,
705 456 861 506 multi
885 457 1066 521 occisi,
1095 474 1397 524 parumque
1420 457 1601 521 abfuit,

81 529 211 596 quin
235 529 349 595 ipse
374 529 440 579 ab
462 529 524 578 iis
545 526 952 579 interficeretur.
1428 545 1434 554 ’

218 598 383 661 Quod
425 615 596 666 quum
628 615 694 648 eo
726 606 966 664 spectare
1010 597 1232 646 sentiret
1268 596 1602 659 Octavianus,

79 677 140 718 ut
163 666 319 729 miles
343 669 451 719 iam
482 669 538 718 in
560 668 738 718 studio
771 667 986 732 segnior
1012 667 1171 715 nimis
1212 664 1603 729 offenderetur,

81 737 264 788 denuo
294 738 420 789 huic
449 755 664 788 morem
695 753 885 803 gerere
921 737 1123 804 coepit,
1171 735 1439 803 populum
1472 753 1604 785 vero

80 825 109 858 a
135 825 195 859 se
222 818 490 872 avertere,
537 810 607 858 ita
632 816 694 858 ut
723 808 829 857 iam
862 807 1033 857 modo
1069 806 1140 856 ob
1171 806 1386 872 populi,
1431 805 1603 855 modo

80 878 152 928 ob
196 878 375 928 militis
406 877 651 928 favorem
684 877 824 927 male
857 877 1094 941 audiret,
1138 885 1399 943 utrosque
1431 875 1603 926 modo

80 946 415 1011 offenderet,
451 948 623 998 modo
643 947 897 1014 placaret,
934 963 1269 1014 possessores
1290 945 1417 1012 pelli
1439 963 1496 995 se
1525 947 1605 995 in-

79 1019 211 1068 iuria
233 1059 248 1082 ,
301 1017 496 1069 milites
526 1035 640 1067 non
671 1034 773 1085 pro
807 1034 903 1084 spe
942 1017 1264 1067 meritorum
1304 1017 1511 1066 tractari
1550 1033 1606 1065 se

81 1098 385 1156 querentes,
474 1088 584 1138 Sed
622 1097 805 1137 tamen
851 1104 1022 1154 quum
1064 1104 1092 1136 a
1137 1086 1393 1136 militibus
1443 1087 1607 1153 potis-

79 1158 276 1208 simum
298 1158 396 1208 sibi
418 1157 725 1207 timendum·
744 1158 967 1208 sentiret
984 1198 997 1221 ,
1038 1157 1220 1206 denuo
1246 1172 1398 1221 agros
1424 1157 1606 1207 divisit.

80 1231 290 1280 Romae
316 1236 370 1278 et
393 1245 493 1294 per
519 1227 723 1278 Italiam
758 1225 942 1279 fames,
1013 1230 1221 1278 Romae
1261 1235 1316 1277 et
1346 1244 1520 1293 prope
1554 1227 1606 1275 in

81 1297 337 1348 omnibus
355 1297 534 1348 Italiae
552 1298 777 1347 urbibus
797 1297 938 1347 inter
954 1297 1175 1364 plebem
1212 1306 1266 1347 et
1296 1296 1491 1347 milites
1527 1314 1608 1346 ar-

79 1368 180 1418 mis
203 1366 538 1418 decertatum
557 1377 649 1419 est.
730 1371 942 1432 (Mense
966 1366 1181 1432 Sextili.)

218 1437 404 1488 Paullo
423 1446 545 1487 ante
560 1438 777 1486 miserat
789 1438 1107 1487 Octavianus
1119 1435 1482 1486 Salvidienum
1493 1438 1607 1486 Ru-

81 1507 200 1557 fum
228 1524 353 1558 cum
381 1524 471 1557 sex
500 1506 800 1573 legionibus
831 1508 886 1556 in
927 1507 1247 1574 Hispaniam.
1316 1508 1381 1555 In
1420 1506 1608 1556 itinere

81 1577 382 1628 Placentiae
422 1578 605 1627 turbas
636 1576 885 1627 fecerunt
924 1586 979 1627 et
1012 1577 1264 1643 pecunias
1307 1585 1609 1640 exegerunt.

82 1646 312 1699 Calenus
347 1656 402 1696 et
426 1647 733 1711 VentidiuS,
784 1663 920 1714 quos
954 1647 1219 1697 Antonius
1258 1662 1335 1697 a0.
1382 1652 1499 1697 711.
1539 1662 1609 1697 m.

79 1717 364 1769 Decembr.
390 1717 589 1767 Galliae
614 1716 994 1783 Transalpinae
1013 1715 1372 1784 praefecerat,
1409 1715 1611 1765 tumul-

82 1787 351 1838 tuantibus
401 1787 499 1836 illis
549 1788 823 1838 Octaviani
866 1787 1119 1836 militibus
1163 1786 1326 1852 Alpes
1368 1785 1612 1852 praeclu-

81 1865 279 1909 serunt.
348 1858 555 1908 Asinius
590 1857 763 1908 Pollio
800 1856 1026 1907 eosdem
1063 1872 1335 1922 aggressus
1378 1865 1481 1917 est,
1529 1873 1611 1904 ar-

16 1992 19 1997 ι
85 1945 211 1978 cens
238 1927 304 1977 ab
331 1928 522 1977 itinere
549 1937 602 1977 et
629 1945 655 1977 a
679 1927 951 1995 provincia
977 1926 1263 1994 Cisalpina,
1302 1927 1386 1976 cui
1415 1926 1480 1976 ab
1503 1928 1611 1975 An-

86 1996 563 2064 toniopraefectus
587 2007 712 2050 erat.

220 2070 433 2118 Interea
449 2071 575 2120 Luc.
596 2068 859 2119 Antonius
882 2076 936 2117 et
956 2066 1157 2130 Fulvia,
1177 2083 1347 2133 quum
1370 2065 1610 2115 animad-

11 2182 20 2190 ,
86 2139 364 2188 vertissent
384 2139 736 2188 Octavianum
753 2137 1034 2188 consilium
1057 2145 1309 2199 mutasse,
1324 2145 1611 2203 postquam

85 2208 345 2259 tumultus
382 2208 571 2257 exstitit
605 2217 661 2258 et
686 2225 774 2258 res
804 2208 872 2258 ad
907 2206 1114 2257 bellum
1146 2215 1386 2273 spectare
1421 2206 1612 2272 coepit,

82 2287 293 2329 mutato
318 2277 538 2327 consilio
560 2278 680 2345 plus
709 2277 958 2345 praesidii
984 2277 1038 2326 in
1071 2277 1131 2326 iis
1163 2293 1277 2326 esse
1313 2277 1437 2339 rati,
1476 2291 1612 2342 quos

90 2349 410 2400 Octavianus
428 2347 687 2411 laesisset,
724 2349 827 2398 hos
850 2347 918 2397 ad
938 2364 994 2396 se
1009 2346 1260 2414 pellicere
1279 2346 1612 2396 studuerunt.

87 2419 277 2469 Lucius
295 2435 352 2469 se
379 2419 811 2468 Triumvirorum
831 2427 1156 2485 potest-atem
1187 2417 1445 2481 abrogare
1467 2417 1612 2482 prio-

87 2506 315 2556 remque
349 2488 674 2555 reipublicae
714 2487 951 2538 formam
982 2488 1264 2537 restituere
1303 2485 1443 2536 velle
1486 2503 1613 2552 pro-

87 2560 254 2623 misit,
286 2576 442 2626 spem
471 2557 627 2622 fecit,
667 2557 995 2621 consolatus,
1031 2556 1296 2624 pollicitus
1317 2565 1407 2607 est.
1479 2557 1613 2605 Hinc

90 2630 298 2694 gravior
320 2628 582 2679 discordia
607 2646 730 2678 cum
756 2628 1062 2679 Octaviano,
1132 2627 1324 2677 Lucius
1351 2628 1507 2677 Cous,
1530 2642 1614 2674 cu-

94 2699 321 2748 stodiam
344 2700 584 2765 corporis
609 2699 824 2760 sumsit;
845 2698 923 2747 uti
944 2714 972 2747 a
991 2697 1143 2746 laesis
1155 2705 1431 2762 acceperat
1444 2711 1612 2761 spem,

94 2770 162 2817 ita
189 2767 337 2819 dedit
361 2769 542 2820 auxilii.
613 2768 698 2818 Ad
722 2785 849 2818 eum
875 2777 929 2817 et
945 2766 1187 2817 Fulviam
1206 2765 1344 2833 pulsi
1364 2780 1611 2829 agrorum

14 2864 22 2866 -
94 2854 425 2905 possessores
463 2848 516 2888 et
544 2840 634 2904 qui
669 2838 766 2887 sibi
806 2837 1094 2898 timebant;
1146 2835 1214 2885 ad
1248 2835 1612 2893 Octavianum,

95 2910 186 2975 qui
206 2908 507 2974 probabant
530 2907 843 2958 divisionem
858 2948 871 2970 ,
906 2907 1101 2956 milites
1117 2906 1454 2968 maximeque
1475 2910 1614 2950 vete-

94 2979 208 3028 rani
233 2995 292 3028 se
312 2976 674 3044 conferebant.
713 2977 913 3028 Galliae
938 2975 1230 3042 Cisalpinae
1256 2982 1434 3023 autem
1462 2971 1613 3032 civeS,
