1768 3320
240 222 306 270 46
495 219 836 270 SPOHNII
894 214 1526 268 PROLEGOMENA

832 345 989 409 (Ecl.
1048 345 1166 407 VI.)

883 438 1099 486 Varus,

375 555 512 602 Ante
536 552 731 601 exitum
752 551 873 602 anni
909 554 1024 603 714.
1071 546 1283 599 suffecti
1314 547 1601 614 Consules,
1635 548 1759 600 licet

238 623 293 672 in
323 639 522 689 paucos
563 622 674 671 dies
707 631 881 671 essent
914 619 1079 670 futuri
1138 619 1261 683 (Dio
1305 620 1442 671 Cass,
1481 621 1590 682 HL,
1624 615 1756 685 ῚῚ32),

239 692 519 743 Cornelius
533 690 724 740 Balbus
752 701 804 741 et
822 695 876 742 P.
913 689 1161 741 Canidius
1193 691 1422 741 Crassus,
1491 687 1662 741 Pollio
1690 690 1755 740 ab

236 762 487 826 Antoni0‚
522 771 806 827 antequam
840 761 952 826 ipse
989 759 1056 809 ad
1075 759 1302 808 Parthos
1330 758 1523 825 abiret,
1571 769 1757 811 contra

237 831 516 883 Parthinos
548 831 760 894 missus,
830 839 1050 894 gentem
1067 828 1360 879 Dalmatiae
1393 829 1528 880 circa
1558 829 1756 897 Epida-

235 919 442 964 mnum,
471 918 605 967 quae
624 902 788 949 Bruto
817 899 1173 950 vehementer
1191 898 1394 949 faverat
1430 900 1675 967 (Appian.
1691 904 1755 966 V,

235 975 316 1024 75.
347 972 447 1021 Dio
471 973 604 1021 Cass,
636 972 887 1035 11L,41.).
922 972 1057 1020 Eam
1099 970 1246 1020 enim
1279 968 1521 1019 fecerant
1543 971 1755 1022 Octavi-

238 1058 366 1091 anus
405 1050 458 1089 et
502 1041 761 1090 Antonius
806 1040 1017 1106 imperii
1076 1043 1235 1092 Rom.
1285 1039 1623 1105 divisionem,
1677 1050 1754 1106 ut,

235 1110 405 1161 Africa
424 1110 628 1176 Lepido
650 1109 853 1174 relicta,
889 1111 1179 1174 A11toniuS‚
1216 1126 1352 1177 quae
1375 1119 1553 1160 essent
1570 1127 1754 1161 versus

237 1181 517 1231 Orientem
541 1197 567 1229 a
593 1179 817 1242 Scodra,
857 1179 1059 1246 oppido
1085 1180 1276 1245 Illyrici
1299 1180 1354 1229 in
1378 1196 1593 1231 recessu
1609 1182 1753 1231 sinus

233 1251 477 1301 Adriatici
500 1250 597 1298 sito
612 1290 623 1311 ‚
661 1249 885 1299 haberet
909 1251 1115 1314 omnia,
1141 1251 1434 1302 Octaviano
1455 1260 1636 1301 autem
1658 1269 1753 1319 pa-

232 1329 425 1381 rerent,
451 1337 586 1387 quae
609 1319 735 1370 inde
756 1336 938 1370 versus
959 1321 1317 1372 Occidentem
1339 1330 1642 1388 spectarent
1662 1338 1752 1372 us-

233 1407 337 1457 que
362 1389 427 1439 ad
449 1391 740 1442 Oceanum.
1625 1407 1627 1410 ⁴

366 1459 607 1524 Virgilius
637 1460 691 1508 in
729 1476 914 1525 agrum
957 1468 1243 1526 paternum
1277 1459 1461 1525 rediit,
1509 1468 1599 1510 aut
1637 1472 1750 1510 non

232 1546 292 1580 ex
311 1529 400 1579 illo
434 1530 754 1582 discesserat.
825 1529 1069 1582 Vidimus
1104 1547 1182 1581 ao,
1227 1534 1345 1583 714.
1377 1539 1501 1597 post
1535 1529 1751 1580 finitum

227 1599 430 1649 bellum
472 1600 789 1650 Perusinum
823 1617 1013 1650 mense
1056 1599 1221 1667 Aprili
1252 1599 1511 1652 Alfenum
1546 1604 1750 1653 Varum

231 1668 427 1719 Galliae
454 1669 746 1736 Cisalpinae
772 1670 835 1720 ab
857 1670 1150 1721 Octaviano
1176 1687 1290 1721 esse
1323 1670 1661 1737 praefectum
1693 1672 1748 1721 in

229 1738 410 1788 locum
431 1739 684 1789 Pollionis
703 1739 879 1805 fugati.
945 1740 1127 1791 Additi
1147 1740 1272 1791 huic
1297 1751 1449 1791 erant
1467 1741 1764 1793 Corneliusv

232 1807 409 1858 Gallus
431 1826 594 1876 eques
617 1819 669 1859 et
702 1820 885 1877 poeta,
935 1820 988 1861 et
1020 1813 1270 1862 Octavius
1294 1814 1447 1862 Musa
1479 1811 1747 1865 limitator.

229 1881 356 1927 Post
379 1878 557 1929 Caleni
589 1881 795 1930 obitum
825 1882 938 1931 sine
980 1881 1145 1932 dubio
1176 1881 1356 1933 Gallus
1387 1900 1579 1934 mense
1604 1884 1746 1934 Maio

231 1957 319 1997 aut
348 1949 500 1998 Iunio
524 1949 718 2001 Galliae
742 1953 1152 2018 Transpadanae
1182 1952 1247 2002 ab
1268 1956 1506 2017 Augusto
1534 1952 1748 2021 praefe-

231 2025 342 2067 ctus
364 2028 451 2070 est.
522 2020 676 2070 Idem
712 2030 814 2086 est,
863 2022 954 2090 qui
986 2023 1190 2090 primus
1216 2023 1465 2074 subactae
1498 2034 1621 2091 post
1650 2024 1747 2075 de-

228 2088 425 2137 victum
450 2091 742 2141 Antonium
764 2095 1004 2159 Aegypto
1032 2093 1096 2143 ab
1123 2094 1414 2144 Octaviano
1442 2094 1744 2161 praefectus

231 2166 332 2221 est,
376 2159 457 2207 cui
473 2172 713 2226 praeerat
743 2162 809 2212 ad
844 2180 1046 2213 annum
1076 2170 1217 2226 728.;
1269 2180 1378 2232 quo
1412 2182 1616 2215 annum
1646 2175 1743 2218 aet.

229 2230 309 2278 40.
332 2243 488 2292 agens
510 2241 685 2281 morte
710 2232 1002 2284 voluntaria
1027 2235 1208 2301 periit;
1242 2250 1369 2299 ergo
1399 2233 1517 2286 fere
1540 2253 1743 2286 annum

227 2303 307 2368 27.
332 2298 527 2362 agebat.
599 2305 665 2351 At
684 2306 851 2354 Varus
883 2303 1080 2355 Galliae
1117 2304 1410 2371 Cisalpinae
1440 2306 1743 2374 praefectus

226 2366 397 2430 idem,
437 2370 516 2418 cui
547 2371 652 2423 Ecl.
680 2375 762 2425 IX.
799 2376 1118 2440 promiserat
1149 2392 1393 2441 carmen,
1431 2377 1472 2426 si
1507 2385 1742 2428 servaret

225 2439 524 2500 Mantuam3
561 2442 665 2491 iam
684 2460 740 2492 se
765 2445 1028 2510 quaedam
1050 2446 1323 2512 incepisse,
1361 2447 1598 2497 necdum
1615 2463 1740 2515 per-

226 2504 424 2559 fecisse.
496 2512 653 2577 Atqui
681 2515 997 2564 Mantuanos
1037 2516 1259 2583 quidem
1295 2532 1448 2581 agros
1474 2517 1618 2568 male
1646 2534 1737 2567 ve-

225 2577 384 2639 xavit,
422 2578 661 2643 Virgilius
692 2592 872 2633 tamen
905 2602 1029 2634 suos
1061 2595 1352 2652 receperat.
1423 2590 1537 2637 Iam
1568 2604 1739 2655 quum

224 2645 280 2694 id
302 2656 437 2695 esset
456 2665 567 2697 non
588 2667 684 2716 per
696 2655 895 2703 Varum
922 2656 1141 2722 quidem
1171 2656 1346 2723 ipsum
1369 2655 1552 2707 datum
1574 2658 1739 2708 bene-

224 2713 430 2780 ficium,
454 2726 684 2769 attamen
707 2738 1033 2790 concessum,
1055 2726 1242 2776 saltem
1263 2735 1377 2776 non
1398 2727 1736 2794 impeditum,

223 2801 402 2853 neque
432 2799 732 2839 recusatum
767 2792 830 2841 ab
858 2811 950 2853 eo,
998 2798 1087 2863 qui
1121 2796 1315 2846 scilicet
1347 2807 1616 2863 praeesset
1645 2814 1737 2848 ne-

223 2856 368 2927 gotio
422 2873 669 2921 agrorum
714 2861 1152 2928 dividendorum3
1220 2867 1465 2931 Virgilius
1500 2869 1568 2918 ita
1608 2884 1734 2918 eum

223 2923 465 2989 laudavit,
503 2936 561 2975 ut
583 2937 749 2978 artem
773 2934 967 2996 paritor
990 2945 1146 3002 atque
1177 2937 1532 2987 urbanitatem
1565 2947 1618 2987 et
1652 2935 1734 2987 in*-
