1734 3320
196 259 298 307 618

456 252 458 254 ’
529 256 585 307 Ρ.
622 257 985 308 VIRGILII
1019 259 1403 311 MARONIS

192 382 414 433 Dictaeo
441 381 580 439 coeli
604 385 814 449 Regem
828 382 1033 451 ‘pavere
1060 386 1159 436 sub
1185 396 1353 439 antrO.

195 451 354 502 Solae
380 455 685 513 communis
710 464 864 504 natos
880 496 893 519 ,
933 457 1200 506 consortia
1225 455 1364 507 tecta
1566 515 1569 517 Α

192 523 352 575 Urbis
391 523 624 588 habent,
670 526 987 592 magnisque
1027 528 1223 591 agitant
1257 528 1356 590 sub
1391 527 1727 593 legibus‘ae—

189 666 258 715 Et
281 664 509 731 patriam
534 664 679 715 solae
708 674 761 715 et
786 674 962 716 certos
987 684 1191 719 novere
1215 669 1455 733 Penatis3

267 762 379 810 153.
419 771 628 808 GNA'ros

987 615 1117 647 vum
1134 621 1146 659 ;

1627 670 1726 721 155

239 897 343 942 (152.
377 900 417 931 In
440 898 618 932 Servianis
647 898 778 944 legitur
795 901 1008 943 Dictaeum,
1043 902 1108 935 sed
1137 902 1216 937 cod.
1236 903 1364 937 Dresd.
1386 905 1527 946 Dic-teo.
1554 923 1599 928 —
1645 904 1724 939 153.

189 945 317 978 Medic.
341 958 564 988 communes-3
589 946 684 980 idem
703 960 723 980 a
744 960 789 981 m.
802 960 856 992 pr.
879 949 978 990 lato,
1006 961 1024 981 a
1045 962 1114 983 sec.
1135 958 1265 992 natos-3
1292 950 1360 992 sic,
1389 959 1511 992 natos,
1535 962 1607 984 non
1623 963 1725 997 gna-

189 1001 267 1034 tos,
293 993 388 1037 quod
410 993 549 1038 expuli,
575 994 716 1035 Vatic.;
744 995 812 1029 vid.
833 997 876 1036 Q.
898 997 941 1029 V.
964 997 1175 1039 XXXVIII,
1200 999 1235 1033 2.
1268 998 1364 1042 Wr.)

1442 997 1510 1034 154
1528 1011 1598 1045 que
1622 998 1724 1031 abest

189 1052 208 1073 a
232 1047 348 1084 quart.
377 1041 509 1074 Moret.
540 1053 611 1075 uno
629 1042 747 1075 Mead.
774 1050 808 1076 et
828 1049 914 1075 vett.
942 1043 1044 1086 edd„
1078 1045 1174 1078 forte
1194 1046 1331 1079 melius.
1382 1058 1511 1079 aevom
1530 1045 1723 1079 Gudianus.

189 1086 288 1132 (item
307 1088 424 1122 Vatic.
456 1088 552 1132 Wr.)

651 1090 718 1124 155
743 1093 778 1123 A
800 1092 964 1136 patriam
985 1103 1051 1137 pro
1075 1093 1136 1125 ΑΙι
1161 1093 1266 1127 codd.
1294 1093 1430 1138 aliquot
1446 1093 1541 1139 apud
1558 1093 1723 1127 Pierium.

188 1143 225 1168 et
241 1142 322 1168 ante
347 1144 470 1169 certos
488 1136 591 1169 abest
609 1136 840 1181 Longobard.
891 1138 956 1182 (At
973 1138 1075 1185 prior
1087 1165 1098 1183 ,
1128 1143 1177 1174 Et
1194 1140 1309 1175 altera
1337 1140 1445 1179 lectio
1467 1140 1582 1177 Vatic.
1632 1141 1724 1174 Tum

187 1183 351 1216 Penates
372 1182 500 1217 Medic.
524 1191 559 1217 et
583 1184 699 1218 Vatic.
732 1184 827 1229 er.)

177 1303 257 1341 pro
289 1304 372 1342 qua
398 1305 462 1341 re,
498 1305 575 1343 pro
616 1306 700 1344 qua
729 1281 925 1341 mem-ede,

183 1362 260 1400 pro
291 1361 337 1386 eo
365 1349 477 1400 quod
501 1363 670 1402 pavere3
709 1350 752 1389 in
771 1363 926 1388 merce-

186 1406 278 1445 dem
299 1406 382 1445 eius
404 1408 528 1460 quod.
589 1408 652 1447 Ita
674 1409 796 1461 vulgo
820 1408 924 1447 dici-

183 1470 275 1514 tur,
314 1480 389 1517 pro
419 1482 498 1519 qao
514 1497 524 1516 ,
576 1473 625 1505 ut
655 1467 727 1505 sit:
766 1481 841 1520 pro
876 1481 922 1506 eo

184 1523 307 1575 quod.
333 1520 425 1565 ἀντὶ
444 1519 505 1566 οὗ.
537 1522 681 1579 (Recte
699 1539 796 1565 vero
808 1526 922 1579 Hey—

182 1581 286 1621 nius.
318 1582 457 1622 Oratio
480 1583 533 1623 ad
551 1598 807 1623 communem
820 1599 921 1623 eon—

182 1640 439 1680 suetudinem
466 1649 658 1682 revocata
685 1644 743 1682 ita
773 1657 921 1695 proce—

183 1698 245 1738 dit
265 1715 274 1738 :
326 1714 437 1739 nunc
476 1701 689 1755 expediam
727 1708 920 1753 naturas,

182 1771 282 1809 quas
302 1758 484 1812 Iuppiter
505 1760 647 1812 apibus
671 1761 841 1810 addidit,
874 1775 921 1799 ac

180 1817 410 1856 mercedem
434 1841 481 1847 —
509 1819 534 1857 i.
556 1832 588 1858 e.
620 1826 788 1858 naturas
808 1833 919 1858 mer-

182 1875 290 1914 cedis
314 1875 404 1915 loco
435 1870 626 1929 'acceptas
645 1901 703 1906 ——-
731 1891 806 1930 pro
841 1892 923 1929 qua

180 1947 342 1987 pavere.
401 1935 461 1973 Ita
498 1935 662 1974 demum
703 1935 920 1975 Indicativi

182 1998 344 2031 constat
361 1994 479 2032 ratio.
532 1995 597 2033 Sic
616 1993 715 2034 Aen.
735 1995 800 2045 VI,
822 1992 919 2037 614.

180 2064 259 2102 sq.:
299 2051 384 2101 „Ne
420 2065 569 2104 quaere
616 2053 776 2102 doceri,
816 2066 919 2104 quae

179 2110 312 2148 forma
338 2110 449 2149 viros
483 2111 702 2151 fortunave
722 2111 863 2150 mersit
872 2113 920 2162 ;“

178 2168 204 2208 i.
225 2181 257 2207 e.
287 2182 337 2207 ne
375 2182 523 2220 quaere
564 2170 700 2210 doceri
732 2170 919 2221 formam,

179 2240 282 2279 quae
305 2228 456 2267 mersit.
518 2228 671 2268 Eodem
705 2229 827 2268 modo
851 2229 919 2267 Ci-

180 2299 272 2324 cero
303 2285 352 2324 de
384 2286 472 2325 Fin.
499 2287 577 2339 IV,
597 2287 677 2338 24,
701 2290 790 2330 67.:
821 2286 916 2338 „At,

178 2358 259 2396 quo
291 2344 548 2384 nituntur
590 2345 776 2385 homines
808 2345 919 2385 acuti

178 2409 417 2455 argumento
438 2403 490 2442 ad
508 2405 788 2456 probandum,
818 2419 918 2458 ope-

175 2474 246 2500 rae
258 2461 437 2514 pretium
450 2469 510 2501 est
524 2464 779 2503 considerare
792 2465 828 2512 ;“
843 2464 869 2502 i.
883 2477 915 2503 e.

178 2533 324 2572 operae
357 2521 538 2572 pretium
569 2528 629 2561 est
658 2522 915 2562 considerare

177 2586 564 2631 argumentum,
600 2595 681 2632 quo
704 2581 914 2632 nituntur,

176 2636 260 2676 vid.
280 2636 334 2675 ibi
353 2637 548 2677 Goerenz.
588 2640 642 2678 Et
659 2640 701 2677 in
720 2640 802 2678 Cat.
822 2640 915 2678 mai.

175 2695 242 2746 IV,
273 2698 360 2737 12:
391 2695 521 2746 „nihil
541 2704 601 2737 est
626 2698 915 2748 admirabilius,

175 2767 295 2806 quam
329 2755 534 2806 quomodo
561 2756 627 2794 ille
652 2762 824 2795 mortem
842 2756 916 2794 filii

174 2813 366 2864 tulit;“
396 2813 422 2852 i.
444 2827 476 2852 e.
495 2828 616 2865 quam
634 2815 797 2864 modus,
821 2828 914 2866 quo.

180 2873 253 2912 W
246 2869 302 2925 r.)
358 2872 605 2912 Euemerum,
628 2879 791 2925 poetam
821 2879 915 2911 ante

175 2930 313 2968 oculos
342 2929 384 2969 h.
404 2930 430 2969 l.
458 2931 624 2984 Virgilio
651 2931 771 2970 fuisse
792 2931 914 2969 disci-

173 3001 264 3027 mus
290 3002 341 3027 ex
372 2989 526 3029 Colum.
559 2991 632 3041 IX,
655 2993 696 3039 2,
717 2992 742 3032 3
763 3012 820 3019 -—
836 3004 908 3040 an,

177 3055 222 3085 ut
251 3048 474 3087 Euemems
498 3057 622 3101 poeta
649 3049 770 3098 dicit,
814 3062 912 3086 era-

985 1292 1171 1332 bronibas
1206 1302 1244 1332 et
1277 1295 1361 1333 sole
1395 1296 1560 1347 genitas
1598 1309 1719 1347 apes,

984 1366 1090 1404 qaas
1107 1353 1311 1404 nymphae
1323 1353 1603 1406 Phryxonides
1621 1354 1722 1391 eda-

982 1420 1174 1450 caverunt
1191 1442 1202 1462 ,
1233 1426 1348 1462 mox,
1378 1413 1555 1451 Dictaeo
1579 1426 1716 1463 specu,

981 1470 1095 1507 Iovis
1126 1472 1299 1508 extitisse
1331 1473 1505 1509 natrices
1516 1500 1528 1519 ,
1573 1484 1721 1523 easque

970 1526 1135 1578 pabala
1152 1543 1313 1567 manere
1334 1529 1401 1567 dei
1414 1532 1589 1578 sortitas,
1625 1530 1719 1582 qui—

979 1585 1052 1624 bas
1088 1588 1204 1638 ipsae
1232 1602 1416 1638 parvam
1451 1587 1722 1625 educaverant

980 1645 1195 1683 alumnum
1227 1643 1303 1699 (Ita
1327 1659 1425 1685 vero
1461 1660 1484 1684 a
1513 1646 1608 1685 Iove
1640 1645 1719 1684 mel

977 1710 1242 1756 acceperunt,
1282 1718 1363 1757 quo
1391 1704 1528 1744 Iovem
1544 1716 1719 1757 puerum

979 1762 1135 1800 alerent
1149 1761 1199 1817 ἲ).
1252 1765 1342 1802 Ista
1362 1765 1492 1813 enim,
1527 1764 1717 1815 quamvis

979 1835 1060 1858 non
1078 1820 1307 1860 dedeceant
1308 1830 1480 1873 poetam
1490 1852 1500 1871 ,
1531 1835 1718 1860 samma-

979 1880 1053 1916 tim
1084 1888 1220 1918 tamen
1249 1887 1286 1917 et
1327 1893 1408 1917 ano
1438 1879 1717 1918 tantummodo

978 1938 1175 1976 ver-siculo
1187 1938 1328 1977 lepiter
1342 1940 1481 1990 attigit
1498 1938 1716 1989 Virgilius,

977 2009 1072 2033 eam
1091 1997 1150 2034 sic·
1169 1998 1230 2034 ait
1243 2012 1255 2034 .·
1288 1996 1453 2035 Dictaeo
1465 2019 1522 2026 -—
1541 1996 1615 2035 sub
1640 2010 1717 2034 an-

976 2058 1057 2092 tro,
1098 2054 1341 2093 Tradiderat
1363 2061 1500 2093 autem
1518 2054 1587 2093 illa
1609 2055 1717 2093 Eue-

976 2125 1113 2151 merus
1143 2113 1186 2151 in
1213 2127 1332 2152 saera
1362 2113 1532 2152 historia
1554 2143 1567 2163 ,
1611 2109 1716 2161 οἴνα-

976 2168 1118 2225 γραφή
1165 2168 1254 2227 ispo}
1273 2202 1284 2222 ,
1334 2171 1383 2210 ab
1430 2171 1559 2211 Ennio
1591 2171 1716 2210 latine

977 2243 1202 2281 conversa,
1238 2230 1280 2268 in
1313 2244 1393 2282 qua
1425 2244 1519 2270 cum
1542 2230 1716 2270 aliorum

978 2287 1150 2327 deorum
1170 2319 1181 2339 ,
1231 2294 1323 2327 tum
1371 2291 1485 2328 Iovis
1531 2291 1712 2340 Dictaei,

974 2352 1184 2398 tamquam
1205 2348 1389 2386 mortalis
1417 2347 1605 2397 hominis,
1637 2362 1716 2387 na-

975 2405 1102 2456 tales,
1164 2407 1340 2459 patriam
1387 2420 1434 2445 ac
1482 2407 1713 2459 sepulcrum

972 2470 1241 2517 persequutus
1273 2465 1418 2504 fuerat.
1446 2464 1530 2505 vid.
1548 2465 1711 2505 ’Minue

973 2523 1089 2561 Felix
1117 2523 1262 2563 Octav.
1293 2526 1362 2566 21.
1391 2524 1576 2562 Lactant.
1611 2524 1710 2564 Inst.

974 2581 1058 2621 div.
1079 2582 1108 2631 Ι,
1136 2584 1202 2623 11.
1262 2582 1353 2620 Non
1374 2595 1467 2634 ergo
1495 2582 1710 2622 admittam

972 2640 1249 2679 coniecturam
1272 2640 1458 2681 virorum
1479 2640 1709 2692 doctorum,

971 2699 1210 2748 Eumelum,
1251 2698 1301 2736 de
1329 2712 1409 2750 quo
1444 2699 1528 2738 vid.
1558 2700 1627 2739 ins.
1657 2700 1710 2740 ad

970 2770 1010 2796 v.
1033 2759 1139 2806 316,
1170 2769 1252 2794 esse
1275 2757 1491 2810 legendum
1516 2758 1559 2796 in
1584 2759 1710 2797 Colu-

974 2814 1118 2853 mellae
1148 2815 1294 2855 verbis.
1354 2816 1504 2866 Locus,
1546 2817 1616 2868 qui
1642 2831 1708 2856 se-

975 2873 1138 2925 quitur,
1170 2880 1230 2912 est
1261 2888 1312 2913 ex
1340 2875 1707 2928 praestantissimis,

971 2938 1141 2984 propter
1161 2932 1395 2985 dignitatem
1420 2933 1612 2972 tenuitati
1637 2947 1715 2973 re-

971 3004 1065 3029 rum
1094 2990 1298 3042 additam,
1339 3006 1390 3031 ex
1418 2992 1628 3031 translatis
1655 2993 1705 3032 ab

969 3046 1150 3089 humano
1176 3063 1332 3103 genere.
1394 3050 1488 3095 155.
1517 3052 1722 3103 patriam,
