1768 3320
0 0 37 160 l

0 159 18 225 ἒ
363 185 1305 249 SECUNDAE0133D1T.Lxxxvm
1482 204 1614 242 mn

0 225 54 322 ἓ

46 316 239 381 bere,
271 313 552 367 distinctio
585 314 736 365 enim
766 314 903 366 iusta
941 314 1221 383 interponi
1261 331 1376 365 non
1415 327 1612 384 potest,

0 345 16 465 i
60 387 162 438 nisi
180 356 556 437 enuntiatione
575 385 631 435 in
655 393 837 453 partes
858 401 980 436 suas
1001 386 1103 438 rite
1130 384 1396 448 resoluta;
1433 388 1477 438 si
1497 405 1611 441 non

0 425 17 503 i
59 446 295 522 aniame,
337 455 530 507 saltem
549 465 740 507 mente
762 465 817 507 et
833 457 1034 510 animo.
1106 456 1192 508 Ad
1215 457 1613 526 interpunctio-

0 535 19 604 f'}
56 544 191 580 nem
209 528 393 596 itaque
416 528 656 596 primum
689 527 743 577 in
775 527 943 578 altera
967 528 1186 579 minore
1219 527 1464 580 editione
1494 547 1611 580 ma-

55 600 236 652 iorem
258 615 445 650 curam
465 598 850 664 adhibueram,
885 608 1008 650 tum
1027 599 1208 651 multo
1231 600 1403 666 magis
1421 600 1477 651 in
1509 600 1611 652 hac

0 664 213 751 {tertia
233 669 498 722 adhibere
517 669 714 722 studui.

6 756 17 801 j.
193 743 259 793 ln
282 741 521 793 lectione
549 739 815 792 mutanda
845 755 994 792 nunc
1021 739 1207 809 paullo
1231 741 1357 809 plus
1374 741 1545 793 mihi'
1532 760 1609 794 ιιι-

0 818 12 866 ἰ
45 811 243 896 dulsi‚·
253 829 434 882 quam
471 813 526 863 in
564 811 688 865 edd.
720 811 1030 880 prioribus;
1077 810 1300 864 frenum
1334 822 1521 864 tamen
1553 823 1611 865 et

6 883 184 936 hic
169 884 331 936 inieci
370 884 599 952 impetui
635 882 938 934 rationibus
975 884 1135 935 certis
1174 883 1321 952 apud
1361 886 1608 936 animum

7 963 11 967 “
51 955 360 1026 propositis.
433 957 669 1009 Possunt
710 955 999 1006 innumera
1040 971 1169 1007 cum
1206 956 1390 1023 specie
1428 956 1607 1026 aliqua

6 1044 8 1046 ’
49 1027 275 1089 mutari,
324 1043 496 1096 pauca
530 1043 658 1077 cum
684 1026 922 1089 ratione,
972 1042 1115 1094 quae
1140 1027 1344 1092 vincat,
1381 1028 1453 1079 ita
1474 1028 1606 1078 scri—

4 1109 12 1155 ζ
49 1105 209 1181 ptum
232 1096 421 1151 fuisse.
458 1114 561 1148 nec
584 1106 797 1162 tamen,
835 1097 877 1147 si
901 1112 1024 1148 acre
1044 1096 1305 1149 iudicium
1329 1097 1605 1164 adhibeaS‚

52 1166 195 1220 alia
180 1185 236 1221 m
262 1178 578 1220 contextum
594 1167 909 1236 recipienda
942 1185 1059 1219 esse
1089 1169 1366 1222 iudicabis,
1432 1170 1605 1222 Pluri-

50 1256 225 1313 maffn
253 1239 355 1291 hac
385 1241 593 1291 critices
629 1248 782 1307 parte
816 1248 967 1304 sunt,
1015 1257 1156 1308 quae
1191 1239 1261 1291 ad
1295 1241 1496 1307 ingenii
1521 1240 1602 1292 lu-

36 1326 173 1382 ριιιιι
202 1328 461 1363 revocare
491 1310 677 1373 soleo;
716 1311 770 1361 in
791 1309 1069 1380 plerisque
1089 1328 1161 1362 ne
1192 1311 1420 1380 quidem
1451 1313 1604 1397 inge-

146 1399 270 1435 sum
288 1383 426 1436 satis,
498 1386 665 1446 Nam,
703 1399 829 1432 cum
860 1383 967 1433 sint
998 1383 1316 1446 innumera,
1353 1384 1603 1452 inprimis

130 1454 334 1537 poetiS,
370 1454 427 1505 in
460 1453 658 1522 quibus
678 1462 943 1521 perpetua
969 1470 1085 1504 esse
1108 1454 1281 1504 soleat
1302 1456 1601 1523 scripturae

7 1526 298 1593 „varietaQ
334 1534 396 1576 ut
420 1525 602 1576 sensui
632 1534 816 1575 tamen
843 1541 1041 1593 parum
1076 1524 1206 1576 inde
1240 1542 1339 1576 seu
1367 1525 1601 1578 decedat

48 1613 147 1648 seu
179 1594 422 1660 accedat,
472 1612 612 1665 quae
643 1595 869 1646 tandem
890 1595 1006 1646 laus
1038 1595 1125 1646 illa
1149 1613 1266 1647 esse
1291 1606 1500 1665 potest,
1538 1606 1601 1648 ut

45 1667 255 1737 ubique
282 1666 436 1718 nullo
470 1666 539 1717 ad
572 1667 897 1749 scriptorem
924 1665 1106 1718 fructu
1137 1684 1279 1735 pro
1267 1667 1439 1719 altero
1465 1668 1600 1719 alte-

50 1756 178 1790 rum
206 1737 488 1791 inculces?
532 1741 709 1789 Porro
756 1739 811 1789 in
851 1739 1030 1807 poetis
1063 1748 1191 1790 sunt
1234 1747 1380 1790 certa
1424 1739 1602 1807 phan-

46 1818 285 1874 tasmata,
311 1809 478 1861 verba
500 1809 785 1873 sollennia,
814 1809 1052 1878 epitheta
1075 1811 1406 1876 communia,
1441 1828 1599 1879 quae,

46 1881 91 1933 si
140 1880 315 1933 semel
358 1882 629 1931 memoria
678 1880 993 1949 complexus
1030 1882 1134 1942 sis,
1191 1891 1476 1949 promtum
1520 1891 1600 1933 est

45 1951 253 2022 ubique
280 1950 503 2015 afferre,
554 1961 609 2003 et
639 1951 770 2002 inde
791 1969 889 2003 seu
911 1951 1312 2004 emendationis
1342 1970 1439 2004 seu
1464 1970 1598 2004 con-

44 2023 317 2086 iecturae,
372 2023 652 2074 interdum
693 2022 852 2074 valde
903 2024 1253 2090 ingeniosae,
1307 2026 1597 2076 materiem

47 2110 326 2163 quaerere.
406 2094 557 2146 Aliae
616 2095 961 2145 coniecturae
1004 2094 1276 2162 proficisci
1315 2095 1494 2146 solent
1535 2113 1597 2147 ex

26 2179 304 2217 'sermone
330 2166 576 2234 poetic0,
623 2182 792 2234 quem
828 2166 948 2234 quis
981 2165 1048 2216 ad
1083 2182 1338 2217 normam
1362 2166 1596 2219 aliorum

44 2237 332 2289 restituere
360 2236 568 2302 studet,
607 2246 698 2287 aut
735 2238 942 2288 auctori
974 2254 1136 2288 suum
1166 2254 1387 2290 morem
1417 2238 1596 2290 vindi-

46 2322 183 2362 care.
253 2306 522 2376 Pleraque
553 2325 616 2359 ex
645 2307 729 2358 his
762 2308 818 2358 in
851 2309 1157 2374 marginem
1194 2309 1366 2360 autin
1404 2309 1595 2361 lectio-

46 2394 176 2430 nem
214 2379 514 2430 variantem
553 2396 613 2429 ac
653 2379 891 2429 criticam
928 2380 1155 2430 reiicere
1193 2380 1354 2431 satius
1390 2390 1500 2434 est:
1537 2383 1594 2432 in

44 2459 358 2501 contextum
393 2450 528 2500 nihil
559 2449 963 2501 admittendum
985 2492 999 2514 ,
1048 2451 1149 2501 nisi
1184 2451 1338 2519 quod
1380 2461 1494 2502 tam
1529 2452 1595 2503 li-

45 2520 216 2589 quido
243 2530 486 2584 constet,
523 2530 586 2572 ut
615 2520 767 2572 nulla
798 2521 1094 2587 dubitatio,
1144 2522 1357 2573 nedum
1382 2523 1594 2575 cavilla-

41 2591 144 2656 tio,
181 2590 318 2643 illud
339 2590 636 2675 infringere
663 2593 847 2660 possit.

182 2665 246 2714 In
282 2658 387 2713 alio
423 2665 630 2714 critices
659 2679 864 2730 genere
899 2662 1143 2714 severior
1167 2661 1274 2725 sui,
1325 2663 1382 2714 in
1414 2681 1483 2715 eo
1509 2665 1593 2715 in-

44 2748 235 2800 quam,
274 2733 427 2802 quod
459 2735 525 2785 ad
552 2734 737 2792 ulcera
769 2733 1102 2800 detegenda,
1140 2733 1210 2785 ad
1227 2750 1415 2785 versus
1439 2735 1592 2787 adul-

42 2803 250 2854 terinos
292 2813 347 2855 et
384 2806 781 2875 supposititios,
840 2814 1072 2873 spectat.
1136 2805 1591 2875 quandoquidem

42 2873 204 2924 nimis
227 2874 386 2926 alieni
406 2877 472 2927 ab
493 2894 554 2927 ea
573 2878 879 2958 suspicione
903 2874 1061 2927 suere
1086 2876 1337 2929 editores.
1410 2879 1591 2929 Erexit

44 2944 290 2995 animum
318 2947 573 2999 Brunckii
601 2948 912 3012 auctoritas,
950 2948 1045 3017 qui
1073 2948 1409 3016 suspiciones
1428 2948 1589 2999 huius

18 1440 35 1461 ἱ
