1768 3320
162 218 297 253 cxxx
454 202 510 249 P.
546 196 841 248 VIRGILII
867 189 1186 244 MARONIS
1223 187 1392 238 VITA

277 333 381 372 Cum
410 329 454 369 in
488 326 698 368 Graeciam
729 323 1055 379 proficisceretur
1082 316 1273 371 Virgilius
1286 345 1298 366 ,
1345 314 1544 368 scriptum
1567 313 1691 353 fuisse

163 390 346 435 ereditur
364 388 413 429 ab
433 386 602 427 Horatio
621 386 791 425 Carmen
811 382 866 421 III
887 380 982 420 libri
999 379 1015 417 1
1040 378 1105 416 Sic
1122 385 1159 415 te
1177 377 1297 415 Diva
1307 381 1455 426 potens
1480 373 1617 425 Qypri.

280 449 385 488 Dum
413 445 458 485 in
490 443 659 485 Graecia
685 442 784 492 suit,
822 439 948 480 tertio
981 436 1270 487 Georgicorum
1296 431 1403 471 libro
1431 430 1692 484 splendidum

165 506 270 548 illud
295 504 529 545 exordium:
569 503 734 542 Primus
761 499 982 539 Idumaeas
1003 493 1176 546 referam
1205 490 1307 540 tibi,
1347 491 1560 539 Mantua,
1583 489 1692 541 pal-

166 580 258 606 mas
270 595 282 615 ,
316 562 503 603 additum
519 561 640 600 fuisse
662 572 754 598 eum
773 558 942 596 Catroeo
960 553 1181 594 Wartonus
1208 547 1383 602 putabat
1401 547 1501 600 Life
1523 546 1578 600 os
1591 548 1638 588 V
1633 549 1692 585 ir-

164 625 233 677 gil
245 637 286 676 p.
305 624 376 671 27,
406 633 456 659 ex
474 617 805 671 interpretatione
826 614 976 653 scilicet
995 623 1142 664 parum
1162 607 1311 647 subtili.

284 679 445 728 Fuisse,
487 677 556 729 qui
571 690 662 715 eum
688 675 732 713 in
760 673 904 712 itinere
935 667 1101 709 Tarenti
1120 667 1208 707 vita
1233 663 1446 705 excessisse
1463 662 1692 710 traderent,

170 739 223 779 ad
250 739 456 778 Donatum
479 734 521 788 5.
551 735 603 778 51
636 732 803 771 dictum.
859 729 951 768 Sive
984 734 1122 766 tamen
1149 723 1338 775 Tarenti,
1377 720 1462 762 sive
1486 721 1693 762 Brundisii

171 797 335 846 obierit,
363 800 538 845 utraque
565 791 664 831 urbs
693 804 784 829 cum
810 787 862 827 ad
888 785 1115 826 Calabriam
1145 784 1371 832 referatur,
1409 780 1509 821 hinc
1534 779 1692 820 intelli-

170 855 325 908 gendus
348 866 489 892 versus
516 847 740 903 Epitaphii:
786 848 973 886 Mantua
1000 858 1063 881 me
1092 843 1260 895 genuit,
1308 839 1477 880 Calabri
1504 852 1689 891 rapuere,

170 914 212 953 h.
230 914 272 952 in
293 910 473 950 Calabria
490 908 598 948 vitae
621 912 804 959 ereptum
823 916 863 942 se
888 901 1096 955 significat.
1127 901 1175 939 cs.
1194 899 1354 939 Phocus
1373 912 1414 938 v.
1434 897 1519 942 105
1539 905 1586 936 ut
1608 896 1693 936 Ca-

172 971 305 1010 labros
320 970 514 1020 tetigit—
525 966 734 1005 vehemens
758 964 918 1001 luxavit
937 974 1106 1012 corpora
1124 958 1299 997 morbus.

289 1028 387 1066 Ossa
412 1024 560 1077 Virgilii
585 1021 779 1075 Neapolin
797 1020 993 1060 translata
1022 1025 1063 1056 et
1086 1017 1143 1057 ibi
1166 1017 1212 1056 in
1230 1017 1298 1056 via
1319 1015 1540 1055 Puteolana
1554 1013 1693 1067 sepul-

173 1093 225 1126 ta.
264 1085 347 1125 vid.
375 1084 518 1123 Donat.
547 1079 590 1134 ᾗ.
620 1081 688 1124 55.
725 1080 794 1126 56,
836 1085 876 1117 et
906 1078 960 1117 ibi
987 1077 1080 1116 Not.
1140 1075 1265 1129 Apud
1289 1074 1587 1126 Hieronymum
1611 1071 1639 1111 l.
1663 1071 1691 1110 l.

181 1145 286 1183 Ossa
315 1145 398 1181 eius
418 1140 629 1192 Neapolin
656 1138 855 1177 translata
884 1138 927 1174 in
952 1135 1125 1174 secundo
1158 1134 1211 1173 ab
1241 1133 1335 1173 urbe
1363 1132 1542 1171 miliario
1576 1143 1693 1182 sepe-

175 1204 330 1241 liuntur
343 1230 353 1250 ,
388 1199 502 1237 titulo
522 1196 746 1235 istiusmodi
766 1209 890 1247 supra
908 1196 1055 1245 scripto
1067 1223 1080 1244 ,
1123 1207 1242 1246 quem
1262 1193 1435 1231 moriens
1455 1192 1541 1242 ipse
1557 1189 1694 1227 dieta-

174 1267 310 1298 verat.-
352 1254 619 1296 MANTUA
647 1254 733 1294 ME
774 1252 1035 1303 GENUIT;
1064 1251 1177 1303 quod
1202 1250 1313 1304 apud
1337 1250 1541 1289 Donatum
1572 1245 1617 1301 §.⁴
1636 1245 1692 1290 55

174 1318 298 1370 legas,
337 1321 377 1354 et
407 1315 449 1354 in
477 1314 747 1354 Eusebianum
774 1311 1006 1350 Chronicon
1031 1309 1147 1350 haud
1178 1309 1299 1348 dubie
1319 1308 1369 1347 ab
1400 1306 1694 1360 interpolatore

174 1375 287 1416 venit
295 1389 305 1425 3
327 1372 545 1425 repetitum
562 1371 656 1410 inde
676 1385 699 1408 a
719 1370 904 1410 Vincent.
924 1369 1125 1408 Bellovae.
1153 1368 1312 1422 Specul.
1331 1366 1428 1406 hist.
1448 1365 1534 1415 VII,
1565 1367 1634 1407 60.

285 1433 341 1470 De
359 1436 600 1470 testamento
622 1428 772 1481 Virgilii
789 1428 872 1468 vid.
893 1427 1101 1466 Donatum
1120 1424 1164 1479 §.
1185 1426 1253 1470 56.

288 1502 392 1540 Eum
410 1500 542 1553 paullo
563 1504 655 1536 ante
675 1503 849 1537 mortem
869 1497 1015 1536 scrinia
1028 1527 1038 1545 ,
1078 1497 1259 1548 adeoque
1281 1495 1418 1535 omnia
1442 1507 1515 1534 sua
1546 1492 1693 1545 scripta

177 1559 243 1613 (ut
258 1559 377 1598 etiam
399 1556 693 1597 Grammaticus
718 1556 761 1594 in
788 1555 1006 1608 Antholog.
1027 1555 1114 1595 Lat.
1140 1555 1196 1606 ΙΙ,
1231 1553 1336 1605 184,
1370 1552 1427 1606 (v.
1448 1565 1558 1606 supr.
1586 1551 1695 1590 inter

177 1617 472 1657 'testimoniam
493 1613 582 1669 VH)
616 1613 792 1668 accepit)
835 1615 1072 1653 comburere
1101 1613 1298 1663 voluisse,
1330 1626 1451 1662 mox,
1482 1617 1532 1650 ut
1549 1607 1695 1648 Aeneis

177 1677 312 1715 saltem
346 1674 670 1722 combureretur,
719 1679 925 1724 tamquam
960 1673 1245 1725 imperfectum
1278 1685 1404 1724 opus,
1449 1673 1695 1721 testamento

178 1733 398 1785 scripsisse,
428 1731 612 1781 tandem,
658 1731 878 1770 amicorum
899 1731 1086 1784 precibus
1108 1730 1286 1780 victum,
1315 1729 1439 1769 Vario
1460 1742 1507 1767 ac
1524 1728 1695 1777 Tuccae,

180 1792 228 1830 de
251 1790 394 1842 quibus
418 1804 457 1829 v.
480 1789 531 1827 ad
552 1789 694 1828 Donat.
712 1787 754 1842 β’.
777 1789 853 1839 53,
884 1790 1036 1842 scripta
1059 1803 1131 1828 sua
1155 1789 1340 1840 legasse,
1370 1800 1416 1826 ea
1448 1786 1523 1826 sub
1550 1785 1697 1825 condi-

178 1850 306 1896 tione,
339 1861 388 1886 ne
408 1847 688 1897 emendarent,
726 1854 868 1886 narrat
887 1848 1071 1887 Donatus
1098 1845 1141 1901 §.
1162 1848 1231 1890 52.
1261 1847 1330 1891 53.
1388 1844 1452 1885 Ab
1480 1845 1527 1884 iis
1546 1850 1696 1894 tamen,

180 1908 291 1946 iussu
315 1905 502 1955 Caesaris,
532 1904 746 1944 Aeneidem
766 1906 1017 1945 emendatam
1038 1919 1132 1955 esse,
1162 1905 1207 1944 in
1229 1905 1369 1945 eadem
1387 1902 1589 1956 farragine
1607 1915 1696 1941 me-

181 1970 364 2025 moratur
383 1962 424 2016 §.
446 1964 523 2013 56,
555 1963 664 2015 quod
680 1964 738 2002 ita
757 1963 972 2017 intelligas,
1002 1971 1051 2004 ut
1080 1963 1336 2003 emendarint
1362 1962 1525 2016 quidem
1546 1961 1697 2000 tollen-

181 2024 233 2061 do
248 2054 258 2072 ‚
286 2036 369 2060 non
392 2027 524 2060 autem
559 2021 770 2072 addend03
806 2035 845 2061 v.
867 2036 953 2075 sup.
984 2023 1036 2062 ad
1054 2023 1200 2062 Donat.
1223 2037 1254 2062 s.
1281 2022 1350 2066 59.
1407 2021 1470 2060 Ita
1494 2020 1578 2059 sere
1597 2019 1697 2059 Hie-

180 2093 374 2132 ronymus
393 2078 540 2118 Chron.
557 2080 699 2118 Euseb.
719 2080 770 2118 ad
791 2081 951 2133 Olymp.
976 2084 1071 2132 190,
1103 2083 1130 2123 4
1156 2082 1309 2121 Varius
1331 2088 1368 2118 et
1401 2081 1561 2129 Tucca,
1597 2079 1644 2118 V
1639 2080 1697 2116 ir-

178 2139 276 2190 gilii
294 2146 329 2175 et
348 2139 515 2175 Iloratii
532 2137 841 2188 contubernales,
861 2147 1006 2190 poetae
1022 2139 1221 2178 habentur
1238 2140 1423 2188 illustres,
1454 2139 1528 2190 qui
1543 2136 1698 2176 Aenei-
1761 2131 1768 2139 ’

180 2197 278 2233 dum
295 2203 436 2246 postea
459 2194 577 2233 libros
596 2196 853 2234 emendarunt
873 2197 946 2235 sub
963 2213 1011 2236 ea
1030 2199 1119 2250 lege
1131 2228 1142 2248 ,
1176 2206 1220 2236 ut
1238 2197 1347 2236 nihil
1362 2196 1568 2235 adderent.
1614 2194 1698 2233 Ne-

181 2253 261 2291 scio
286 2267 335 2290 an
353 2252 458 2292 inter
475 2253 631 2291 sublata
651 2254 908 2293 referendum
930 2257 981 2295 sit
1002 2256 1125 2306 illud,
1157 2255 1269 2307 quod
1299 2254 1410 2308 apud
1428 2255 1566 2293 Senec.
1584 2254 1697 2292 Suas.

182 2314 207 2352 3
228 2324 249 2348 e
270 2310 432 2361 Virgilio
462 2311 682 2350 excitatur:
712 2313 841 2363 plena
873 2314 957 2353 deo.
1015 2315 1168 2353 Locum
1195 2313 1300 2353 illud
1324 2312 1474 2351 habere
1493 2311 1632 2365 potuit
1654 2311 1699 2349 in

181 2368 279 2434 Aen.
297 2368 360 2406 VI.
417 2367 524 2406 Nihil
543 2374 675 2407 tamen
704 2383 754 2408 ex
784 2370 959 2410 Aeneide
982 2371 1411 2424 intercidisse‘alioqui
1434 2375 1698 2410 memoratur.

182 2427 423 2491 Fu¹t.¹.²¹m‘³¹¹
443 2426 586 2478 Guyeti
606 2441 772 2466 acumen
783 2459 794 2479 ,
826 2429 935 2480 quod
952 2438 1128 2482 quatuor
1148 2436 1349 2470 extremos
1365 2429 1554 2468 Aeneidis
1572 2428 1700 2468 libros

181 2484 344 2548 Virgilio
373 2483 630 2524 abiudicaret.
678 2486 779 2523 Nam
799 2487 853 2526 Io.
875 2487 1073 2527 Harduini
1104 2489 1303 2528 somnium
1332 2489 1399 2527 vel
1424 2488 1552 2527 verbo
1572 2486 1700 2526 attin-

181 2554 271 2592 gere
302 2547 431 2593 piget,
484 2542 550 2592 qui
583 2548 708 2582 totam
739 2543 953 2584 Aeneidem
988 2548 1115 2586 fetum
1143 2561 1244 2589 saec.
1277 2547 1372 2586 XIII
1409 2559 1493 2584 esse
1521 2545 1699 2586 volebat.

185 2599 339 2638 llesellit
359 2613 448 2637 eum
465 2599 605 2638 Saxius
623 2601 664 2638 in
681 2602 781 2654 disp.
803 2604 906 2655 Lip8.
928 2607 1037 2647 1737
1061 2604 1213 2645 habita.

297 2656 457 2721 Reliqui
480 2658 734 2697 Grammatici
751 2661 872 2700 modo
889 2661 968 2700 hoc
985 2663 1106 2702 modo
1126 2663 1230 2703 illud
1253 2667 1494 2715 sequuntur.
1553 2659 1609 2700 At
1623 2673 1699 2700 ve—

182 2721 286 2781 teres
304 2720 529 2766 sci-iptore8‚
559 2716 657 2754 Plin.
682 2717 763 2767 VII,
794 2722 860 2768 30,
892 2726 985 2759 sect.
1010 2724 1060 2763 31
1084 2723 1145 2759 D.
1167 2721 1383 2773 Augustus
1399 2721 1584 2759 earmina
1599 2721 1700 2760 Vir·-

176 2773 275 2839 grclu.
293 2774 462 2838 cremari
479 2781 614 2811 contra
634 2779 856 2815 leslamenti
881 2780 966 2816 eius
993 2780 1276 2818 verecundiam
1296 2781 1421 2818 vetuit
1429 2793 1446 2827 ;
1486 2779 1700 2830 maiusque

180 2838 239 2869 ila
263 2838 349 2868 vati
366 2831 634 2868 testzmonium
658 2835 843 2884 contigit,
876 2851 1000 2887 quam
1022 2840 1058 2875 si
1086 2839 1172 2887 ipse
1195 2853 1272 2876 sua
1281 2836 1506 2889 probasset.
1547 2836 1701 2875 Gellius

180 2887 304 2937 XVII,
340 2889 392 2930 10
411 2910 468 2916 ——-
490 2889 562 2925 sed
587 2903 690 2940 quae
709 2895 1009 2941 procrastinata
1037 2903 1129 2933 sunt
1160 2895 1212 2933 ab
1242 2910 1310 2945 eo,
1345 2904 1390 2933 ut
1406 2903 1504 2946 post
1521 2908 1701 2933 recense—

178 2954 336 2994 rentur,
371 2952 408 2983 et
428 2944 603 2995 absolvi,
636 2951 828 2999 quoniam
860 2964 963 2989 mors
985 2962 1278 3004 praevenerat,
1309 2955 1595 3006 nequiverunt,
1627 2966 1703 2990 ne-
