1768 3320
188 215 293 264 204

516 212 572 261 Ρ.
617 210 973 262 VIRGILII
1008 210 1390 262 MARONIS

190 337 314 387 Sive
335 352 488 386 oram
512 335 705 401 Illyrici
730 336 859 402 legis
882 336 1156 403 aequori53
1196 353 1265 387 en
1292 337 1392 387 erit
1412 355 1676 408 umquam

186 406 288 458 Ille
312 405 450 471 dies,
485 405 622 456 mihi
648 424 771 457 cum
790 407 944 456 liceat
964 414 1054 455 tua
1077 405 1256 456 dicere
1281 406 1453 459 facta?

186 478 269 528 En
292 476 416 540 erit,
453 485 514 526 ut
535 476 690 526 liceat
709 486 886 526 totum
905 474 1040 524 mihi
1061 474 1205 526 ferre
1228 494 1328 543 per
1350 478 1544 528 orbem

189 546 316 597 Sola
336 545 648 613 Sophocleo
662 555 752 596 tua
771 546 1004 595 carmina
1029 545 1186 611 digna
1215 547 1484 598 cothurno
1499 554 1522 599 ἓ

233 654 256 690 7
281 653 381 700 regis
401 659 542 698 quartus
563 651 692 685 Moreti
713 658 748 684 et
763 651 865 685 Leid.
891 660 928 685 et
947 652 1019 685 erit
1033 651 1162 685 Medic.
1181 663 1202 685 a
1224 663 1271 685 m.
1297 664 1352 697 pr.

1646 556 1725 602 10ἶ

1448 655 1471 690 8
1496 654 1607 689 liceat
1624 656 1713 689 mihi

187 713 267 734 cum
283 708 351 733 tua
366 700 435 732 duo
453 700 580 732 Moret.
614 699 703 732 mihi
727 707 767 731 ut
794 699 904 732 liceat
922 698 1055 744 primus
1079 698 1237 733 Mox-etis
1259 700 1349 734 mihi
1367 711 1438 747 quo
1459 702 1485 735 l,
1508 702 1621 736 Goth.
1639 715 1709 736 sec.

185 749 209 785 9
233 748 344 782 liceat
372 747 462 780 milzi
484 754 601 780 totam
626 745 719 779 alter
740 746 907 780 Rotteu‘d.

187 858 268 897 quo
294 845 427 884 iussus
453 849 540 882 erat
573 855 733 882 carmen
760 843 918 882 bucoli-

186 916 279 942 cum
299 903 488 952 condere,
519 902 706 953 Eclogam
726 900 833 940 hanc
850 902 919 940 in-

185 961 341 1000 scribit:
370 960 570 1014 pollicitus
588 959 805 1011 aliquando
827 974 919 999 car—

183 1033 278 1059 men
295 1019 435 1068 maius,
455 1032 534 1070 quo
553 1018 636 1057 eius
653 1018 794 1057 laudes
806 1032 920 1057 com-

182 1077 429 1131 prehendat:
467 1089 568 1128 quae
599 1076 769 1129 duplicis
797 1091 921 1129 gene-

182 1136 241 1175 ris
261 1142 368 1186 sunt,
390 1140 429 1172 et
446 1147 584 1173 rerum
602 1141 807 1187 gestarum
824 1150 864 1175 v.
878 1138 918 1186 8,

184 1201 226 1233 et
241 1193 388 1246 ingenii
404 1206 649 1246 operumque
663 1194 918 1246 poeticorum

183 1254 223 1294 9.
248 1255 313 1294 10.
381 1251 505 1300 Quod
542 1264 692 1290 nomen
725 1251 915 1291 Pollionis

183 1310 432 1362 adscriptum
459 1323 541 1347 non
580 1315 641 1348 est
657 1340 668 1360 ,
717 1310 823 1349 sorte
859 1311 917 1349 sic

183 1381 347 1407 excuses
357 1398 368 1418 ‚
398 1368 510 1419 quod
523 1367 568 1406 in
583 1369 720 1407 fronte
736 1369 915 1408 volumi—

181 1426 242 1465 nis
259 1426 361 1466 illud
377 1426 625 1479 adscriptum
643 1432 741 1465 erat.
780 1427 916 1466 Inter-

179 1485 406 1538 pungebam
446 1484 542 1523 olim
586 1499 678 1523 cum
726 1485 810 1524 aliis
852 1487 915 1524 Tu

180 1544 306 1593 mihi,
340 1549 381 1581 et
400 1542 642 1595 accipiebam
659 1543 836 1594 dictum,
867 1558 915 1583 ac

180 1601 214 1640 si
251 1602 446 1641 voluisset
484 1601 747 1654 subiungere:
785 1602 884 1640 ades
893 1618 910 1651 ,-

181 1659 253 1698 sed
274 1659 460 1698 desiderii
487 1666 601 1698 aestu
629 1674 710 1698 esse
733 1659 810 1699 alio
839 1660 914 1699 ab-

179 1724 354 1770 reptum.
415 1717 539 1765 Quod
566 1724 704 1757 tamen
728 1733 811 1759 non
838 1732 914 1757 ne—

182 1789 299 1826 cesse,
331 1776 659 1828 quandoquidem
677 1778 781 1816 mihi
797 1790 914 1830 saepe

181 1834 239 1872 sic
276 1834 401 1873 otiose
437 1834 722 1888 interponitur.
795 1836 914 1874 Cete-

180 1906 274 1931 rum
313 1898 433 1944 poeta
456 1893 662 1945 inceptum
687 1907 912 1933 sermonem

182 1949 350 2000 deserit,
381 1957 422 1989 et
441 1951 663 2004 interponit
681 1951 914 1994 ἐνθουσιῶν

181 2008 267 2047 illa:
289 2023 337 2046 en
355 2010 425 2046 erit
442 2024 701 2062 umquam—
715 2010 787 2048 tibi
802 2011 910 2049 desi—

179 2075 256 2105 nel.
295 2066 500 2118 Iungenda
517 2068 635 2107 adeo:
673 2070 735 2107 Tu
751 2069 911 2107 milzi—

180 2124 326 2176 adcipe
371 2127 488 2163 iussis
534 2128 717 2164 earmina
767 2135 910 2179 coepta

180 2183 273 2220 tuis.
338 2180 400 2236 (In
426 2184 665 2236 explicando
694 2185 792 2224 boni
811 2198 911 2238 poe-

179 2245 245 2278 tae
255 2241 431 2279 carmine
448 2242 662 2294 simplicior
678 2244 783 2282 ratio
804 2256 911 2282 sem-

177 2311 251 2351 per
269 2297 454 2337 habenda
479 2301 738 2352 probabilior.
785 2302 911 2341 Nimis

179 2362 317 2395 autem
340 2364 497 2396 remota
524 2366 618 2398 sunt
646 2360 716 2398 illa
742 2362 910 2412 „ac-cipe

178 2417 423 2466 carmina“‚
462 2430 582 2467 quam
614 2425 664 2457 ut
691 2419 795 2456 mihi
818 2432 909 2457 cum

176 2471 242 2511 1115
281 2474 444 2525 iungere
479 2474 608 2513 liceat.
666 2474 726 2514 Ac
754 2476 787 2515 si
809 2475 911 2515 11300

176 2545 254 2581 „en
285 2533 356 2569 erit
384 2546 578 2583 amquam
596 2555 653 2562 -——
667 2556 725 2562 —
743 2533 816 2572 tibi
837 2535 910 2573 cle-

176 2590 315 2627 sinet“
347 2587 578 2642 παρένθετα
605 2604 686 2628 0550
707 2593 908 2643 statueris,

175 2645 289 2697 vide,
327 2659 380 2685 ne
403 2647 487 2686 vim
518 2649 692 2700 egregiae
718 2650 910 2689 orationis

174 2704 294 2758 plane
324 2704 530 2756 infringas.
598 2707 761 2745 Rectius
784 2708 908 2760 igitur

174 2763 315 2815 iunges
332 2762 436 2800 mihi
448 2777 626 2814 superas.
646 2764 781 2815 Neque
799 2766 907 2804 otio—

175 2834 266 2860 sum
285 2826 345 2859 est
373 2819 476 2858 illud
503 2821 629 2869 milz155
663 2822 774 2872 quod
791 2837 906 2875 saepe

174 2878 471 2932 interponitur,
501 2878 571 2917 ubi
600 2892 686 2917 rem
703 2880 906 2930 quandam

175 2936 308 2989 aliquo
327 2935 449 2975 modo
468 2935 522 2975 ad
538 2949 612 2974 nos
628 2937 828 2989 pertinere
839 2939 906 2977 in-

176 2995 369 3035 dicamus.
397 2993 481 3035 vid.
509 3007 568 3034 vs.
591 2997 659 3037 30.
679 2995 771 3034 Not.
816 2996 906 3035 Hoc

976 842 1142 895 quidem
1158 843 1249 882 loco
1274 857 1347 897 per
1377 843 1458 883 1100
1483 857 1711 897 pronomen

976 901 1168 953 gaudium
1185 916 1304 940 suum
1320 902 1519 954 significat
1527 909 1648 955 poeta
1660 903 1710 941 de

975 959 1166 998 Pollionis
1179 960 1329 1011 reditu,
1351 961 1472 1000 rebus
1491 961 1593 999 bene
1607 975 1709 1016 pro-

977 1030 1171 1070 spereque
1211 1018 1345 1070 gestis.
1426 1019 1529 1058 Nam
1565 1017 1709 1058 10Ὑο1·-

976 1075 1081 1114 tenti
1105 1076 1298 1127 Pollioni,
1338 1091 1423 1116 non
1444 1077 1576 1128 eunti,
1608 1077 1710 1116 scri-

974 1140 1090 1186 ptam
1118 1147 1200 1172 esse
1226 1134 1333 1174 hanc
1359 1135 1565 1188 Eclogam,
1603 1136 1709 1175 infra

975 1192 1231 1245 probabitur.
1268 1192 1387 1248 Wr.)
1455 1195 1650 1233 Timavus
1665 1194 1709 1232 in

976 1264 1049 1288 ora
1070 1250 1233 1302 Adriae,
1263 1265 1348 1299 non
1373 1251 1490 1304 longe
1508 1252 1558 1290 ab
1577 1251 1708 1304 Aqui-

971 1308 1061 1359 leia,
1088 1309 1238 1349 fluvius
1250 1323 1302 1348 ex
1319 1316 1432 1349 terra
1446 1323 1595 1349 novem
1611 1310 1708 1349 fon-

972 1367 1084 1406 tibus
1125 1381 1197 1406 seu
1233 1368 1429 1421 capitibus
1461 1382 1707 1421 progressus,

972 1425 1089 1465 brevi
1124 1440 1267 1477 cursu,
1314 1426 1357 1465 in
1387 1440 1517 1465 unum
1547 1427 1708 1466 alveum

973 1484 1185 1535 collectus,
1223 1485 1307 1524 lato
1346 1485 1510 1536 altoque
1539 1484 1707 1525 flumine

970 1541 1015 1581 in
1038 1556 1151 1581 mare
1175 1543 1271 1582 exit.
1295 1543 1342 1583 cf.
1365 1542 1464 1582 Aen.
1487 1543 1517 1594 I,
1538 1542 1637 1594 244,
1665 1549 1707 1582 et

970 1600 1027 1639 ibi
1053 1602 1223 1640 Excuxs.
1248 1601 1331 1641 VH.
1390 1601 1525 1653 Unde,
1557 1615 1609 1640 ex
1624 1616 1705 1654 quo

969 1658 1060 1697 loco
1072 1689 1083 1709 ‚
1115 1673 1295 1712 egressus
1314 1660 1366 1699 sit
1384 1660 1512 1699 Pollio
1542 1660 1586 1699 in
1603 1661 1705 1700 Par-

970 1716 1108 1756 thinos
1135 1719 1342 1771 profectus
1358 1748 1370 1768 ‚
1412 1724 1601 1757 notatum
1630 1732 1706 1759 1100

969 1775 1014 1813 111
1042 1774 1225 1829 Appiano
1254 1776 1303 1826 V,
1335 1776 1389 1819 75
1416 1790 1492 1815 nec
1515 1777 1559 1815 in
1577 1777 1704 1817 Dione

969 1833 1143 1885 XLVIII,
1161 1833 1213 1876 41
1236 1834 1369 1874 video.
1428 1835 1470 1874 Si
1489 1849 1582 1874 cum
1603 1836 1704 1875 Cae-

970 1906 1058 1930 sare
1077 1898 1118 1931 et
1148 1891 1327 1932 Antonio
1355 1899 1449 1946 post
1461 1907 1603 1946 pacem
1619 1895 1703 1934 Pu-

967 1946 1169 1990 teolanam
1179 1952 1349 1990 Romam
1360 1944 1585 1991 decesserat
1600 1949 1704 2007 (Ap-

968 2009 1075 2062 pian.
1093 2011 1118 2049 1.
1131 2023 1163 2048 0.
1175 2008 1259 2064 74.)
1292 2016 1333 2049 et
1350 2010 1525 2062 legiones
1541 2024 1592 2049 ex
1604 2011 1702 2050 Gal-

968 2067 1023 2105 lia
1049 2067 1249 2121 Cisalpina
1277 2074 1318 2107 et
1346 2068 1512 2108 Venetia
1536 2069 1703 2109 suerunt

969 2126 1178 2165 collectae:
1219 2127 1345 2166 Pollio
1378 2127 1602 2166 exercitum
1632 2141 1703 2168 seu

968 2190 1080 2223 terra
1096 2198 1168 2238 per
1186 2184 1356 2235 Istriam,
1374 2185 1592 2238 Illyricum,
1605 2186 1702 2225 Dal-

967 2249 1098 2282 matas
1111 2274 1122 2294 ,
1152 2256 1295 2282 versus
1321 2243 1538 2283 Parthinos
1557 2244 1701 2283 duxis-

967 2314 1009 2339 se
1023 2332 1033 2351 ‚
1065 2315 1136 2341 seu
1153 2302 1257 2340 mari
1273 2301 1483 2341 Adriatico
1507 2316 1619 2341 oram
1643 2303 1701 2342 11-

965 2359 1082 2412 lyrici
1109 2360 1477 2412 praeternavigasse
1491 2361 1699 2414 putandus

967 2423 1039 2456 est.
1086 2418 1225 2470 Itaque
1241 2418 1307 2458 ille
1331 2418 1412 2457 hoc
1428 2425 1611 2472 tempore
1627 2425 1700 2458 aut

965 2476 1009 2515 in
1050 2476 1168 2515 Istria
1205 2475 1372 2516 haerere
1420 2483 1493 2516 aut
1527 2477 1699 2516 ulterius

964 2548 1197 2586 progressus
1213 2547 1296 2573 0550
1312 2540 1486 2588 poterat.
1526 2535 1566 2573 Si
1584 2535 1698 2588 prius

965 2592 1085 2632 illud:
1116 2599 1275 2632 montes
1312 2599 1429 2631 erant
1455 2593 1696 2644 traiiciendi,

965 2650 1009 2690 in
1043 2651 1190 2702 quibus
1225 2651 1383 2690 Timavi
1417 2651 1549 2690 fontes
1587 2658 1695 2690 sunt.

966 2707 1307 2762 (Proficiscentem
1337 2708 1389 2747 ad
1423 2709 1574 2748 bellum
1601 2710 1696 2748 Pol-

962 2766 1110 2806 lionem
1127 2766 1192 2806 1115
1210 2767 1346 2807 verbis
1363 2767 1565 2821 appellari,
1585 2774 1696 2806 recte

963 2831 1111 2877 negant
1131 2825 1313 2875 Ruaeus,
1343 2825 1529 2875 Vossius,
1561 2824 1695 2879 Spoh-

961 2883 1071 2933 nius3
1114 2883 1197 2923 vid.
1227 2883 1379 2936 Spohn.
1408 2883 1583 2936 Prolegg.
1613 2883 1696 2922 Nee

963 2941 1172 2980 commode
1191 2941 1334 2981 offerat
1350 2947 1472 2994 poeta
1482 2955 1542 2981 vs.
1558 2944 1622 2983 12.
1635 2955 1692 2993 sq.

962 2996 1154 3039 hederam
1197 3000 1396 3050 Pollioni,
1443 2999 1604 3039 laureae
1627 2999 1693 3038 vi-
