1768 3320
1564 138 1586 185 t

112 195 114 197 ’
183 185 325 245 ,254
704 183 1133 239 EXCURSUS
1171 185 1269 237 11*

221 316 402 356 Caesaris
433 316 583 355 amicus
616 328 711 354 esse.
769 315 850 355 Pro
880 314 1023 354 eodem
1054 315 1192 368 itaque
1224 329 1317 355 cum
1345 315 1388 355 L.
1416 315 1527 356 Varo
1552 315 1751 370 Epicureo

218 374 457 415 habuerunt
476 387 567 414 eum
590 372 670 413 viri
691 373 815 424 docti,
844 373 889 412 in
911 372 974 412 his
991 373 1163 414 Masson.
1183 375 1262 415 Vit.
1281 374 1426 414 Horat.
1437 388 1477 427 p.
1487 377 1589 417 222.
1612 375 1752 414 Eidem

222 433 324 473 adeo
344 439 385 472 et
401 432 503 472 haec
521 433 670 484 Ecloga
690 432 745 471 VI
765 432 960 484 inscripta
981 432 1113 472 videri
1130 439 1287 486 potest:
1313 433 1346 472 si
1366 446 1509 473 verum
1527 438 1610 484 est,
1640 433 1754 486 quod

220 492 352 532 Servii
371 491 423 530 ad
441 505 481 531 v.
501 493 570 541 31,
600 489 759 529 Phocae
784 490 828 529 in
854 490 948 529 Vita
971 490 1081 542 Virg.
1110 505 1151 531 v.
1171 494 1239 542 63,
1270 491 1418 530 Donati
1445 491 1490 530 in
1507 492 1554 531 V.
1575 491 1622 531 V.
1645 505 1676 531 s·
1696 494 1752 535 79

220 551 302 590 fide
328 549 529 599 traditur,
567 549 611 587 in
640 562 680 588 v.
703 551 755 590 31
777 562 862 600 sqq.
889 548 1134 601 Epicureum
1166 549 1313 602 dogma
1343 550 1540 602 proponi3
1570 550 1602 589 si
1627 563 1752 603 porro

222 609 407 663 Syronis,
439 605 671 661 philosophi
690 606 880 659 Epicurei
901 619 922 644 e
942 606 1133 645 Cicerone
1154 607 1262 657 noti,
1293 622 1377 647 una
1392 621 1486 646 cum
1503 608 1611 647 Varo
1631 607 1753 647 audi-

220 674 290 707 tor
316 667 395 707 fuit
426 665 628 716 Virgilius,
689 666 795 703 Sunt
826 670 965 703 tamen
989 663 1091 703 haec
1126 665 1262 704 omnia
1284 671 1368 704 tam
1396 679 1543 718 parum
1568 665 1753 705 firmatae

220 726 339 777 fidei,
367 731 416 765 ut
436 723 537 763 nihil
565 722 643 761 illis
671 721 859 774 equidem
888 722 1103 762 confidam.
1163 724 1318 762 Contra
1343 737 1507 776 gravem
1525 724 1754 764 dubitatio-

221 797 315 824 nem
344 789 484 822 movet
515 781 709 820 adversus
737 779 846 819 hanc
874 780 1051 820 Massoni
1081 781 1311 837 opinionem
1338 781 1438 834 hoc,
1482 782 1595 835 quod
1620 783 1753 823 Varus

221 842 377 895 Virgilii
405 840 537 880 nostri
562 840 669 878 bello
698 838 830 878 clarus
869 839 969 878 fuit:
1008 853 1104 879 nam
1121 834 1291 892 Ecl.V1,
1315 844 1343 883 7
1367 849 1502 893 erunt,
1533 843 1606 894 qui
1625 842 1754 880 dicere

222 901 385 951 laudes,
423 901 470 940 V
464 913 555 948 are
595 906 689 936 tuas
715 899 907 949 cupiant,
932 905 969 936 et
994 900 1124 936 tristia
1157 899 1324 937 condere
1347 898 1483 938 bella:
1514 900 1560 940 id
1580 899 1721 952 quod
1709 915 1754 940 m

221 959 466 1014 Epicureum
487 956 603 996 illum
623 954 911 1009 philosophum
932 970 1016 995 non
1034 957 1155 997 cadit.

345 1018 392 1057 In
407 1016 497 1055 loeo
520 1015 600 1054 Ecl.
623 1015 694 1064 IX,
714 1014 769 1057 35
792 1014 914 1067 vulgo
934 1014 1163 1068 legebatur:
1195 1016 1317 1055 Nam
1340 1029 1467 1069 neque
1486 1015 1624 1055 adhuc
1642 1016 1753 1056 Varo

221 1076 362 1117 videor
384 1089 458 1114 nec
491 1074 620 1111 dzeere
657 1073 788 1111 Cinna
815 1074 911 1125 Dig
887 1087 991 1123 ⁰?,tza
1035 1074 1109 1111 sed
1128 1083 1297 1126 argutos
1327 1076 1430 1112 inter
1449 1082 1618 1127 strepere
1636 1089 1757 1113 anser

223 1136 360 1174 olores.
420 1133 462 1172 Si
491 1132 572 1171 hoc
599 1137 711 1170 recte
739 1144 780 1169 se
806 1129 1144 1172 haberet21ecte
1161 1133 1351 1172 inferres:
1394 1133 1547 1172 Varum
1566 1139 1639 1172 aut
1653 1146 1755 1187 poe-

222 1200 309 1233 tam
332 1198 404 1231 aut
422 1190 648 1230 carminum
676 1188 850 1228 iudicem
878 1190 1034 1229 bonum
1051 1190 1192 1242 fuisse,
1221 1191 1335 1244 prius
1352 1190 1456 1230 illud
1470 1193 1628 1243 verius5
1657 1205 1754 1231 nam

224 1252 352 1291 Cinna
373 1257 497 1290 notus
517 1249 612 1288 satis
632 1254 754 1301 poeta
772 1248 874 1298 suit,
905 1262 989 1287 non
1010 1249 1197 1300 criticus-3
1225 1250 1286 1288 ita
1305 1263 1403 1290 vero
1428 1249 1482 1288 de
1502 1250 1611 1290 Varo
1633 1256 1755 1303 poeta

222 1310 354 1349 multo
387 1309 517 1348 maior
546 1306 748 1346 dubitatio
779 1306 1025 1347 suborietur.
1093 1308 1313 1347 Enimvero
1341 1308 1471 1347 multo
1504 1308 1754 1366 probabilius

222 1369 293 1419 fit,
341 1370 469 1408 Vario
502 1365 718 1418 legendum
752 1370 792 1403 et
825 1364 874 1403 de
901 1366 954 1404 L.
989 1367 1117 1406 Vario
1144 1367 1299 1419 tragico
1317 1366 1454 1405 locum
1475 1360 1755 1420 accipiendum

223 1440 330 1477 esse,
363 1426 412 1465 de
432 1439 512 1477 quo
531 1424 615 1464 vid.
635 1423 687 1462 ad
708 1423 855 1463 Donat.
877 1423 958 1463 Vit.
981 1424 1090 1477 Vi1g.
1110 1439 1140 1464 s.
1162 1427 1217 1467 30
1240 1431 1282 1464 et
1302 1426 1370 1468 53.
1392 1431 1514 1478 atque
1531 1425 1756 1465 secundum

222 1484 325 1525 haec
344 1486 472 1523 Vario
490 1483 665 1537 reposui.

340 1542 465 1596 Apud
483 1542 669 1581 Servium
688 1541 741 1580 ad
760 1541 842 1580 Ecl.
863 1541 921 1580 IX
934 1575 942 1594 ,
971 1540 1025 1583 35
1046 1540 1216 1593 legitur:
1255 1541 1384 1592 „Nam
1402 1540 1538 1581 Varus
1562 1542 1696 1582 victor
1714 1547 1756 1581 et

225 1602 314 1642 dux
330 1601 420 1651 fuit,
452 1600 518 1639 cui
534 1614 658 1653 supra
678 1599 891 1639 blanditur
902 1602 927 1622 “
941 1630 951 1650 ,
983 1598 1094 1638 unde
1114 1599 1265 1652 colligit
1282 1599 1444 1639 doctiss.
1463 1598 1683 1640 Ruhnken.
1702 1599 1756 1639 ad

222 1660 362 1701 Vellei.
384 1674 424 1712 p.
441 1658 526 1701 364
537 1689 547 1709 ,
578 1659 733 1698 Varum
751 1672 843 1697 eum
860 1658 1003 1708 fuisse,
1037 1671 1121 1696 non
1139 1658 1327 1708 Varium,
1358 1671 1479 1710 quem
1501 1656 1639 1698 Acron
1654 1672 1756 1700 nar-

180 1753 185 1756 .
222 1724 291 1759 rat
315 1718 368 1756 ad
393 1717 575 1756 Cassium
592 1717 848 1756 Parmensem
871 1715 1138 1755 occidendum
1163 1716 1212 1755 ab
1233 1715 1415 1769 Augusto
1434 1716 1614 1757 missum.
1670 1716 1758 1757 Ve-

187 1805 197 1809 ..
223 1791 319 1818 rum
334 1783 374 1815 et
398 1775 502 1814 illud
534 1774 725 1815 Scholion
741 1774 912 1814 Acronis
933 1780 975 1813 et
988 1773 1070 1813 hoc
1089 1775 1218 1814 Servii
1246 1781 1332 1814 tam
1352 1775 1677 1815 contaminatum
1696 1780 1757 1815 est

189 1839 193 1842 ’
225 1834 596 1875 Grammaticorum
614 1834 795 1886 ineptiis,
826 1839 875 1872 ut
895 1833 969 1872 vix
987 1832 1203 1884 quicquam
1222 1833 1319 1872 inde
1338 1832 1538 1873 conficias.
1597 1832 1643 1874 In
1660 1835 1757 1874 Ser-

224 1894 368 1944 vianis,
400 1892 580 1945 quisquis
596 1892 700 1933 illud
721 1891 920 1945 apposuit,
951 1890 1062 1943 quod
1080 1891 1216 1958 paullo
1240 1897 1334 1930 ante
1353 1891 1562 1945 adscripsi,
1590 1888 1757 1933 indocte

225 1951 426 2008 expressit
445 1950 737 1990 Horatianum:
770 1949 957 1989 Scrzberis
981 1950 1028 1989 V
1022 1963 1109 1988 ανιο
1115 1950 1245 2002 fortis
1265 1958 1302 1988 et
1317 1950 1493 1989 hostium
1510 1952 1649 1990 victor.

343 2011 487 2050 Restat
514 2023 590 2063 pro
618 2009 727 2049 Varo
754 2014 876 2062 poeta
903 2007 974 2060 qui
1003 2009 1221 2047 memorari
1249 2007 1378 2061 possit
1404 2007 1519 2048 locus
1547 2009 1685 2050 Ovidii
1705 2021 1757 2049 ex

224 2069 356 2110 Ponto
375 2069 442 2119 IV,
468 2071 534 2118 16,
553 2069 609 2111 31
648 2067 750 2106 Cum
785 2068 832 2107 V
826 2080 923 2105 arus
953 2066 1242 2120 Gracchusque
1271 2066 1414 2105 clarent
1432 2067 1535 2120 sera
1553 2068 1663 2107 dicta
1691 2076 1756 2120 ty·-

225 2129 379 2167 rannis.
452 2126 541 2166 Duo
581 2125 884 2179 tragoediarum
922 2131 1109 2164 auctores
1146 2125 1363 2164 memorari
1395 2126 1653 2165 manifestum
1684 2132 1755 2166 est.

227 2184 458 2226 Gracchum
482 2184 698 2237 Tragicum
722 2185 902 2223 illustrat
920 2182 1058 2223 Heins.
1088 2183 1141 2222 ad
1165 2198 1197 2223 e.
1216 2183 1242 2223 l.
1303 2184 1406 2223 Cum
1426 2184 1537 2224 Varii
1559 2184 1757 2238 Thyestes

225 2251 312 2284 tam
336 2244 470 2284 nobile
500 2258 602 2296 opus
628 2243 772 2293 fuerit5
810 2242 910 2282 Vari
939 2248 1077 2280 autem
1101 2242 1264 2281 aliunde
1284 2242 1396 2281 nulla
1422 2249 1582 2295 prostet
1600 2257 1765 2283 memo-e

165 2332 168 2334 ,
225 2303 308 2353 ria;
350 2302 538 2355 equidem
561 2315 646 2341 non
676 2301 820 2340 dubito
846 2301 889 2339 in
912 2300 1072 2340 Nasone
1099 2313 1260 2353 quoque
1295 2302 1470 2340 Varium
1488 2302 1756 2342 substituere:

227 2361 302 2401 etsi
318 2361 351 2400 is
369 2361 507 2415 paullo
529 2360 659 2400 maior
678 2366 782 2399 natu
798 2371 881 2398 esse
899 2358 1040 2399 debuit
1058 2359 1217 2403 Nasone
1233 2372 1376 2413 puero.

599 2533 644 2581 E
680 2533 726 2580 X
765 2531 806 2583 C
843 2531 893 2580 U
927 2531 978 2581 R
1015 2529 1050 2578 S
1087 2529 1138 2578 U
1174 2529 1210 2580 S
1281 2527 1343 2578 II
1365 2528 1394 2563 *

466 2653 469 2661 2
514 2632 582 2674 De
606 2632 753 2673 Sileno
773 2646 800 2673 a
827 2630 1000 2686 Satyris
1017 2635 1062 2672 et
1081 2628 1298 2686 Nymphis
1315 2632 1470 2677 vincto,

346 2752 428 2792 Ecl.
460 2753 534 2804 VI,
564 2757 616 2797 13
660 2754 841 2793 Chromis
876 2762 913 2792 et
948 2753 1167 2804 IlInasylos
1206 2753 1250 2790 in
1278 2760 1393 2792 antro
1433 2753 1616 2791 Silenum
1637 2751 1760 2803 pueri

229 2826 367 2851 somno
387 2811 519 2852 videre
538 2814 735 2851 iacentem
751 2834 810 2842 -—
824 2811 1044 2864 Adgressi,
1074 2825 1174 2849 nam
1193 2825 1314 2862 saepe
1334 2817 1453 2849 senex
1474 2825 1545 2863 spe
1565 2811 1759 2849 carminis

229 2870 349 2910 ambo
370 2871 566 2921 Luserat,
597 2872 784 2909 iniiciunt
814 2872 915 2921 ipsis
939 2883 988 2906 ex
1007 2869 1173 2908 vincula
1193 2871 1318 2907 sertis.
1380 2869 1512 2908 Addit
1529 2883 1571 2907 se
1591 2870 1759 2919 sociam,

231 2929 460 2983 timidisque
484 2930 712 2982 supervenit
731 2929 885 2981 Aegle,
916 2927 1048 2980 Aegle
1066 2926 1286 2966 Naiadum
1300 2927 1566 2980 pulcerrima.
