1768 3320
218 229 381 265 Lxx1v
700 207 1254 262 PRAEFATIO

221 342 383 394 etiam
402 347 752 391 retractarem
768 337 887 388 loca
909 336 1100 386 saltem
1120 333 1356 402 potiora,
1409 338 1464 381 et
1493 330 1754 382 emenda-

218 442 354 488 rem,
395 440 535 492 quae
557 422 781 491 quidem
803 415 1143 470 emendanda
1163 432 1277 466 esse
1296 412 1565 479 videbam,
1592 414 1754 464 etiam

222 524 311 573 ea,
350 505 420 557 de
458 506 653 573 quibus
686 503 926 555 monitus
955 515 1155 561 essem3
1195 515 1256 548 ea
1286 505 1471 547 autem
1491 497 1754 569 praeteri-

218 607 365 654 rem,
404 589 459 638 in
480 587 674 656 quibus
700 584 842 636 male
867 599 1041 634 essem
1070 579 1467 648 reprehensuS‚
1507 595 1569 630 ea
1587 571 1754 630 relin-

222 688 451 741 querem
471 671 679 734 intacta,
719 667 912 736 quibus
932 664 1157 715 meliora
1174 679 1290 713 non
1309 661 1462 712 allata
1481 661 1752 727 vidissem,

221 754 672 820 obliviscererque
695 769 781 815 ea,
820 764 955 816 quae
983 764 1044 797 ex
1070 746 1234 796 animi
1251 744 1632 795 malevolentia
1650 744 1754 795 illi-

218 836 472 888 beraliter
503 835 558 885 in
587 851 679 884 me
708 840 885 885 essent
914 827 1110 881 effusa:
1148 827 1345 897 quibus
1375 844 1492 878 non
1515 836 1629 878 tam
1651 826 1753 878 do-

221 919 297 969 lui
319 934 442 969 mea
469 932 669 980 caussa,
721 930 885 984 quam
913 921 1142 980 propter
1177 911 1523 962 imminutam
1550 909 1753 961 littera—

219 1018 344 1052 rum
378 1007 682 1049 nostrarum
734 995 1077 1061 dignitatem,
1127 1003 1181 1045 et
1229 994 1301 1045 ob
1342 993 1753 1058 detrimentum,

220 1082 372 1152 quod
394 1081 552 1132 bonis
577 1079 821 1129 moribus
854 1094 1092 1146 suaeque
1124 1077 1354 1145 quisque
1378 1075 1753 1128 existimationi

219 1167 360 1216 inter
379 1165 558 1214 bonos
590 1162 704 1229 ipse
728 1159 900 1214 affert.
973 1163 1090 1211 Iam
1116 1160 1172 1209 in
1195 1157 1534 1227 praefatione
1556 1158 1752 1227 prioris

220 1248 468 1299 editionis
493 1242 768 1314 professus
791 1260 965 1309 eram,
1000 1259 1096 1293 me
1126 1241 1437 1293 inchoatam
1460 1250 1674 1292 tantum
1699 1249 1754 1292 et

219 1330 542 1396 descriptam
564 1344 787 1394 operam
804 1325 1023 1394 publice
1041 1342 1374 1393 proponere,
1406 1341 1546 1394 quae
1564 1332 1751 1375 tamen

215 1429 316 1479 pro
360 1409 534 1461 fundo
568 1426 683 1460 esse
724 1409 894 1477 possit
931 1407 1119 1458 studiis
1162 1408 1408 1459 virorum
1458 1406 1753 1458 doctorum

217 1493 514 1544 coniunctis
534 1493 589 1542 in
610 1490 950 1560 perficiendo
980 1507 1047 1542 eo
1070 1490 1222 1559 quod
1241 1490 1582 1556 designatum
1606 1507 1635 1541 a
1657 1506 1751 1540 me

217 1585 358 1639 erat3
408 1575 582 1625 multo
617 1576 764 1626 enim
795 1574 973 1624 utilius
993 1572 1140 1639 fore,
1180 1574 1222 1624 si
1250 1590 1359 1624 una
1378 1572 1557 1641 aliqua
1582 1572 1750 1624 editio

215 1658 454 1725 repetitis
484 1656 721 1724 plurium
752 1656 939 1707 studiis
971 1666 1026 1707 et
1058 1656 1198 1708 curis
1232 1654 1562 1707 emendetur
1586 1664 1640 1706 et
1666 1654 1751 1706 lo-

217 1739 550 1807 cupletetur,
591 1756 755 1807 quam
787 1739 830 1788 si
860 1739 1043 1806 plures
1083 1739 1284 1790 iteratis
1315 1737 1507 1789 itidem
1543 1737 1750 1789 vicibus

218 1822 412 1873 eadem
427 1822 742 1885 recoxerint‚
782 1831 871 1872 aut
889 1832 1099 1873 veterem
1118 1825 1384 1889 querelam,
1419 1829 1482 1872 ut
1502 1837 1630 1871 cum
1645 1837 1750 1872 no-

215 1914 327 1954 stro
361 1903 578 1971 loquar,
614 1904 813 1954 iterum
846 1904 1156 1974 iterumque
1185 1908 1455 1957 cecinerint.
1526 1906 1641 1956 Nec
1668 1912 1750 1954 ta-

213 2003 346 2037 men
365 1985 454 2036 vel
474 1985 547 2035 sic
568 1986 817 2054 cuiquam
836 1988 1092 2039 invidebo
1123 1987 1231 2038 suis
1253 1986 1498 2054 auspiciis
1519 1985 1749 2037 meliora

215 2070 271 2118 in
294 2067 539 2118 medium
561 2066 885 2136 proferenti,
923 2071 1016 2138 qui
1039 2070 1096 2120 id
1125 2069 1371 2138 inprimis
1400 2086 1502 2137 per
1520 2085 1748 2120 omnem

214 2151 378 2200 vitam
414 2148 564 2200 cordi
597 2149 908 2218 habuerim,
955 2162 1018 2203 ut
1043 2152 1143 2203 alia
1162 2152 1344 2220 potius
1367 2152 1581 2219 ingenia
1608 2152 1747 2203 exci-

213 2242 387 2282 tarem
419 2241 472 2282 et
508 2249 783 2299 acuerem,
822 2252 986 2302 quam
1013 2245 1076 2286 ut
1110 2252 1327 2298 meum,
1367 2234 1746 2303 qualecunque

148 2337 149 2340 ¹
216 2314 351 2364 illud
380 2314 469 2380 sit,
514 2315 780 2366 iactarem.
866 2318 1140 2381 Quamdiu
1183 2318 1333 2369 enim
1362 2317 1418 2367 in
1448 2317 1532 2368 his
1558 2316 1746 2368 studiis

214 2405 451 2447 versatus
482 2413 630 2463 sum,
682 2398 739 2449 id
772 2400 879 2465 egi,
915 2410 976 2450 ut
1003 2400 1214 2452 litterae
1249 2399 1675 2452 emendarentur
1692 2408 1747 2450 et

213 2477 608 2548 perficerentur
639 2481 747 2531 sive
783 2499 884 2549 per
914 2501 1007 2535 me
1038 2484 1148 2534 sive
1179 2500 1281 2551 per
1311 2482 1468 2546 alios3
1513 2491 1568 2534 et
1588 2481 1744 2533 soleo

214 2561 414 2627 laetari,
452 2562 661 2629 quoties
683 2563 825 2614 inter
841 2566 1073 2632 vulgaria
1091 2566 1283 2616 haberi
1302 2565 1466 2617 video
1487 2582 1564 2630 ea,
1603 2581 1744 2633 quae

213 2643 348 2707 olim
374 2660 516 2694 nove
543 2653 596 2694 et
619 2645 870 2697 audacter
904 2648 1043 2700 dicta
1068 2648 1218 2699 haud
1236 2664 1358 2699 raro
1385 2647 1743 2715 displicebant

211 2726 491 2775 seniorum
517 2726 737 2781 iudiciis.
807 2733 999 2798 Neque
1031 2732 1260 2782 omnino
1298 2730 1439 2782 hanc
1471 2730 1741 2780 rationem

213 2808 618 2859 commentandi
642 2810 697 2860 in
715 2821 923 2862 veteres
950 2823 1193 2865 auctores
1217 2814 1460 2864 classicos
1483 2822 1742 2881 tanquam

209 2891 378 2943 unice*
392 2889 731 2958 probandam
750 2903 803 2943 et
822 2895 1256 2961 amplectendam
1272 2895 1569 2958 venditavi3
1610 2911 1740 2945 con—

209 2982 290 3023 tra
323 2988 453 3024 vero
483 2989 607 3024 cum
644 2974 753 3025 aliis
793 2976 846 3026 in
885 2977 1041 3043 locis,
1089 2988 1206 3030 tum
1239 2980 1294 3030 in
1314 2977 1739 3047 praefationibus
