1734 3320
0 187 9 198 τ
0 111 10 117 ς
0 69 11 105 *³²³
0 39 12 66 asan
0 0 17 36 ΜΞ

32 1113 49 1117 ’
97 1119 225 1157 abana
251 1120 343 1155 Gud.
388 1120 555 1154 clausero
583 1120 666 1157 duo.

96 1165 238 1212 laudat,
262 1167 361 1215 quod
379 1167 555 1214 probabat
573 1169 703 1202 VVasse
721 1167 768 1201 ad
786 1167 933 1201 Sallust.
947 1167 972 1201 l.
994 1167 1021 1201 l.

238 172 242 176 ·
314 142 982 255 eEossulcoNssLlss.
1009 173 1082 236 11,
1126 175 1417 227 153—164

1525 178 1623 228 421

101 305 259 359 Anne
280 298 426 353 lacus
440 306 650 351 tantos?
674 308 768 362 te,
805 299 925 348 Lari
947 314 1222 362 maxume,
1259 308 1440 367 teque,

100 371 374 424 Flaetibus
393 379 446 420 et
455 369 679 420 fremitu
697 369 989 434 adsurgens
1008 370 1218 419 Benace
1240 372 1450 420 marino
1462 378 1485 422 ?
1526 379 1624 424 160

102 446 186 494 An
205 457 515 491 memorem
533 448 751 506 portuS,
786 439 1130 506 Lucrinoque
1155 439 1333 488 addita
1355 440 1590 506 claustra,

99 515 277 578 Atque
295 510 633 576 indignatum
652 510 859 574 magnis
879 508 1199 559 stridoribus
1220 526 1440 576 aequor,

98 581 233 633 Iulia
256 598 360 650 qua
378 590 551 648 ponto
575 579 738 645 longe
759 588 915 629 sonat
935 579 1082 629 unda
1105 578 1307 642 refuso,

101 650 523 719 Tyrrhenusque
546 648 697 700 fretis
719 650 1006 699 inmittitur
1026 659 1200 705 aestus
1222 650 1471 701 AverniS.
1463 656 1484 687 :³

135 747 285 798 159.
323 760 497 804 TEQUE
518 746 606 801 ΕΙ..

700 749 1180 809 160.Ansmm1mS,
1216 745 1448 807 BENACE,

135 886 214 923 159
237 886 359 920 Lauri
378 885 461 919 duo.
507 883 689 918 Fabricius
706 884 925 930 distinguere
944 884 1111 919 volebat:
1151 887 1214 926 Te,
1238 886 1341 925 Lat-1,
1366 885 1538 926 Maxime,
1562 892 1623 918 te-

97 945 170 979 que
198 940 289 975 etc„
321 939 362 966 ut
386 940 459 966 tres
485 931 669 977 praecipui
697 931 794 965 lacus
822 932 947 966 ltaliae
975 939 1234 975 memorentur,
1259 932 1402 974 Larius,
1427 931 1624 972 Verbanus,

98 980 159 1026 qui
190 987 227 1014 et
250 979 388 1020 Maior,
422 985 460 1012 et
484 981 651 1012 Benacus.
699 979 814 1012 Nimis
845 979 1034 1013 subtiliter.

1142 980 1211 1014 160
1242 981 1445 1032 insurgens
1468 978 1625 1012 malebat

96 1029 228 1062 Wasse
240 1027 292 1061 ad
311 1005 453 1061 Sallust.
472 1027 546 1070 Iug.
567 1027 633 1067 33,
658 1025 741 1079 quia
757 1026 828 1060 hoc
846 1034 881 1060 et
901 1026 988 1060 alias
1014 1025 1119 1059 simili
1137 1039 1240 1059 sensu
1269 1025 1435 1059 occurrit.
1482 1028 1529 1059 At
1553 1025 1624 1059 boc

97 1073 144 1108 ad
159 1073 441 1109 emendationem
461 1073 591 1106 nullam
610 1072 698 1106 satis
717 1079 782 1106 est.

95 1288 198 1324 mm,
227 1272 481 1314 Adriaticum
500 1287 547 1312 ac
559 1272 832 1327 Tyrrhenum,

94 1332 222 1371 mirae
254 1333 568 1385 opportunitatis
605 1332 746 1370 Italiae
779 1332 832 1370 ad

94 1403 235 1430 rerum
262 1389 553 1442 hominumque
579 1390 830 1429 commercia.

97 1441 194 1492 159.
231 1450 375 1487 Lacus
415 1450 572 1487 Latius
605 1451 826 1498 maximas,

93 1505 137 1546 h.
185 1519 428 1562 permagnus
447 1537 459 1556 ,
516 1506 611 1545 sub
659 1506 828 1560 Alpibus

96 1562 227 1618 (nunc
253 1566 379 1617 Lago
401 1565 448 1603 dc·
467 1563 630 1619 OEm0),
660 1565 704 1603 in
730 1578 827 1616 agro

92 1622 404 1673 Mediolanensi,
454 1624 598 1661 Lacus
635 1625 829 1661 Benacus

93 1681 139 1720 in
158 1680 383 1720 Veronensi
413 1679 555 1734 (Lago
575 1681 622 1719 di
650 1679 827 1734 Gamla),

72 1744 264 1792 propter
280 1738 604 1791 magnitudinem
628 1739 762 1778 ventis
782 1752 829 1776 ac

91 1797 280 1850 procellis
304 1796 505 1838 obnoxius
530 1811 615 1835 non
645 1797 761 1835 aliter
781 1810 828 1835 ac

92 1868 219 1894 mare.
274 1854 387 1894 Idem
423 1854 618 1894 Mincium
669 1869 829 1894 amnem

91 1913 254 1953 medio..
263 1914 379 1953 alveo
414 1914 713 1963 transmittens,
744 1913 828 1952 vid.

91 1971 195 2011 Plin.
214 1971 287 2022 ΙΧ,
303 1975 361 2014 22
388 1978 430 2010 et
450 1973 501 2011 cf.
521 1971 621 2011 Aen.
654 1973 709 2023 X,
730 1972 828 2014 205.

55 2026 57 2029 ’
93 2029 345 2082 adsurgens,
375 2036 614 2069 tumescens.

155 2091 298 2130 161-
309 2088 404 2131 164.
415 2089 467 2127 Μ.
483 2088 671 2140 Vipsanio
682 2087 830 2140 Agrip-

93 2159 160 2198 pa,
189 2145 232 2184 L.
255 2145 423 2185 canidio
444 2147 561 2185 Gallo
585 2147 694 2186 Coss,
713 2147 761 2184 U.
782 2147 824 2185 C.

93 2205 202 2253 717,
243 2217 335 2246 cum
374 2211 517 2243 contra
554 2206 666 2243 Sext.
703 2205 826 2242 Pom—

92 2260 230 2314 peium
242 2258 349 2306 male
371 2276 461 2301 rem
491 2263 672 2315 gessisset
699 2263 827 2301 Octa—

92 2319 239 2359 viamus
290 2321 455 2371 Caesar,
515 2327 564 2359 ut
600 2321 826 2359 reficiendis

94 2377 285 2417 elassibus
318 2379 454 2419 locum
478 2385 617 2419 tutum
646 2378 826 2428 haberet,

91 2434 291 2489 Agrippae
322 2438 487 2476 consilio
515 2444 683 2490 portum
707 2438 827 2476 Baia-

91 2500 195 2534 num
238 2495 281 2534 in
320 2496 414 2535 sinu
447 2496 670 2535 Puteolano
705 2494 827 2549 (inter

92 2552 211 2591 Baias
228 2560 270 2591 et
286 2553 490 2608 Puteolos)
512 2553 827 2593 commodiorem

94 2616 135 2648 et
138 2605 349 2653 tutiorem
364 2614 421 2651 ita
435 2613 629 2663 reddidit,
660 2619 732 2651 aut
753 2626 827 2652 ve-

94 2668 181 2707 rius
203 2683 359 2709 novum
380 2677 548 2723 poitum
576 2672 747 2723 aperuit,
778 2677 827 2709 ut

94 2726 228 2769 lacum
244 2728 487 2779 Lucrinum,
517 2730 732 2768 interiecto
756 2743 827 2781 ag-

94 2797 187 2836 gere
212 2787 349 2829 amari
376 2788 601 2836 seclusum,
626 2802 721 2826 cum
735 2788 828 2826 lacu

94 2842 274 2892 Averno,
304 2845 374 2895 qui
394 2845 463 2883 isti
484 2846 705 2896 adiacebat,
726 2859 827 2883 con-

94 2900 299 2952 iungeret,
331 2915 511 2954 aggerem
542 2905 675 2942 autem
702 2904 827 2942 modo

97 2958 273 3009 dictum,
311 2960 381 3011 qui
405 2960 442 2999 V
471 2961 698 3000 stadiorum
726 2968 827 3012 erat,

879 1075 945 1108 161
973 1074 1070 1116 Quid
1086 1086 1274 1107 memorem
1295 1073 1464 1106 Rufiniau.
1488 1085 1523 1118 p.
1540 1073 1622 1108 251.

762 1121 831 1155 162
855 1121 1002 1167 magnis
1030 1119 1254 1154 clamonbus
1280 1120 1444 1153 Aretiuus
1472 1121 1509 1152 in
1531 1121 1621 1165 Epp.

1104 1167 1173 1203 164
1195 1171 1258 1201 Az
1249 1169 1342 1201 r'ernz
1358 1167 1453 1200 Toll.
1470 1173 1508 1200 et
1525 1169 1622 1201 Serv.

889 1274 1106 1313 latitudine
1121 1274 1194 1313 vix
1207 1273 1409 1326 quadrigis
1423 1273 1622 1326 recipien-

891 1333 953 1371 dis
973 1347 1048 1385 par
1068 1332 1217 1386 (strab.
1237 1333 1284 1381 V,
1305 1346 1345 1384 p.
1371 1331 1488 1386 245),
1506 1337 1622 1385 post-

890 1405 1012 1442 quam
1037 1404 1084 1429 eo
1111 1391 1290 1443 perfosso
1322 1390 1479 1429 aditum
1502 1390 1621 1428 navi-

888 1450 964 1488 bus
984 1449 1027 1488 in
1050 1456 1216 1502 portum
1238 1449 1412 1499 fecerat,
1448 1449 1504 1486 ita
1526 1461 1621 1487 mu-

887 1508 1005 1558 niret,
1033 1513 1080 1546 ut
1100 1521 1124 1545 a
1139 1507 1331 1546 fluctibus
1351 1506 1532 1559 superari
1546 1519 1620 1545 ne-

887 1566 1042 1618 quiret,
1090 1566 1342 1616 navibusque
1369 1571 1483 1604 tutus
1511 1564 1621 1610 intra

886 1637 979 1663 eum
998 1630 1100 1662 esset
1118 1630 1319 1677 receptus.
1378 1623 1458 1662 Hic
1472 1625 1620 1661 Portus

884 1683 1020 1722 Iulias
1037 1688 1219 1720 vocatus.
1232 1681 1315 1720 vid.
1334 1683 1498 1720 Sueton.
1519 1680 1619 1733 Aug.

888 1744 954 1782 16.
976 1740 1143 1778 Excisae
1156 1746 1242 1778 tum
1255 1739 1390 1788 silvae,
1413 1752 1514 1791 quae
1530 1739 1620 1777 loca

884 1798 1020 1838 vicina
1040 1799 1306 1851 occupabant.
1365 1798 1494 1836 Locus
1513 1798 1618 1835 clas-

886 1856 991 1896 sicus
1019 1863 1081 1895 est
1108 1856 1219 1909 apud
1242 1857 1410 1894 Dionem
1442 1855 1619 1906 XLVIII,

887 1916 956 1965 50,
988 1915 1064 1953 alia
1097 1915 1212 1954 dedit
1235 1915 1396 1953 Cluver.
1427 1914 1515 1952 Ital.
1535 1919 1619 1952 ant.

885 1974 954 2023 IV,
974 1977 1015 2015 2.
1075 1972 1282 2012 Adversus
1312 1972 1519 2020 Servium,
1550 1971 1620 2023 qui

884 2032 1006 2085 plura
1023 2031 1206 2081 miscuit,
1238 2031 1417 2083 disputat
1441 2031 1620 2069 Ouwens

886 2091 933 2128 N.
951 2090 1002 2128 H.
1033 2104 1073 2142 p.
1097 2091 1195 2132 581.
1252 2089 1461 2127 Praelatus
1482 2095 1619 2127 tamen

884 2148 1068 2199 sequenti
1091 2154 1275 2199 tempore
1313 2153 1459 2199 portus
1495 2147 1619 2185 Mise-

883 2220 974 2245 nus.
1010 2205 1210 2244 Memorat
1227 2205 1363 2256 itaque
1377 2211 1496 2256 poeta
1518 2218 1619 2257 por-

883 2271 973 2303 tum
999 2264 1167 2314 Iulium3
1204 2277 1324 2314 quem
1354 2264 1411 2302 sic
1437 2263 1618 2302 ornavit:

876 2331 1020 2374 portus
1038 2324 1297 2374 Lucrinoque
1328 2321 1475 2360 addita
1498 2322 1618 2359 clazo-

884 2389 967 2419 stra
979 2411 990 2430 ‚
1020 2379 1062 2419 h.
1082 2393 1263 2432 aggerem
1283 2379 1399 2418 illum
1420 2394 1503 2418 non
1527 2386 1617 2417 tum

883 2439 1061 2492 primum
1080 2439 1254 2488 factum,
1293 2438 1364 2476 sed
1384 2438 1500 2476 novis
1519 2451 1618 2489 ope-

883 2497 998 2536 ribus
1015 2496 1282 2546 adstructum,
1313 2510 1393 2547 quo
1412 2496 1499 2548 ipso
1518 2509 1618 2548 por-

884 2562 952 2594 tus
980 2555 1142 2594 effectus
1171 2553 1244 2593 est.
1314 2554 1465 2592 Eodem
1494 2553 1616 2592 modo

885 2613 1165 2666 accipiendum
1183 2619 1242 2651 est
1262 2612 1366 2651 illud
1386 2613 1523 2660 Plinii,
1566 2624 1617 2648 ex

883 2679 1027 2712 nostro
1073 2671 1381 2720 adumbratum,
1426 2668 1615 2717 XXXVI,

888 2731 954 2779 15,
977 2745 1006 2768 S·
1034 2730 1103 2778 24,
1137 2732 1190 2771 12
1220 2744 1331 2767 mare
1371 2729 1617 2780 Tyrrhenum

884 2803 913 2826 a
961 2790 1140 2826 Lucrino
1182 2787 1353 2825 molibus
1399 2786 1612 2831 seclusum,

883 2846 1099 2895 nimirum,
1143 2845 1247 2883 ostio
1274 2850 1437 2882 tantum
1471 2847 1615 2893 portus

884 2904 1040 2944 relicto.
1071 2918 1225 2956 aequor
1252 2908 1387 2940 autem
1418 2900 1615 2950 indigna-

884 2962 1013 3012 batur,
1045 2975 1089 3000 ea
1106 2967 1236 3014 parte,
1266 2973 1348 3012 qua
1367 2957 1479 2996 unda
1502 2957 1615 2996 Iulia
