1734 3320
0 99 15 130 ,;,
37 102 48 123 a

0 130 42 189 ᾗ

7 174 35 207 {a

16 207 38 228 [ἦ

2 228 38 272 ῑέἓ

5 273 24 293 ‘³

13 296 25 312 is

296 214 395 263 GE
410 213 789 264 ORGICON
825 215 968 266 LIB.
990 217 1087 280 IV,
1110 224 1404 273 231—232

1510 228 1608 275 631

0 315 43 397 ἒξ
84 340 321 404 Taygete
344 339 504 391 simul
528 356 590 391 os
612 340 768 391 terris
793 341 1031 392 ostendit
1052 342 1341 396 honestum

129 456 234 501 (232.
263 458 454 505 Taygetae
470 460 570 493 Serv.
588 458 714 492 Dresd.
744 460 841 505 Wr.)

9 558 33 596 ’,τ
76 564 284 605 aquarum
313 566 378 591 ore
394 553 499 606 fove
509 570 527 602 ;
569 568 663 593 nam
685 560 726 593 et
742 553 823 593 hoc

7 612 25 672 {⁴
78 622 157 663 pro
179 618 449 663 consequente
475 612 630 652 dictum
652 618 732 662 est,
773 618 822 651 ut

7 676 17 703 ζ

0 916 26 993 ἕ

0 994 28 1063 ξ

10 691 23 722 ᾖ»
81 680 187 719 aqua
210 680 281 707 ore
311 668 459 709 hausta
478 684 571 724 apes
594 671 820 723 adspergas.

0 725 25 777 f'f
80 724 186 765 Tum
205 740 304 766 vero
325 741 497 780 quaeras
517 729 559 768 in
581 729 659 767 hac
676 729 820 767 lectio-

79 796 144 835 ne,
160 784 260 836 quid
279 785 332 825 sit
353 788 551 840 sparsus?
581 787 693 826 nullo
714 787 821 826 enim

3 851 30 903 μ’
79 843 277 882 sermonis
328 858 408 883 usu
456 845 617 884 defendi
664 851 820 898 potest,

77 915 244 952 sparsus
263 915 340 955 pro
370 917 558 956 spargens
582 904 735 943 dictum
757 917 821 941 es-

78 971 132 998 se.
163 959 244 998 Sed
273 966 314 999 et
342 959 410 999 hic
431 962 712 1014 accipiendum
742 967 820 1000 est:

78 1015 269 1069 aspersus
284 1018 369 1070 ipse
389 1033 506 1071 aqua,
534 1034 587 1059 sc.
608 1019 744 1072 quoad
764 1034 820 1070 οε,

0 1068 15 1137 [lg
80 1088 187 1127 aqua
220 1076 434 1130 repletum.
494 1080 675 1116 Famam
688 1093 817 1130 prae-

79 1133 256 1184 tendere,
297 1133 339 1174 h.
368 1141 468 1174 -ante
497 1149 539 1174 se
569 1137 696 1186 serre,
735 1150 816 1188 quo

5 1183 16 1223 Ῐ
78 1191 232 1231 scilicet
264 1206 358 1245 apes
394 1194 439 1234 in
470 1195 719 1234 vestibulum
752 1194 817 1233 vel

79 1248 223 1290 c'ellam
273 1251 444 1291 aliamve
506 1253 610 1292 alvei
657 1259 817 1305 partem

78 1307 296 1361 abigantur
315 1310 512 1362 favosque
536 1311 771 1350 eximendos
794 1325 817 1349 a

77 1367 259 1406 mellario
288 1368 541 1421 relinquant:
582 1370 688 1409 conf.
708 1369 817 1408 Geo-

76 1438 173 1478 pon.
197 1425 295 1476 XV,
317 1427 365 1476 5,
389 1428 445 1476 5,
469 1433 510 1466 et
528 1431 566 1476 6,
596 1431 629 1470 1.
661 1428 815 1467 Colum.

77 1483 149 1534 IX,
173 1484 240 1534 15,
257 1483 297 1526 4.
309 1485 349 1528 5.
360 1487 398 1527 6.
422 1486 521 1524 Plin.
542 1487 614 1536 XI,
636 1489 701 1535 16,
719 1492 815 1525 sect.

80 1542 134 1585 15
167 1548 273 1582 extr.
334 1541 539 1596 (Virgilius
569 1550 730 1594 monet,
771 1558 815 1582 os

77 1613 183 1652 aqua
202 1600 317 1654 prius
337 1614 419 1640 esse
440 1602 699 1641 abluendum.
730 1604 816 1640 Fo-

76 1672 166 1697 vere
192 1659 275 1697 sere
303 1666 366 1698 est
408 1660 593 1710 abluere,
641 1673 815 1714 purgare

0 1715 2 1719 ’
76 1716 294 1756 lavatione.
321 1716 421 1757 Aen.
438 1719 529 1767 XII,
551 1718 650 1761 420.
667 1719 815 1771 fovere

24 1813 37 1825 ,
75 1775 219 1814 volnus
251 1776 442 1828 h‘mplza,
483 1776 557 1816 ubi
585 1790 651 1816 res
680 1776 816 1815 mani-

51 2707 218 2747 .cedere
247 2708 412 2747 iubetur
441 2708 627 2760 agricola.

75 1833 190 1872 festa.
213 1835 285 1873 W
278 1834 344 1872 ch.
361 1833 531 1876 —Mihi
548 1841 687 1874 tamen
707 1849 817 1873 non-

77 1891 176 1930 dum
205 1892 341 1931 omnia
371 1893 567 1932 videntur
602 1893 816 1946 expedita3

77 1963 125 1988 ac
146 1963 315 2000 vereor,
346 1964 396 1989 ne
419 1966 587 2003 sparsus
616 1966 700 1990 non
718 1951 771 1990 sit
794 1965 817 1989 a

74 2014 219 2061 poetae
245 2023 372 2048 manu
385 2010 640 2062 profectum.
695 2009 816 2048 Addo

76 2080 100 2104 a
145 2067 352 2106 Brunckio
397 2067 625 2120 disputata:
673 2067 816 2117 „Satis

74 2125 216 2164 mirari
236 2138 391 2176 nequeo
409 2155 420 2176 ,
461 2126 677 2164 lectionem
694 2124 814 2175 hanc,

67 2185 188 2236 prius
223 2183 376 2222 haustu
411 2198 576 2235 sparsus
611 2198 814 2236 aquarum

76 2256 141 2280 ore
154 2241 291 2293 fave,
334 2255 416 2293 qua
444 2241 545 2280 nihil
576 2242 630 2280 ad
647 2247 813 2280 senten-

74 2299 175 2339 tiam
192 2299 347 2352 aptius,
379 2299 433 2338 ad
457 2299 625 2353 phrasin
645 2299 813 2338 concin-

74 2357 187 2408 nius,
211 2371 232 2396 e
259 2357 405 2397 Medic.
438 2357 527 2397 cod.
558 2358 608 2396 ab
647 2357 813 2396 Heinsio

75 2430 160 2455 non
199 2416 429 2455 adsumtam
467 2416 600 2455 fuisse.
659 2417 814 2467 Augur-

74 2483 182 2513 stam
209 2475 354 2514 merito
386 2474 604 2527 praetulit,
645 2475 696 2512 ob
714 2473 814 2512 sub-

74 2532 180 2580 iecta
204 2533 257 2572 ad
286 2533 542 2571 sanctitatem
573 2547 694 2585 apum
715 2546 812 2584 per-

75 2591 260 2631 tinentia.
292 2591 418 2644 Igitur
438 2591 491 2631 ad
511 2589 682 2630 Alveare
702 2597 811 2628 tam-

75 2662 196 2701 quam
216 2649 270 2688 ad
286 2664 400 2688 aram
418 2663 490 2688 seu
507 2649 723 2688 delubrum
742 2662 811 2686 ac-

688 2706 811 2758 Atqui

75 2780 163 2805 mos
183 2773 293 2816 erat,
325 2773 374 2805 ut
391 2780 505 2805 sacra
526 2765 677 2804 adituri
698 2766 811 2818 prius

76 2838 181 2875 aqua
219 2838 323 2877 pura
366 2824 471 2863 lustr
475 2830 673 2873 arentur,
720 2831 812 2862 tum

75 2882 221 2933 linguis
252 2883 463 2932 faverent,
499 2882 611 2933 quod
651 2888 814 2933 postie-

76 2954 189 2978 mum
216 2954 239 2977 a
257 2953 457 2991 praecone
475 2940 518 2977 in
540 2939 662 2978 saelis
681 2940 815 2978 omni—

75 2997 152 3036 bus
178 2997 467 3050 imperabatur.
508 2997 604 3035 Sic
593 3011 636 3035 m
655 2997 752 3037 Aen.
767 2998 813 3037 V.

886 556 964 595 Ore
968 556 1115 609 favete
1134 572 1269 596 omnes
1286 566 1323 596 et
1333 566 1510 610 tempora
1521 560 1608 598 cin-

875 616 963 666 gite
982 617 1120 654 ramis.
1178 616 1445 654 Lustrationis
1471 629 1608 655 exem-

878 672 946 725 pla
972 673 1120 725 passim
1150 674 1282 712 obvia.
1302 673 1400 713 Aen.
1431 674 1497 714 IV.
1524 676 1609 713 Dic

877 746 1023 782 corpus
1031 740 1219 782 properet
1228 733 1404 783 fluviali
1419 746 1609 783 spargere
1624 777 1628 780 ‚

878 789 1061 841 lympha.
1100 789 1165 829 VI.
1203 804 1426 843 corpusque
1465 792 1610 828 recenti

880 849 1042 900 spargit
1071 862 1198 900 aqua.
1240 848 1343 887 VIII.
1384 850 1458 886 rite
1496 850 1609 886 cavis

880 905 1035 943 undam
1072 905 1121 943 de
1134 907 1314 958 flumine
1336 907 1494 958 palmis
1516 920 1607 944 sus-

879 964 985 1001 tulit.
1019 963 1092 1002 IX.
1121 964 1181 1003 ad
1204 964 1360 1003 undam
1383 965 1579 1016 processit
1592 993 1603 1012 ,

879 1036 1115 1074 summoque
1167 1022 1307 1060 hausit
1350 1022 1400 1060 de
1443 1023 1608 1074 gurgite

879 1079 1080 1131 lymphas:
1147 1080 1259 1119 Haec
1306 1079 1528 1131 similiaque
1574 1079 1607 1118 si

876 1151 1084 1190 compares
1102 1138 1296 1190 exempla,
1318 1138 1431 1176 facile
1447 1137 1605 1187 senties,

874 1195 978 1234 nihil
995 1195 1106 1234 aliud
1115 1194 1184 1235 hic
1200 1196 1362 1235 Poetam
1378 1195 1606 1249 praecipere

874 1254 919 1293 in
939 1255 1072 1293 animo
1088 1254 1264 1294 habuiss
1249 1267 1309 1304 se,
1349 1267 1470 1306 quam
1486 1252 1606 1307 puri—

875 1318 1003 1351 tatem
1040 1319 1081 1351 et
1111 1313 1316 1352 silentium
1336 1342 1347 1362 ,
1393 1311 1516 1363 idque
1553 1324 1605 1349 ex

874 1385 1083 1410 sacrorum
1101 1372 1198 1410 ritu.
1259 1371 1341 1410 Iam
1374 1370 1462 1422 quis
1480 1362 1606 1422 possit

875 1443 958 1468 esse
986 1443 1124 1468 sensus
1148 1429 1191 1468 in
1220 1428 1376 1468 Heinsii
1403 1428 1604 1467 lectione?

865 1490 986 1539 prius·
1002 1502 1073 1526 ora
1078 1487 1184 1540 fove
1202 1488 1354 1526 haustu
1373 1500 1576 1539 aquarum
1588 1502 1600 1523 .-

873 1545 917 1584 id
943 1552 1026 1596 est,
1067 1559 1213 1597 aquam
1241 1545 1284 1584 in
1314 1559 1357 1583 os
1387 1557 1520 1593 sume,
1559 1557 1603 1582 os

872 1604 1027 1657 prolue.
1088 1604 1182 1652 Qua
1210 1603 1372 1656 gratia?
1401 1608 1449 1641 ut
1471 1602 1604 1640 foeto-

872 1675 959 1701 rem
989 1662 1187 1702 emendes.
1255 1661 1345 1700 Hoc
1369 1674 1421 1699 an
1452 1659 1604 1699 haustu

873 1734 1002 1772 aquae
1020 1719 1110 1759 fieri
1122 1719 1251 1773 possit
1269 1719 1415 1758 nescio.
1472 1719 1603 1770 Supra

872 1778 1051 1817 Medicae
1073 1779 1169 1817 mali
1193 1777 1293 1816 flore
1314 1778 1463 1815 olentia
1483 1776 1605 1814 Medi

874 1851 946 1874 ora
961 1837 1124 1889 fovent.
1187 1836 1292 1874 Tum
1329 1835 1530 1873 foetorem
1550 1833 1603 1872 il-

872 1895 959 1933 lum
977 1895 1148 1934 nimium
1166 1900 1366 1946 quantum
1381 1906 1464 1931 esse
1478 1905 1603 1944 opor-

874 1959 1002 2003 teret,
1044 1953 1109 1992 cui
1142 1951 1352 1992 obruendo
1387 1951 1482 1989 satis
1520 1963 1603 1988 non

874 2017 1007 2050 essent
1055 2011 1125 2062 qui
1167 2009 1379 2064 praetendi
1412 2009 1602 2047 iubentur

873 2069 988 2108 fumi.
1047 2068 1146 2118 Sed,
1194 2067 1306 2120 quod
1339 2067 1602 2119 praecipuum

873 2133 957 2177 est,
997 2126 1096 2178 quid
1127 2126 1201 2164 sibi
1227 2125 1320 2164 vult
1344 2124 1602 2176 participium

871 2185 1067 2236 sparsas?
1097 2183 1180 2233 Qui
1198 2182 1393 2222 haustum
1414 2195 1540 2234 aquae
1558 2182 1601 2220 in

872 2257 916 2281 os
951 2242 1095 2290 sumit,
1145 2242 1178 2280 is
1204 2242 1346 2293 utique
1378 2253 1424 2279 eo
1450 2239 1602 2278 haustu

871 2315 955 2340 non
981 2313 1141 2353 sparsus
1169 2306 1240 2339 est.
1300 2299 1461 2338 Poetica
1487 2298 1600 2350 copia

872 2358 1061 2397 additum
1104 2358 1228 2397 aiunt.
1295 2356 1493 2408 Equidem
1529 2369 1600 2394 co-

870 2417 978 2470 piam
1006 2417 1049 2454 in
1090 2416 1255 2468 Virgilio
1291 2429 1482 2467 agnosco,
1528 2413 1601 2451 sed

870 2475 971 2514 tales
992 2474 1178 2524 salebras,
1188 2480 1272 2512 tam
1287 2485 1468 2525 asperam
1488 2485 1594 2510 com-

870 2532 1111 2586 positionem
1132 2545 1332 2583 nusquam
1351 2531 1449 2570 vidi.
1494 2529 1598 2569 Nul-

869 2593 932 2630 lus
961 2591 1099 2642 itaque
1132 2590 1299 2639 dubito,
1346 2589 1444 2640 quin
1469 2589 1598 2627 since-

869 2664 958 2689 ram
977 2648 1128 2701 Virgilii
1146 2648 1358 2687 lectionem
1380 2645 1599 2685 servaverit

870 2707 1014 2746 Medic.
1044 2707 1190 2746 codicis
1228 2705 1416 2744 librarius
1430 2734 1440 2754 ,
1477 2717 1599 2755 quam

869 2772 1130 2819 praepostero
1163 2764 1311 2803 iudicio
1329 2761 1596 2814 Apronianus,

870 2825 953 2863 sive
973 2824 1061 2875 quis
1081 2823 1180 2862 alius
1197 2823 1331 2874 inepta
1351 2820 1598 2858 correctione

870 2882 1137 2921 infuscavit.“
1173 2881 1243 2919 W
1236 2878 1284 2932 r.)

931 2942 1009 2981 231
1024 2962 1082 2968 —
1098 2937 1194 2980 235.
1224 2938 1330 2974 Sunt
1343 2934 1444 2972 haec
1465 2934 1597 2972 inter-

873 2997 1016 3051 posita.
1075 2996 1140 3034 Bis
1167 2995 1208 3033 in
1240 3007 1345 3032 anno
1371 2992 1488 3031 mella
1508 2991 1596 3031 exi-
