1734 3320
182 245 287 295 642

523 243 579 294 P.
614 242 964 294 VIRGILII
998 241 1372 293 MARONIS

180 372 319 433 Nee,
356 384 527 435 genus
549 368 699 419 unde
723 385 898 419 novae
920 369 1095 436 stirpis
1126 379 1437 433 revocetur,
1472 368 1717 423 habebit:

184 444 428 507 Tempus
451 448 504 490 et
526 439 738 490 Arcadii
758 439 1117 489 memoranda
1146 441 1365 491 inventa
1386 441 1625 506 magistri

183 510 456 576 Pandere,
496 527 718 579 quoque
740 509 912 560 modo
935 511 1097 561 caesis
1119 511 1226 561 iam
1253 528 1414 580 saepe
1436 511 1673 562 iuvencis

247 653 318 689 282
342 650 498 687 habenis
523 653 646 694 Rom„
678 651 827 685 ferrem:
873 649 1035 700 habebi-e.

183 701 316 735 Moret-

182 821 289 860 bove
320 832 434 858 caeso
460 831 570 858 nova
588 831 711 870 apum
734 816 920 856 examina

184 878 369 928 excludi,
409 876 520 929 quod
539 875 834 930 Aegyptiorum
852 876 921 915 in-

182 943 354 978 ventum
382 941 424 974 et
451 934 672 974 artificium
696 948 779 973 esse
798 935 921 987 vulgo

182 995 426 1035 iactabatur.
451 993 536 1033 vid.
564 993 696 1033 Varro
727 993 762 1032 ΙΙ
776 1024 786 1043 ,
809 993 858 1042 5,
882 993 921 1036 5.

182 1054 259 1104 III,
293 1055 369 1102 16,
397 1050 437 1102 4,
460 1057 502 1091 et
519 1051 637 1090 multi
658 1051 769 1105 apud
787 1051 921 1104 Intpp.

182 1112 238 1151 ibi
257 1117 296 1150 et
320 1110 374 1149 ad.
389 1109 431 1149 h.
450 1109 476 1149 l.
496 1110 665 1149 laudati.
708 1110 922 1162 Virgilium

184 1176 394 1210 auctorem
428 1168 530 1208 Plin.
567 1168 711 1208 laudat
740 1168 824 1218 XI,
851 1171 920 1218 20,

183 1234 277 1268 sect.
299 1231 369 1278 22,
391 1233 432 1266 et
450 1227 604 1267 Colum.
617 1227 690 1277 IX,
714 1226 780 1277 14,
801 1229 849 1277 63
880 1232 921 1265 et

184 1302 270 1341 cap.
288 1289 330 1338 2,
355 1289 392 1337 1,
409 1285 520 1326 unde
541 1286 753 1339 Magonem
778 1291 819 1324 et
839 1285 921 1323 De-

182 1345 404 1386 mocritum
431 1345 689 1398 potissimum
709 1343 811 1383 haec
830 1350 920 1383 tra-

184 1404 335 1444 didisse
363 1402 516 1454 ‘discas,
558 1403 741 1443 homines
772 1416 920 1455 parum

183 1463 332 1502 idonea
357 1462 457 1502 fide:
498 1467 756 1501 assenserunt
781 1467 919 1500 tamen

182 1521 368 1576 Hyginus
387 1535 435 1560 ac
456 1521 605 1560 Celsus.
653 1520 921 1573 Experimen—

182 1586 275 1620 tum
294 1580 354 1619 rei
377 1580 447 1632 qui
462 1579 696 1629 instituerit,
728 1593 811 1618 non
832 1592 922 1617 me—

184 1645 391 1678 moratum
443 1638 542 1678 vidi.
623 1637 797 1678 Videtur
854 1637 922 1676 illa

185 1697 366 1737 Orientis
404 1697 502 1736 olim
532 1696 756 1735 communis
785 1696 921 1750 opinio

184 1756 327 1807 fuisse,
366 1762 418 1795 ut
457 1755 623 1794 omnino
651 1755 825 1805 insecta,
864 1754 924 1793 ita

187 1828 280 1868 apes
317 1827 369 1853 ex
415 1814 606 1866 putribus
658 1813 923 1852 cadaveribus

185 1872 390 1926 generari3
408 1871 473 1911 cui
491 1872 559 1910 illa
572 1870 802 1911 observatio
818 1872 924 1910 sorte

185 1931 321 1970 locum
347 1931 517 1979 fecerat,
550 1929 661 1981 quod
692 1943 785 1983 apes
808 1929 852 1968 in
875 1929 922 1967 iis

186 1989 330 2039 terris,
360 1988 432 2028 ubi
458 1988 606 2041 passim
636 2001 710 2041 per
738 1988 860 2027 silvas
882 1994 924 2026 et

187 2048 272 2086 sine
303 2047 417 2086 cultu
442 2046 718 2099 vagabantur,
757 2046 837 2085 mel
853 2045 922 2084 in-

186 2106 350 2145 terdum
385 2105 429 2144 in
468 2104 757 2155 cadaveribus,
796 2110 845 2144 ut
872 2117 923 2143 ex

186 2164 422 2204 narratione
441 2162 491 2202 de
518 2163 725 2202 Samsonio
751 2168 923 2213 constat,

186 2224 320 2263 facere
359 2222 568 2262 videbant.
627 2222 717 2261 Non
758 2221 924 2274 quidem

187 2282 265 2321 nisi
295 2281 506 2321 exsiccatis
532 2280 799 2320 cadaveribus
830 2293 923 2333 apes

187 2340 243 2380 ita
266 2339 459 2390 insidere,
491 2354 577 2378 non
596 2352 696 2379 vero
713 2339 822 2377 sanie
841 2339 924 2378 dis-

187 2398 410 2438 fluentibus
425 2428 435 2448 ,
467 2412 590 2450 quam
611 2411 705 2451 apes
724 2410 922 2437 aversan-

187 2462 278 2507 tur,
318 2462 505 2496 notatum
533 2462 593 2495 est
615 2470 637 2494 a
657 2456 818 2507 multis,
848 2456 924 2494 etsi

189 2528 255 2554 eas
289 2528 365 2554 nec
398 2515 546 2554 crudas
580 2528 721 2554 carnes
756 2514 920 2553 omnino

189 2572 410 2612 abhorrere
430 2573 496 2612 alii
527 2579 725 2612 testatum
745 2573 925 2624 faciunt3

188 2631 272 2671 vid.
291 2632 397 2670 Nota
414 2631 631 2671 Becmanni
658 2632 711 2670 ad
736 2630 923 2684 Antigon.

189 2689 346 2742 Caryst.
374 2703 462 2742 pag.
485 2692 579 2732 106.
637 2689 770 2728 Hujus
797 2704 923 2742 porro

188 2747 380 2787 mellificii
402 2748 447 2787 in
465 2747 610 2787 craniis
638 2753 679 2786 et
709 2747 924 2788 cadaveri-

187 2806 265 2846 bus
281 2807 532 2846 animantum
547 2806 828 2845 observatione
844 2805 920 2844 ad-

191 2864 317 2915 ducti,
348 2866 471 2915 suere,
495 2864 566 2916 qui
582 2863 706 2902 fidem
725 2864 919 2914 facerent,

190 2936 251 2973 se,
301 2937 394 2962 cum
429 2936 551 2976 apum
593 2921 780 2961 examina
812 2935 921 2961 nova

188 2979 338 3021 habere
355 2982 520 3031 vellent,
550 2993 678 3020 verno
698 2980 795 3019 anni
812 2986 921 3019 tem-

188 3052 307 3092 pore,
339 3054 462 3094 apum
488 3038 635 3080 fetibus
654 3038 772 3079 novis
793 3052 816 3078 a
844 3052 922 3078 na-

1147 651 1218 688 984
1241 653 1360 687 caesis
1386 653 1460 686 iam
1476 651 1586 700 forte
1611 654 1636 687 i.
1661 664 1716 699 pr.

979 824 1075 857 tura
1108 817 1311 858 destinato
1331 847 1342 868 ,
1386 818 1562 858 cadaver
1600 818 1717 858 bovis

980 877 1194 916 commodo
1223 877 1314 916 loco
1341 877 1593 930 exposuisse,
1636 890 1718 930 quo.

980 949 1074 989 apes
1109 942 1319 988 tamquam
1350 935 1403 974 ad
1433 936 1593 976 alveum
1615 949 1716 975 con—

979 995 1179 1044 volarent,
1210 1000 1251 1032 et
1275 1000 1405 1034 mater
1427 1008 1499 1033 seu
1515 1007 1717 1047 puerpera

981 1067 1057 1092 ova
1077 1053 1310 1106 deponeret.
1354 1053 1460 1092 conf.
1485 1052 1715 1092 Mellmann.

981 1111 1203 1150 Comment.
1251 1111 1301 1149 de
1355 1113 1524 1150 mutatis·
1562 1111 1717 1163 formis

979 1184 1019 1223 p.
1038 1170 1106 1213 25.
1166 1170 1214 1208 Ι11
1246 1175 1455 1222 angustam
1489 1169 1600 1208 illam
1639 1169 1717 1208 (10-

979 1242 1092 1267 mum
1112 1242 1152 1268 v.
1173 1227 1421 1271 295—298
1445 1241 1537 1281 apes
1555 1227 1717 1281 apposi-

979 1293 1044 1326 tae
1085 1287 1213 1325 casiae
1250 1285 1463 1339 thymique
1495 1286 1717 1339 fragrantia

978 1359 1019 1385 v.
1043 1343 1238 1388 303.304
1259 1344 1550 1384 alliciebantur.
1592 1344 1718 1394 Quod

980 1410 1117 1443 autem
1159 1403 1451 1443 contundendo
1495 1403 1719 1443 enecabant

977 1463 1147 1512 bovem,
1176 1462 1221 1502 id
1247 1475 1394 1502 vereor
1421 1475 1473 1500 ne
1496 1462 1608 1501 inani
1626 1460 1717 1515 opi-

981 1521 1095 1560 nioni
1113 1520 1381 1560 tribuendum
1403 1520 1477 1572 sit,
1508 1520 1582 1559 nisi
1606 1520 1718 1573 quod

981 1580 1088 1619 forte
1106 1579 1163 1618 sic
1187 1579 1434 1632 putrefactio
1462 1579 1717 1619 acceleraba-

981 1645 1063 1678 tur.
1122 1638 1312 1677 Ceterum
1338 1636 1630 1691 Aegyptiorum
1648 1638 1716 1677 in—

979 1703 1151 1737 ventum
1171 1697 1231 1735 ad
1259 1696 1506 1736 Thessaliam
1529 1687 1718 1736 tradu'ffit

979 1755 1095 1795 Maro
1119 1769 1159 1795 v.
1180 1757 1265 1798 317
1284 1769 1343 1807 sq.

1039 1816 1137 1857 282.
1165 1828 1296 1866 genas
1312 1828 1442 1852 novae
1459 1814 1609 1864 stirpis,
1643 1824 1716 1864 ge-

981 1886 1058 1912 nus
1088 1885 1266 1922 novum,
1301 1885 1323 1910 a
1342 1886 1451 1911 nova
1476 1871 1603 1923 stirpe
1630 1869 1717 1909 ori-

980 1930 1160 1980 undum,
1198 1943 1381 1970 examen.
1440 1931 1537 1972 283.
1579 1929 1718 1968 Area-

981 1988 1043 2027 dii
1066 1989 1276 2040 magistri,
1308 1988 1500 2041 pastoris,
1531 1985 1716 2038 Aristaei,

981 2046 1066 2086 vid.
1094 2046 1201 2085 infra
1224 2058 1264 2085 v.
1299 2048 1385 2088 317
1412 2052 1454 2085 et
1482 2045 1580 2088 539.
1641 2047 1717 2084 Se-

982 2105 1123 2159 quitur
1152 2104 1277 2157 igitur
1306 2105 1350 2143 in
1378 2104 1466 2144 hoc·
1488 2103 1617 2142 Maro.
1634 2117 1715 2155 eos,

982 2163 1053 2215 qui
1084 2176 1175 2202 eum
1205 2162 1401 2202 Arcadiae
1433 2163 1599 2212 heroem
1626 2162 1717 2201 edi·-

982 2222 1145 2261 derant:
1176 2221 1287 2274 quod
1307 2221 1416 2261 idem
1443 2221 1583 2262 Iustin.
1607 2220 1715 2271 xm,

981 2284 1021 2331 7,
1052 2283 1118 2330 10,
1151 2286 1192 2319 et
1220 2281 1389 2320 Nonnus
1417 2280 1579 2332 Dionys,
1607 2279 1717 2330 XIII,

980 2342 1066 2381 277
1093 2344 1189 2377 sunt
1220 2339 1405 2392 amplexi,
1465 2337 1527 2377 Ab
1556 2336 1642 2376 aliis
1663 2337 1717 2376 ad

979 2396 1225 2436 Thessaliam
1257 2402 1473 2437 revocatus
1511 2395 1716 2437 Aristaeus

978 2454 1131 2506 heros3
1186 2455 1296 2494 idem
1333 2456 1432 2494 Ceae
1468 2461 1510 2494 et
1549 2454 1716 2507 Cyrenis

980 2515 1095 2554 cultu
1120 2513 1294 2553 habitus.
1320 2514 1378 2554 Cf.
1410 2513 1460 2552 de
1495 2526 1541 2552 eo
1565 2512 1618 2552 ad
1644 2513 1714 2552 Ge.

982 2572 1021 2623 I,
1054 2570 1130 2623 14,
1155 2586 1248 2611 cum
1272 2571 1543 2625 disputatione
1571 2570 1716 2610 Thielii

986 2630 1098 2672 1774
1140 2631 1352 2683 Gottingae
1386 2630 1556 2680 habita,
1602 2642 1716 2668 nunc

981 2688 1135 2728 Eckhel
1154 2689 1277 2728 Numi
1292 2694 1372 2729 vet.
1389 2703 1429 2742 p.
1452 2690 1547 2730 108.
1567 2693 1608 2726 et
1628 2688 1715 2727 Do—

981 2747 1113 2785 ctrina
1134 2748 1302 2787 Numor.
1326 2753 1409 2787 vet.
1434 2746 1477 2785 P.
1503 2746 1550 2796 II,
1567 2760 1608 2799 p.
1628 2748 1714 2788 326

981 2805 1035 2843 ad.
1063 2819 1233 2844 numum
1265 2805 1377 2844 Ceae.
1437 2806 1542 2844 Sane
1569 2810 1611 2843 et
1628 2803 1715 2857 ipse

977 2863 1092 2902 Maro
1127 2864 1235 2902 insra
1264 2877 1303 2903 v.
1345 2866 1431 2906 317
1471 2876 1557 2915 sqq.
1585 2863 1713 2915 Cyre-

978 2934 1059 2960 nen
1080 2921 1122 2960 in
1144 2921 1348 2962 Thessalia
1367 2921 1603 2971 collocavit,
1634 2920 1713 2959 Pe·—

978 2980 1044 3018 nei
1081 2982 1209 3033 patris
1244 2986 1364 3019 antra
1404 2979 1733 3030 inhabitantem,-

978 3038 1112 3092 ipsum
1141 3045 1278 3079 autem
1307 3037 1540 3078 Aristaeum
1565 3038 1734 3092 Tempe.
