1768 3320
556 232 637 281 IN
674 228 1098 281 GEORGICA
1485 236 1589 284 273

63 376 180 411 non
208 360 264 410 in
295 367 495 410 vastam
523 357 874 408 solitudinem
908 365 1021 407 erat
1048 353 1290 415 redacta;
1336 358 1589 430 veterani,

63 431 208 481 inter
224 445 361 498 quos
381 429 489 494 agri
512 426 728 479 fuerant
748 427 924 492 divisi,
961 427 1027 476 ab
1054 425 1234 492 operis
1261 424 1443 474 rustici
1468 443 1590 476 mo-

62 500 226 551 lestiis
245 508 299 549 et
315 499 587 550 aerumnis
613 497 908 548 tolerandis
936 495 1269 547 alienissimis
1298 503 1450 544 erant
1479 497 1591 545 ani-

63 571 191 632 mis3
226 567 488 620 frumenti
506 569 689 636 inopia
709 568 773 618 ab
794 584 937 618 anno
956 566 1086 617 inde
1106 566 1374 618 DCCXIH
1398 580 1592 631 magna

60 639 266 692 Italiam
291 637 437 689 fame
467 637 746 701 afflixerat3
795 638 1032 688 carmine
1066 638 1273 704 itaque,
1312 651 1422 702 quo
1453 636 1589 686 vitae

60 710 288 761 rusticae
323 709 470 760 bona
503 708 1049 772 commendarentur,
1098 706 1352 757 delinitos
1384 705 1592 755 animos

62 779 131 832 ad
156 779 594 846 agricolationem
629 779 824 830 adduci
849 795 1033 846 posse,
1083 776 1350 828 censuisse
1377 778 1593 826 Maece-

60 859 258 903 natem.
339 849 782 900 Fundamentum
834 858 1019 899 tamen
1075 847 1416 898 coniecturae
1470 845 1592 896 ido-

59 938 230 972 neum
275 936 389 971 non
434 930 686 988 apparet3
736 920 868 987 quin
906 936 968 970 ea
1003 935 1107 970 nec
1142 918 1264 967 satis
1298 915 1591 984 probabilis

62 1008 178 1043 esse
198 990 437 1055 videtur,
477 1008 602 1041 cum
630 990 851 1041 carmini
870 990 1138 1040 maiorem
1153 988 1288 1052 vim,
1324 987 1592 1037 maiorem

5 1080 7 1082 ·
61 1062 222 1113 etiam
248 1060 640 1126 celebritatem,
689 1061 918 1124 tribuat,
965 1077 1129 1128 quam
1167 1059 1310 1108 inter
1337 1056 1591 1107 homines

60 1131 332 1195 indoctos»,
369 1129 605 1195 feroceS,
642 1148 743 1198 per
762 1129 1148 1198 bellorumque
1172 1127 1406 1178 civilium
1424 1127 1592 1177 licen-

58 1203 191 1252 tiam
220 1202 419 1269 rapinis
458 1202 719 1269 caedique
749 1201 1027 1264 adsuetOS,
1076 1199 1188 1251 ullo
1219 1197 1391 1248 modo
1431 1214 1586 1265 expe-

61 1272 190 1323 ctari
208 1272 390 1339 possit.
462 1274 580 1322 Hoc
605 1271 748 1322 forte
771 1270 891 1322 fieri
913 1271 1113 1338 potuit,
1149 1278 1234 1333 ut,
1274 1285 1398 1319 cum
1422 1268 1591 1318 multa

60 1341 205 1410 apud
222 1346 594 1393 Maecenatem
622 1342 691 1392 de
719 1341 1081 1405 detrimentis,
1121 1356 1259 1408 quae
1283 1356 1345 1389 ex
1369 1338 1591 1403 agricul-

58 1422 212 1463 turae
231 1411 480 1478 negleetu
504 1412 831 1479 reipublicae
853 1410 1209 1473 inferrentur,
1249 1418 1302 1459 et
1323 1409 1392 1459 de
1410 1409 1591 1469 modis

60 1500 119 1533 ac
145 1483 467 1549 rationibuS,
510 1483 705 1551 quibus
733 1483 782 1532 ei
805 1481 986 1532 honos
1014 1498 1141 1531 suus
1159 1480 1366 1530 restitui
1391 1488 1591 1547 posset,

61 1552 462 1621 disputarentur
501 1562 555 1603 et
590 1562 908 1618 agerentur,
962 1551 1164 1618 Virgilii
1209 1550 1490 1615 ingenium
1523 1549 1591 1611 ad

58 1623 201 1673 hanc
230 1624 512 1674 materiam
542 1622 850 1673 deferretur
882 1623 1306 1688 excitareturque
1324 1661 1338 1685 ,
1381 1629 1443 1670 ut
1471 1637 1591 1670 eam

61 1694 298 1745 carmine
317 1693 648 1743 tractandam
672 1694 772 1743 sibi
791 1702 1043 1744 sumeret.
1118 1691 1380 1744 Carminis
1406 1699 1590 1740 tamen

59 1764 343 1815 auctoritas
370 1763 515 1831 apud
540 1765 821 1815 Romanos
845 1761 947 1813 fuit
974 1779 1212 1826 summa,
1251 1761 1590 1827 omninoque

60 1851 124 1885 ex
153 1851 214 1885 ea
238 1833 484 1902 pendent
508 1833 808 1886 Columella
837 1842 890 1885 et
915 1833 1146 1897 Plinius,
1181 1830 1423 1882 versibus
1452 1847 1590 1898 quo-

60 1921 167 1973 que
187 1905 405 1969 integris
427 1904 717 1972 adscriptis,
780 1907 894 1956 Nec
919 1904 1123 1953 mirum
1151 1901 1284 1962 hoc;
1324 1918 1448 1951 cum
1478 1918 1589 1950 car-

57 1975 271 2025 minum
294 1975 500 2043 ubique
524 1975 698 2025 maior
720 1973 866 2041 apud
886 1974 1077 2039 vulgus
1102 1982 1155 2024 et
1178 1971 1377 2039 politos
1408 1970 1590 2020 homi-

57 2062 178 2166 uleisb
181 2046 346 2111 gratia
366 2046 462 2112 sit,
501 2062 666 2112 quam
693 2045 872 2112 operis
899 2041 1276 2112 philosophica
1304 2040 1590 2092 subtilitate

60 2131 91 2166 e
183 2116 330 2168 orati.

163 2257 350 2307 Unum
373 2255 549 2306 adhue
566 2255 930 2305 monebimus.
979 2251 1251 2303 Hesiodi
1282 2251 1360 2303 de
1385 2269 1588 2320 opere

58 2326 304 2375 rustico
343 2342 562 2376 carmen
591 2343 619 2375 a
643 2325 863 2391 Virgilio
900 2323 1201 2374 imitatione
1234 2339 1349 2372 esse
1376 2339 1590 2389 expres-

58 2412 204 2459 sum,
260 2395 487 2462 vulgaris
530 2404 583 2446 et
621 2405 869 2445 constans
905 2393 1023 2444 fere
1059 2410 1086 2442 a
1120 2393 1307 2443 Servio
1341 2393 1470 2443 inde
1511 2401 1591 2443 est

60 2466 246 2533 opinio
272 2470 359 2532 *),
404 2483 568 2534 quam
591 2474 753 2532 poeta
787 2466 903 2533 ipse
941 2462 1131 2514 fecisse
1163 2462 1405 2526 videtur,
1456 2462 1590 2512 dum

58 2552 116 2586 se
155 2540 503 2587 Ascraeum
550 2553 804 2586 carmen
848 2538 1138 2587 Romana
1184 2550 1302 2599 per
1347 2532 1588 2600 oppida

60 2622 295 2657 canere
339 2608 410 2657 ait
451 2609 551 2658 Ge.
584 2608 660 2670 H,
698 2612 832 2670 176,
883 2621 1020 2674 quae
1063 2604 1175 2671 ipsa
1209 2620 1295 2653 res
1332 2603 1400 2652 ad
1438 2612 1587 2652 tanto

56 2676 322 2726 maiorem
341 2678 454 2727 eius
470 2676 696 2742 gloriam
714 2677 992 2744 pertinuit:
1016 2673 1419 2741 comparatione
1441 2673 1590 2723 enim

105 2815 134 2859 ⁸)
158 2815 265 2860 Apud
286 2816 507 2850 Mam-obium
532 2828 688 2862 quoque:
722 2819 792 2851 Sa-
850 2815 950 2863 quod
963 2813 1034 2849 sibi
1049 2814 1282 2848 Theocritum
1300 2810 1439 2859 fecerit
1454 2819 1588 2858 pasto-

57 2862 187 2896 turnal.
205 2862 262 2904 V,
290 2863 316 2899 2
353 2865 596 2898 Dicturumne
625 2875 681 2898 me
714 2877 792 2910 pu-
851 2863 944 2896 ralis
973 2863 1095 2909 operis
1114 2869 1323 2901 auctorem,
1348 2860 1489 2893 ruralis
1507 2860 1587 2891 He-

58 2911 151 2944 tatis
184 2921 249 2951 ea,
282 2921 376 2954 quae
413 2911 528 2957 vulgo
560 2919 652 2945 nota
681 2919 791 2953 sunt,
854 2909 1023 2944 siodum‘?

126 2969 338 3017 VIRGIL.
377 2969 520 3018 ΤοΜ.
548 2969 585 3019 Ι.
857 3023 861 3027 ,
1235 2967 1303 3012 18
