1734 3320
276 199 767 252 GEORGICON
803 199 947 251 LIB.
968 200 1062 264 ΠΙ,
1092 205 1385 255 296—307
1493 206 1597 257 553

62 326 150 380 Ad
174 326 424 378 medium
451 343 709 377 conversa
730 325 903 378 diem:
935 343 1107 394 quum
1127 325 1351 392 frigidus
1374 329 1507 381 olim
1536 365 1539 367 -

2 398 5 402 ’
61 400 179 450 Iam
195 396 337 448 cadit
359 405 712 464 extremoque
737 397 942 447 inrorat
959 397 1223 464 Aquarius
1243 415 1400 452 anno,

60 470 177 520 Hae
199 483 423 537 quoque
442 484 558 518 non
576 484 700 517 cura
720 467 881 517 nobis
902 467 1108 517 leviore
1128 467 1393 530 tuendae3

0 596 2 602 ,
60 541 175 590 Nec
191 538 378 588 minor
393 554 524 588 usus
546 538 670 589 erit:
705 538 948 606 quamvis
968 537 1174 589 Milesia
1193 554 1393 605 magno

43 607 277 677 ‚Vellera
293 617 577 659 mutentur
603 609 794 673 Tyrios
819 609 1029 660 incocta
1051 608 1297 661 rubores,

131 708 250 756 304.
286 716 464 767 cmm,

1495 474 1599 524 305

25 844 33 858 ²
103 842 177 879 3oe
198 844 253 877 Aa
281 844 424 890 Menag.
454 856 510 889 pr.
558 851 635 877 tum
649 841 685 889 s.
713 855 746 877 ο.
765 844 847 878 Iam
872 843 969 877 redit
995 844 1087 878 Ven.
1136 843 1223 877 dum
1246 843 1283 891 s
1317 855 1404 877 unus
1431 843 1599 877 Amndel.

61 889 161 936 quod
187 889 348 936 pedestri
377 891 489 925 verbo
521 890 691 936 propius,
716 902 827 936 usque
856 890 952 924 dum.
987 891 1184 936 (,‚Vossins
1211 891 1299 925 dum
1318 890 1478 936 recepit,
1502 890 1601 936 quod

28 930 34 941 ⁴
59 936 299 972 necessarium
318 945 395 981 est,
418 938 489 973 nisi
504 938 601 972 forte
620 943 707 984 post
724 938 820 972 diem
838 944 1007 983 punctum
1037 938 1200 983 posueris
1229 945 1266 971 et
1293 937 1431 983 reliqua
1460 937 1512 971 sic
1539 937 1600 971 di-

61 983 248 1018 stinxeris:
287 987 374 1020 Cum
383 984 560 1034 frigidus
575 1003 624 1010 -
642 1004 687 1009 —
707 997 827 1026 ann03
852 987 937 1018 Hae
951 998 1095 1032 quoque
1113 1005 1158 1011 —-
1183 1005 1229 1011 —
1248 985 1453 1019 tuendae.“
1500 985 1600 1019 Haec

59 1030 223 1072 Iahnius5
249 1032 315 1066 sed
336 1045 447 1079 quare
467 1033 555 1066 dum
575 1031 814 1066 necessarium
837 1032 904 1075 sit,
937 1043 1009 1066 non
1035 1033 1154 1067 video.
1184 1032 1282 1076 Wr.)
1377 1032 1450 1068 304
1473 1040 1601 1066 extre-

59 1090 120 1113 mo
136 1091 163 1113 n
284 1092 332 1114 ue
350 1080 515 1114 Parrhas-
611 1079 682 1115 505
706 1081 812 1113 Haec
828 1091 1027 1126 quoque—
1039 1081 1203 1114 tuendae
1220 1081 1400 1114 Romanus
1422 1079 1599 1125 antiquis-

60 1124 169 1160 simus
185 1138 263 1160 cum
283 1127 410 1172 fragm.
431 1126 631 1166 Vaticano;
656 1127 749 1160 unde
770 1134 943 1172 apparet,
977 1139 999 1160 a
1016 1127 1119 1173 lapsu
1144 1126 1285 1160 librarii
1311 1126 1461 1172 primum
1481 1133 1599 1160 ortum

0 1202 5 1207 ,
58 1171 195 1207 habere
216 1172 367 1208 alteram
385 1173 575 1208 lectionem
601 1174 669 1207 Ms.
687 1174 817 1208 Medic.
842 1176 948 1207 Haec
971 1194 1015 1199 -
1036 1174 1195 1208 tuenda.
1243 1175 1289 1207 Et
1315 1173 1386 1207 hoc
1414 1173 1599 1219 interpre-

0 1254 1 1258 ,
57 1224 183 1255 untur
208 1221 373 1264 Servius,
414 1221 663 1266 Philargyrius
678 1247 688 1262 ,
730 1220 982 1263 Grammatici,
1015 1227 1195 1267 tamquam
1220 1220 1430 1267 exquisitam
1457 1221 1599 1266 generis

0 1266 265 1313 *npemllagem
300 1274 338 1302 et
367 1267 418 1302 sic
448 1267 611 1315 plerique
637 1268 722 1302 libri
751 1281 829 1302 cum
856 1268 937 1302 edd.
957 1269 1048 1302 Ven.
1078 1275 1115 1302 et
1134 1268 1283 1302 Mediol.
1313 1274 1350 1301 et
1366 1267 1473 1302 Aldd.
1489 1280 1544 1313 pr.
1562 1275 1600 1302 et

48 1312 132 1350 'lec-
177 1318 226 1350 At
248 1316 407 1361 Nauger.
435 1315 473 1349 in
499 1315 580 1350 Ald.
602 1322 687 1349 tert.
713 1317 798 1349 Hae
817 1335 862 1341 ——
889 1316 1070 1358 tuendae,
1114 1316 1211 1362 quod
1235 1317 1280 1350 ab
1308 1315 1373 1358 iis,
1407 1315 1468 1362 qui
1492 1315 1599 1349 Aldd.

84 1360 201 1396 riores
230 1362 497 1408 exprimebant,
521 1362 724 1408 neglectum
746 1362 869 1397 Heins.
891 1369 992 1396 recte
1020 1362 1221 1404 revocavit,
1255 1362 1501 1408 Philargyrius
1527 1363 1600 1397 ha-

58 1374 190 1452 bebat,
215 1416 253 1444 et
271 1410 365 1445 Gud.
385 1423 463 1444 cum
480 1411 609 1444 Moret.
635 1417 672 1444 et
696 1422 819 1444 omnes
848 1409 997 1444 Martini
1013 1409 1110 1444 libri.
1155 1409 1362 1456 (Veterrimi
1382 1409 1467 1444 libri
1489 1422 1597 1455 saepe

59 1462 145 1490 sunt
172 1456 310 1492 indices
341 1457 646 1503 corruptelarum,
690 1464 730 1491 ut
756 1457 793 1491 h.
816 1457 841 1491 l.
868 1459 970 1492 Rom.
999 1464 1037 1491 et
1069 1457 1195 1503 fragm.
1224 1457 1364 1499 Vatia,
1406 1458 1444 1491 in
1472 1457 1599 1503 quibus

58 1505 406 1539 Haec—tuendae.
456 1507 508 1539 Ut
535 1505 734 1538 rarissimus
762 1511 818 1539 est
841 1503 1004 1538 feminini
1028 1504 1100 1539 hae
1119 1517 1223 1546 usus,
1258 1504 1307 1538 ita
1323 1504 1431 1550 longe
1450 1505 1599 1538 creber-

60 1550 170 1585 rimus
189 1551 348 1596 neutrius
371 1553 485 1593 haec3
521 1564 629 1598 quare
649 1552 740 1586 nihil
765 1551 950 1586 miraberis
964 1578 973 1594 ‚
1010 1551 1041 1585 si
1060 1552 1132 1585 hae
1159 1552 1236 1585 fere
1255 1552 1292 1585 in
1312 1552 1406 1585 haec
1427 1558 1601 1586 mutatum

58 1598 243 1644 reperies;
267 1599 334 1634 cfr.
349 1602 440 1634 Aen.
460 1601 520 1641 111,
546 1601 627 1635 167.
660 1601 722 1642 vl,
746 1601 828 1636 853.
851 1601 931 1642 vn,
956 1599 1036 1635 175.
1061 1600 1143 1642 xn,
1168 1599 1249 1634 849.
1299 1598 1406 1641 Quod
1426 1599 1600 1633 hocloco

60 1645 170 1680 etiam
198 1646 338 1681 facilius
367 1646 447 1681 fieri
477 1646 599 1692 potuit
626 1655 778 1693 propter
807 1659 934 1681 sonum
963 1646 1147 1691 proximae
1178 1646 1305 1680 literae
1333 1659 1366 1692 q.
1413 1648 1487 1680 Iam
1511 1656 1598 1680 vero

60 1704 167 1739 quum
194 1694 400 1739 pronomini
430 1695 523 1728 haec
550 1706 622 1728 non
654 1694 842 1728 convenire
862 1693 1108 1739 intelligerent
1138 1694 1320 1735 tuendae,
1346 1694 1490 1727 tuenda
1508 1693 1600 1727 scri-

59 1748 219 1787 pserunt.
267 1743 347 1776 Nec
369 1742 555 1776 commode
575 1743 681 1776 Haec
700 1743 844 1776 tuenda
860 1741 906 1775 de
928 1741 1044 1786 capris
1065 1740 1218 1783 dixeris,
1254 1752 1344 1786 quae
1361 1747 1441 1774 toto
1466 1752 1599 1786 genere

60 1794 289 1834 spectantur,
315 1800 389 1823 non
410 1789 610 1834 speciebus.
660 1790 774 1823 Recte
796 1797 921 1824 contra
941 1789 1007 1822 Ge.
1031 1789 1076 1830 11,
1099 1789 1178 1824 47.:
1204 1790 1376 1833 „Sponte
1396 1800 1460 1822 sua
1485 1799 1599 1834 quae

60 1846 101 1869 se
118 1834 253 1869 tollunt
270 1835 309 1870 in
327 1836 470 1870 luminis
493 1848 585 1879 oras,
610 1836 688 1870 Ins
692 1849 712 1870 e
724 1850 742 1870 c
754 1837 871 1870 unda
895 1835 1093 1882 quidem;“
1118 1847 1225 1881 quum
1244 1834 1409 1868 arborum
1426 1835 1600 1881 plurimae

60 1883 134 1916 sint
154 1883 304 1928 species.
354 1885 471 1926 Quem
498 1884 616 1917 locum
641 1896 719 1918 cum
742 1891 869 1918 nostro
897 1895 1105 1928 comparare
1126 1894 1199 1917 non
1229 1882 1396 1916 debuisse
1412 1883 1601 1917 Wunder-

58 1928 218 1974 lichiam,
241 1931 312 1965 iam
331 1930 558 1976 intelligitur.
589 1931 685 1975 Wr.)
733 1932 814 1966 Nec
835 1943 922 1964 unus
942 1930 1061 1964 Mead.
1109 1932 1265 1964 Haec—
1278 1930 1457 1964 tuendum
1476 1930 1599 1964 Heius.

60 1976 301 2023 adscripscrat
319 1977 356 2011 in
374 1990 498 2024 marg.,
535 1990 625 2024 quae
642 1978 855 2012 Lucretiana
883 1978 999 2012 forma
1028 1978 1133 2011 foret.
1183 1979 1362 2019 Quorsum
1383 1983 1505 2011 tamen
1525 1990 1600 2011 eam

58 2023 220 2059 inferas?
266 2025 433 2070 Calpurn.
464 2026 519 2068 V,
552 2026 576 2060 9
619 2038 712 2072 quos
741 2038 821 2059 ecce
844 2037 982 2072 greges
1010 2037 1033 2058 a
1062 2032 1185 2058 monte
1215 2032 1376 2058 remotos
1406 2026 1536 2058 Cernis
1559 2026 1600 2058 in

60 2072 188 2119 aprico
215 2072 413 2118 decerpere
448 2073 625 2119 gramina
660 2085 806 2119 campo:
851 2074 933 2106 Hos
966 2070 1033 2105 tibi
1066 2072 1115 2105 do
1145 2072 1272 2104 senior
1306 2072 1434 2104 iuveni
1463 2079 1599 2119 pater3

59 2120 76 2152 i
101 2131 141 2152 se
159 2119 320 2153 tuendos
336 2120 484 2167 Accipe.
526 2131 620 2153 cura
645 2118 814 2153 breviore
833 2120 926 2152 Ven.
974 2117 1080 2152 vobis
1095 2119 1226 2151 Moret.
1253 2130 1309 2163 qu.
1333 2129 1401 2162 pro
1420 2130 1492 2152 var.
1513 2118 1598 2152 lect.

155 2166 240 2199 Non
258 2166 418 2200 deterius
440 2167 538 2199 foret
559 2166 797 2211 distinguere:
830 2166 911 2200 Nec
931 2167 1051 2199 minor
1073 2178 1163 2199 usus
1189 2166 1271 2198 erit.
1322 2167 1498 2208 Quamvis
1519 2167 1599 2199 Mi-

61 2213 157 2247 lesia
175 2225 313 2260 magno
328 2233 374 2238 —
394 2212 570 2247 rubores:
594 2216 756 2248 Densior
774 2213 862 2247 hinc
888 2214 923 2258 (a
939 2212 1070 2259 capris)
1096 2211 1251 2246 soboles.
1287 2213 1464 2258 (Praestat
1485 2212 1600 2247 altera

59 2259 174 2300 ratio;
200 2272 316 2305 neque
339 2272 417 2294 cum
443 2261 719 2295 Wunderlichio
741 2260 848 2307 plene
877 2259 1156 2305 interpunxerim
1180 2266 1267 2303 post
1287 2260 1461 2293 tuendae.
1501 2259 1598 2304 Wr.)

59 2307 134 2343 307
159 2308 307 2341 incocta
324 2307 469 2341 colores
485 2307 596 2341 Goth.
615 2320 686 2342 sec.
698 2334 708 2352 ,
732 2315 774 2341 ut
794 2314 831 2341 et
851 2308 1030 2342 Romanus
1049 2319 1128 2342 cum
1146 2306 1227 2341 aliis
1245 2306 1367 2350 Pierii,
1391 2307 1495 2341 male.
1529 2320 1599 2342 ru-

62 2352 172 2389 bores
190 2354 298 2388 etiam
316 2355 442 2400 fragm.
460 2355 580 2390 Vatic.

59 2473 186 2513 huius
213 2474 461 2513 concordem
491 2489 584 2514 cum
617 2474 803 2514 Varrone

60 2532 306 2571 sententiam
352 2539 497 2585 poetae
515 2564 527 2584 ,
594 2539 803 2585 tamquam

61 2591 300 2643 quaestione
319 2592 508 2641 admota,
550 2592 743 2644 exprimi,
774 2606 802 2630 a

862 2481 1001 2514 autem
1022 2488 1150 2524 anno,
1180 2488 1211 2512 S.
1232 2474 1327 2513 anni
1343 2481 1474 2527 parte,
1505 2474 1539 2513 si
1565 2475 1600 2514 is

862 2547 886 2572 a
906 2546 1003 2572 vere
1019 2533 1182 2572 initium
1200 2531 1344 2571 habet:
1363 2547 1457 2572 cum
1475 2532 1600 2572 huius

862 2592 968 2630 enim
990 2598 1107 2640 ortu,
1149 2591 1279 2644 operis
1305 2592 1448 2630 rustici
1468 2605 1601 2630 novus

59 2650 212 2699 ventis,
252 2648 293 2688 h.
322 2664 465 2689 aversa
495 2664 518 2688 a
548 2650 704 2700 ventis,
734 2651 803 2689 in-

0 2706 3 2707 ’
60 2706 203 2759 primis
223 2708 424 2759 aquilone.
437 2709 541 2747 conf.
560 2709 630 2748 ins.
650 2723 690 2748 v.
703 2710 801 2751 318.

62 2764 227 2803 hiberno
245 2767 323 2803 soli
341 2775 602 2819 opponuntur
631 2781 678 2806 eo
700 2768 802 2820 ipso,

62 2822 177 2874 quod
193 2832 286 2861 sunt
301 2824 362 2861 ad
377 2826 584 2864 meridiem
599 2840 803 2865 conversa.

62 2880 247 2919 Tandem
280 2895 375 2919 cum
396 2905 454 2913 —
483 2898 617 2933 anno,
660 2883 702 2923 h.
734 2883 803 2922 hi—

61 2939 192 2978 berno
227 2944 423 2990 tempore.
490 2940 694 2992 Aquarius
730 2956 803 2981 oc-

64 2997 166 3037 cidit
192 2995 327 3036 medio
355 2997 590 3038 Februario.
629 3008 802 3039 extremo

862 2650 964 2689 ordo
986 2649 1184 2703 procedit.
1233 2652 1331 2691 307.
1349 2650 1513 2702 Caprini
1530 2663 1600 2701 ge-

859 2709 967 2747 neris
994 2722 1136 2747 curam
1166 2721 1252 2746 non
1283 2721 1366 2745 esse
1396 2708 1600 2760 negligen-

863 2767 957 2806 dam
987 2767 1066 2816 ait,
1107 2766 1181 2804 etsi
1213 2766 1401 2804 ditiorem
1418 2779 1599 2818 proven-

860 2832 952 2865 tum
979 2839 1032 2864 ex
1061 2825 1205 2864 ovibus
1244 2837 1326 2862 esse
1357 2838 1442 2862 non
1468 2830 1598 2876 neget.

861 2885 1079 2922 snilesiam
1107 2884 1252 2921 lanam
1277 2888 1477 2920 memorat
1496 2895 1599 2934 poe-

859 2942 943 2980 fico
971 2955 1107 2990 more,
1141 2941 1239 2980 dum
1266 2953 1391 2991 genus
1411 2940 1594 2991 aliquod,

861 3006 903 3039 et
921 3000 1086 3052 quidem
1103 2998 1374 3052 praestantius
1394 2998 1490 3049 fere,
1520 3013 1598 3052 pro
