1768 3320
360 258 784 314 BUCOLICA
827 261 996 311 ECL.
1031 262 1121 325 IV,
1162 269 1382 317 10—14

1537 276 1634 323 133

113 383 310 448 Pollio,
356 392 411 434 et
427 383 686 451 incipient
705 386 884 450 magni
903 386 1206 452 procedere
1226 405 1466 453 menses;

114 457 195 504 Te
218 451 382 517 duce,
419 454 462 503 si
485 471 589 521 qua
609 464 855 516 manent,
892 455 1107 506 sceleris
1127 458 1343 524 vestigia
1362 464 1527 511 nostri

111 523 276 574 Inrita
292 532 555 591 perpetua
574 522 787 574 solvent
804 523 1103 578 formidine
1127 536 1306 581 terras

186 620 533 679 12.P01.1.1o;
605 632 819 670 Mssnsrs

158 756 205 795 13
222 756 338 805 primi
349 757 407 791 vel
423 757 548 792 nostri
560 756 686 792 Ko'ler.
706 769 770 792 ms.

109 890 152 924 et
173 885 296 938 vulgo
322 885 568 940 interpretes
603 893 843 938 sequuntur.

107 944 218 983 lnioe
243 943 407 996 quidem
438 945 620 984 absolute
647 945 706 983 ita
731 944 843 998 posi-

107 1007 199 1040 tum
223 1014 310 1041 non
331 1016 556 1054 occurrere,
585 1004 687 1042 bene
703 1009 843 1042 monet

106 1058 387 1111 Burmannus3
425 1061 687 1114 participium
703 1067 841 1100 tamen

106 1130 317 1169 nunquam
348 1132 434 1157 non
469 1119 529 1158 ita
562 1119 731 1158 dicitur:
773 1121 841 1157 in-

106 1183 223 1214 eunte
246 1190 379 1226 anno,
419 1191 577 1225 men-51³5
619 1179 746 1216 iniens
765 1192 840 1215 ae-

106 1241 195 1272 tas:
234 1233 377 1285 quidni
406 1235 528 1275 etiam
563 1250 696 1274 annus
734 1236 841 1275 init?

105 1296 149 1329 et
169 1291 311 1332 eodem
339 1292 462 1332 modo
494 1293 649 1333 dictum
681 1292 842 1344 ing-redi

103 1362 182 1402 pro
208 1349 411 1403 incipere,
444 1357 494 1390 ut
522 1352 593 1391 Ge.
625 1351 656 1401 I,
682 1350 739 1392 42
772 1353 839 1388 in-

101 1407 278 1459 gmdere.
327 1407 612 1463 (Burmannus
630 1439 643 1460 ‚
696 1414 746 1448 ut
780 1408 839 1447 ita

103 1464 334 1518 iungamus,
374 1474 518 1507 auctor
543 1474 622 1507 est:
665 1467 834 1518 Apollo,

103 1521 185 1562 hoc
213 1530 295 1574 est,
337 1523 564 1577 Augustus,
611 1524 724 1564 hunc
755 1525 839 1563 sere

103 1580 334 1634 intelligunt
348 1583 603 1636 interpretes,
632 1582 747 1621 inibit
763 1582 838 1621 de·-

102 1639 398 1690 cmhocaevi,
431 1650 493 1690 te,
534 1641 693 1690 Pollio,
730 1640 838 1679 Con-

102 1697 205 1735 sule.
254 1697 397 1737 Melius
415 1699 641 1738 subiectum
659 1704 762 1738 esset
779 1697 836 1736 sic

100 1754 186 1808 ipse
206 1770 316 1807 puer
337 1770 526 1807 nascens,
565 1757 635 1809 qui
656 1756 766 1796 idem
784 1769 837 1795 ex

100 1818 244 1852 nostra
276 1814 437 1854 ratione
461 1815 614 1867 Apollo
649 1820 730 1865 est,
766 1813 836 1865 qui

101 1869 210 1910 hanc
223 1872 470 1925 praeclaram
494 1873 642 1922 vitam,
671 1871 752 1911 hoc
766 1885 836 1910 ae-

102 1939 241 1979 vum,‘
262 1929 395 1970 inibit.
457 1931 597 1970 Videri
621 1930 708 1969 aliis
735 1944 836 1983 pos-

104 1993 202 2026 sunt
228 1988 357 2027 verba
379 2002 421 2028 v.
450 1992 504 2031 12
537 1998 574 2027 et
598 1990 745 2040 magni
766 1990 834 2026 in-

102 2042 255 2096 cipienl
275 2047 486 2098 procedere
513 2061 687 2095 menses,
730 2059 833 2097 quae

101 2102 156 2141 ad.
189 2117 340 2142 novam
362 2106 600 2157 progeniem
634 2110 831 2157 spectant,

99 2161 326 2213 postulare,
376 2169 423 2201 ut
449 2168 490 2201 et
517 2162 587 2201 illa
610 2162 731 2200 decus
756 2162 832 2200 hoe

101 2220 195 2256 aevi
223 2220 323 2257 inire
350 2226 532 2273 putetur.
605 2219 686 2258 Sed
712 2233 832 2272 prae-

100 2282 184 2315 stat
201 2276 414 2329 vulgatum
429 2275 634 2331 retinere.)
654 2280 719 2319 12.
736 2292 832 2315 ma-

96 2335 175 2386 gni
201 2349 375 2386 menses,
410 2336 607 2385 illustres,
646 2335 830 2387 insignes,

98 2392 396 2443 memorabiles,
439 2400 491 2433 ut
523 2407 564 2433 v.
591 2393 641 2442 5,
683 2399 830 2445 utpote

99 2450 247 2490 saeculi
263 2452 386 2491 aurei.
417 2449 496 2505 (Ita
512 2449 687 2504 explicat
707 2451 829 2489 etiam

98 2507 326 2561 SpohniuS,
356 2523 482 2561 eaque
503 2509 718 2562 explicatio
743 2508 828 2547 sola

100 2567 293 2606 convenit
325 2568 564 2621 praegressis
598 2567 719 2605 decus
751 2567 829 2605 hoc

97 2626 205 2663 aevi.
265 2624 429 2665 Vossius
460 2625 624 2679 proprie
650 2638 827 2676 magnos,

97 2681 124 2720 i.
142 2695 178 2721 e
192 2682 352 2735 long08‚
382 2684 532 2723 nostris
547 2683 731 2732 maiores,
762 2682 829 2720 di·-

98 2744 186 2778 ctos
225 2741 381 2794 accipit.
403 2741 522 2782 Wr.
537 2740 553 2796 )
628 2740 829 2779 Nimirum

98 2810 275 2849 magnus
297 2814 430 2837 annus
455 2805 535 2849 est,
565 2798 707 2851 utique
730 2797 828 2837 hinc

98 2859 142 2892 et
175 2858 322 2907 magni
354 2871 520 2895 menses.
589 2856 712 2906 Quis,
751 2856 828 2894 nisi

99 2911 209 2964 apud
223 2913 371 2952 Iulium
385 2915 579 2954 Sabinum
600 2927 623 2952 e
646 2914 828 2967 pleniore

98 2969 239 3008 Servio
257 2970 477 3022 legeretur,
515 2971 717 3021 crederet,
746 2972 827 3011 iam

99 3025 318 3067 Asconium
356 3029 577 3069 Pedianum
619 3030 725 3069 libro
761 3042 827 3068 se-

868 755 914 794 14
934 770 1079 805 poenas
1093 759 1185 795 Ven.

901 888 1037 927 cundo
1065 888 1115 927 de
1140 894 1335 941 praetura
1369 890 1524 929 urbana
1550 905 1630 944 pu-

899 952 988 984 tare
1015 946 1195 999 potuisse
1213 976 1223 995 ,
1265 946 1475 999 Virgilium
1508 948 1631 988 intel-

897 1004 1040 1042 lexisse
1058 1003 1109 1043 de
1135 1004 1237 1043 Iulio
1263 1011 1304 1043 et
1331 1005 1533 1057 Augusto,
1562 1007 1631 1058 qui

897 1075 1052 1100 menses
1075 1062 1240 1101 nomina
1265 1068 1356 1101 tum
1380 1063 1431 1101 de
1457 1064 1502 1102 D.
1530 1064 1630 1103 Iulio

897 1126 939 1158 et
963 1119 1144 1172 Augusto
1182 1121 1348 1160 Caesare
1381 1129 1630 1174 acceperant.

899 1175 1148 1232 (Ridiculum
1172 1177 1253 1217 hoc
1276 1185 1318 1217 et
1340 1179 1415 1231 ipsi
1438 1178 1630 1218 historiae

896 1249 1143 1288 repugnans;
1190 1250 1285 1275 nam
1317 1236 1445 1275 Pollio
1479 1237 1529 1275 ab
1562 1237 1629 1277 in-

898 1300 1019 1332 eunte
1053 1293 1222 1343 Octobri
1256 1308 1331 1347 per
1358 1300 1442 1333 tres
1474 1308 1629 1335 menses

898 1351 1163 1390 Consulatum
1181 1352 1312 1403 gessit.
1344 1351 1433 1417 SR.)

957 1412 1023 1451 13.
1061 1412 1116 1447 Te
1131 1410 1259 1448 duee:
1301 1410 1479 1462 auspice,
1509 1425 1533 1448 a
1553 1416 1626 1449 tuo

894 1467 990 1506 inde
1011 1467 1244 1517 consulatu;
1282 1468 1512 1520 expiabitur
1539 1469 1625 1520 pri-

894 1539 962 1564 mo
994 1538 1111 1564 omne
1137 1525 1287 1575 scelus,
1327 1539 1408 1577 quo
1426 1526 1625 1564 contami-

894 1590 1038 1622 natum
1065 1589 1126 1622 est
1143 1580 1224 1622 hoc
1246 1582 1457 1622 hominum
1480 1597 1624 1636 genus:

894 1641 1045 1680 scilicet
1060 1647 1110 1679 ut
1131 1641 1308 1680 sanctior
1326 1647 1367 1680 et
1386 1642 1534 1680 castior
1555 1654 1624 1679 ae-

893 1705 956 1738 tas
973 1698 1187 1738 succedere
1202 1699 1340 1751 possit.
1361 1697 1510 1752 (Sensit
1519 1699 1624 1738 Vos-

893 1757 999 1822 sius,
1036 1763 1270 1809 comparata
1294 1757 1402 1795 inter
1429 1770 1470 1795 se
1497 1756 1621 1796 Octa-

892 1814 1003 1854 viani
1029 1829 1077 1854 ac
1100 1814 1291 1854 Pollionis
1322 1828 1517 1880 persona,
1555 1814 1622 1853 vi-

893 1872 980 1912 deri
1007 1886 1124 1925 posse
1148 1872 1358 1925 Virgilium
1392 1872 1508 1911 nimis
1533 1886 1623 1910 ma-

891 1930 1035 1983 gnifice
1062 1931 1112 1970 de
1141 1930 1320 1969 Pollione
1358 1930 1482 1982 loqui.
1549 1930 1622 1968 Cui

891 1989 951 2027 rei
979 1988 1159 2028 occurrit
1184 1989 1262 2038 ita,
1302 1994 1353 2027 ut
1382 1988 1510 2037 dicat,
1550 1987 1620 2026 illo

890 2053 1072 2099 tempore
1098 2047 1302 2085 Romanos
1332 2045 1494 2084 minime
1533 2046 1621 2083 exi-

890 2105 1082 2154 stimasse,
1113 2106 1246 2143 omnia
1264 2104 1307 2143 in
1323 2103 1464 2153 unius,
1494 2103 1620 2142 Octa-

890 2162 1022 2212 viani,
1059 2168 1302 2215 potestatem
1339 2175 1499 2200 cessura
1524 2174 1618 2210 esse,

891 2220 962 2258 sed
977 2219 1191 2272 pristinam
1207 2220 1283 2258 sibi
1306 2219 1535 2259 libertatem
1550 2231 1619 2257 re-

888 2277 1080 2316 stitutum
1104 2277 1157 2316 iri
1189 2290 1379 2330 sperasse.
1427 2277 1521 2326 Quo
1549 2290 1618 2315 ac-

889 2335 1018 2385 cedit,
1049 2341 1098 2374 ut
1116 2341 1205 2375 tum
1224 2335 1465 2374 Consulatus
1486 2334 1618 2386 digni-

886 2400 971 2443 tas,
1001 2393 1146 2432 sensim
1174 2393 1407 2443 evilescens,
1435 2392 1617 2431 nondum

885 2451 945 2490 ita
979 2451 1194 2489 imminuta
1237 2450 1459 2491 videretur.
1503 2451 1574 2490 W
1566 2447 1615 2502 r.)

885 2510 1042 2548 sceleris
1059 2511 1232 2561 vestigia
1258 2510 1404 2547 nostri.-
1445 2507 1540 2547 belli
1557 2507 1617 2545 ci-

884 2567 974 2606 vilis
1000 2566 1188 2618 reliquias
1216 2566 1409 2618 spectari,
1447 2564 1616 2604 manife-

884 2631 994 2664 stum
1016 2629 1087 2662 est.
1143 2624 1245 2663 Nam
1263 2630 1506 2677 perpetuum
1523 2622 1614 2671 hoc,

883 2689 933 2722 ut
959 2682 1010 2721 de
1035 2681 1142 2720 bello
1171 2681 1279 2721 civili
1308 2697 1426 2737 αγος,
1468 2680 1610 2727 scelus,

882 2740 1163 2794 praedicetur,
1191 2746 1355 2778 notum:
1405 2739 1482 2776 Cu»
1503 2736 1616 2775 dabit

880 2806 1020 2850 partes
1057 2798 1186 2836 scelus
1222 2797 1430 2848 expiandi.
1506 2795 1609 2844 Quo,

885 2871 988 2921 quo,
1021 2855 1197 2903 scelesti,
1228 2856 1355 2892 mitis.
1416 2850 1557 2891 Nunc
1546 2864 1612 2887 ιιι-

883 2913 1022 2967 primis
1061 2912 1113 2951 de
1145 2912 1215 2951 illo
1253 2918 1435 2963 tempore
1469 2907 1613 2959 agitur,

885 2985 978 3010 cum
1014 2976 1108 3022 post
1141 2968 1437 3008 Brundusinam
1472 2977 1613 3030 pacem

884 3032 995 3067 bext.
1005 3027 1218 3080 Pompeius
1235 3024 1372 3065 adhuc
1390 3023 1516 3063 maria
1529 3022 1613 3060 Ita-
