1768 3320
162 189 266 238 322

508 185 565 235 P.
603 181 965 235 VIRGILII
1009 183 1388 235 MARONIS

161 311 284 365 Vidi
303 310 436 361 lecta
460 309 554 361 diu
578 320 631 361 et
651 310 825 361 multo
846 319 1078 377 spectata
1098 309 1285 361 labore

159 386 501 448 Degenerare
523 391 706 433 tamen
719 422 732 444 ,
768 381 823 430 ni
843 382 920 431 vis
939 380 1176 431 humana
1196 382 1484 450 quotannis

158 456 405 504 Maxuma
429 469 675 519 quaeque
699 468 867 501 manu
885 451 1115 516 legeret;
1153 453 1226 501 sic
1246 453 1427 502 omnia
1446 451 1566 503 satis

159 525 222 573 In
241 523 393 590 peius
412 539 572 573 ruere
588 563 600 587 ,
640 539 697 572 ac
718 531 865 572 retro
890 521 1138 589 sublapsa
1158 521 1375 585 referri3
1395 530 1397 533 ’

1588 528 1693 576 200

158 596 283 644 Non
302 593 475 656 aliter,
514 610 677 660 quam
699 593 790 659 qui
814 592 1038 642 adverso
1061 593 1143 642 vix
1162 590 1390 644 flumine
1410 593 1658 644 lembum

158 663 416 728 Remigiis
442 663 660 728 subigit,
700 664 741 712 si
761 662 979 712 brachia
1003 661 1146 712 forte
1168 664 1389 727 remisit,

159 738 336 802 Atque
357 733 508 784 illum
526 735 581 782 in
601 750 860 800 praeceps
880 749 1059 799 prono
1079 734 1218 800 rapit
1239 733 1417 784 alveus
1443 733 1601 785 amni.

235 823 348 869 198.
386 830 592 866 TAMEN:

666 822 784 868 200.
822 831 1066 867 REFERRI.

206 935 276 971 197
305 933 392 968 Vidi
415 946 483 980 ego
509 933 630 966 laudat
651 933 784 967 Colum.
806 935 850 977 II,
866 935 902 977 9,
928 935 989 976 12,
1023 933 1088 968 sed
1108 933 1221 967 altero
1242 932 1347 976 loco,
1371 934 1439 977 III,
1467 927 1599 976 10‚'8‚
1624 932 1692 966 ab—

159 988 225 1016 est.
274 980 475 1025 Utrobique
493 993 562 1014 VSS.
584 982 651 1016 197
665 982 791 1017 -200
818 981 990 1025 adscripti
1012 988 1103 1015 sunt.
1136 981 1238 1014 laeta
1262 980 1396 1014 Zulich.
1430 989 1468 1014 et
1486 981 1588 1014 abest
1607 981 1692 1014 Mo—

157 1036 224 1063 ret.
248 1041 304 1074 qu.
351 1036 546 1075 expectata
567 1027 661 1061 idem
682 1041 759 1062 cum
781 1029 882 1063 Leid.
910 1041 980 1063 sec.
1003 1035 1037 1062 et
1058 1030 1162 1062 Voss.
1217 1028 1305 1063 Vidi
1321 1029 1418 1062 lecta
1440 1041 1552 1062 manu
1571 1027 1692 1062 Mead.

158 1089 214 1123 ap.
228 1075 382 1118 Martia„
407 1086 479 1108 non
491 1074 594 1109 male.
622 1076 808 1121 (adscitum
828 1076 899 1110 hoc
916 1089 934 1110 e
951 1089 1002 1110 VS.
1017 1077 1095 1112 199.
1128 1077 1185 1110 W
1179 1076 1226 1120 r.)
1274 1075 1415 1120 Duplex
1434 1081 1490 1109 est
1501 1075 1692 1122 interpun—

157 1124 264 1169 gendi
284 1122 396 1156 ratio:
426 1122 514 1156 Vidi
532 1122 627 1156 lecta
645 1124 729 1166 diu,
755 1132 793 1157 et
813 1130 849 1157 et
875 1123 989 1157 altera
1009 1129 1093 1169 post
1115 1123 1203 1157 Vidi
1223 1123 1329 1164 lecta,
1352 1123 1417 1156 dia
1436 1130 1474 1156 et
1493 1136 1538 1156 m.

157 1183 290 1205 manus
311 1168 440 1204 Medic.
464 1181 484 1202 a
501 1182 546 1203 m.
565 1182 620 1215 pr.
657 1170 825 1217 legerent
841 1171 1004 1204 Parrhas.
1030 1184 1050 1204 a
1072 1183 1118 1204 m.
1137 1182 1192 1216 pr.

1287 1172 1359 1206 200
1385 1168 1536 1204 sublata
1561 1123 1691 1204 Moigg

156 1219 304 1263 fragm„
339 1223 376 1251 et
394 1216 577 1256 Boecler.‚
611 1224 648 1250 ut
675 1218 781 1251 etiam
806 1218 962 1252 variatur
978 1220 1065 1252 Aen.
1085 1219 1128 1259 11,
1158 1219 1235 1254 169.
1284 1218 1353 1251 Pro
1375 1229 1419 1251 ac
1445 1216 1578 1262 legitur
1609 1218 1691 1259 lzac,

157 1274 203 1299 et.
240 1277 306 1310 pro
328 1277 437 1298 ruere
457 1264 600 1299 Wakef.
620 1266 759 1311 fluere.
791 1265 899 1311 idque
924 1278 962 1298 se
989 1265 1141 1298 fidenter
1160 1264 1363 1310 reposuisse
1381 1263 1431 1298 ait
1452 1264 1490 1297 in
1507 1265 1588 1310 ipso
1609 1276 1692 1298 car-

155 1313 271 1355 mine,
297 1311 392 1358 quod
414 1312 546 1345 factum
563 1312 667 1347 nolis.
715 1313 883 1346 Nondum
907 1312 980 1346 vidi
1004 1312 1063 1359 qui
1089 1312 1248 1354 diceret,
1273 1314 1320 1346 In
1334 1313 1446 1359 peius
1454 1312 1595 1366 fluere.
1643 1311 1691 1345 At

155 1359 324 1402 labimur,
349 1358 500 1402 ruimus,
525 1359 563 1392 in
580 1359 758 1404 proclive,
781 1360 817 1392 in
837 1372 1009 1406 praeceps
1022 1386 1030 1402 ,
1055 1359 1093 1392 in
1111 1360 1250 1394 malum.
1298 1361 1433 1394 Versus
1452 1365 1579 1393 lterum
1595 1358 1692 1404 legi-

155 1414 212 1441 tur
230 1409 315 1442 Aen.
334 1407 376 1448 ΙΙ,
395 1407 473 1442 169.

569 1408 637 1443 201
665 1408 730 1454 qui
750 1420 794 1441 ex
812 1408 972 1442 adverso
990 1409 1039 1454 fl.
1057 1406 1160 1440 Leid.
1177 1419 1246 1440 sec.

1343 1407 1414 1443 202
1439 1405 1573 1440 subicit
1591 1409 1690 1440 Serv.

157 1455 253 1500 quod
273 1460 395 1499 captat
414 1459 451 1486 et
473 1465 538 1499 pro
558 1466 643 1487 vero
665 1454 776 1488 habet
795 1454 938 1489 Wakef.
965 1455 1009 1488 ad
1027 1455 1171 1488 Lucret.
1192 1456 1255 1497 VI,
1275 1454 1357 1490 719.
1407 1451 1520 1487 subiit
1538 1453 1689 1488 Mentel.

156 1514 210 1546 pr.
236 1502 387 1548 remigio
409 1500 510 1534 Leid.
538 1513 593 1545 pr.
629 1501 699 1535 vid.
723 1502 768 1535 ad
786 1504 872 1536 Aen.
891 1503 953 1544 VI,
977 1503 1059 1539 302.

1154 1502 1226 1538 203
1251 1502 1370 1535 trahit
1396 1501 1585 1535 Romanus.
1619 1500 1690 1536 vid.

155 1551 270 1582 Burm.
319 1550 358 1582 in
380 1561 502 1595 prono
521 1560 703 1596 praeceps
724 1549 797 1594 legi
815 1555 968 1583 testatur
986 1548 1144 1591 Pierius;
1182 1556 1217 1583 et
1236 1549 1287 1583 sic
1307 1556 1360 1583 est
1377 1547 1415 1581 in
1431 1549 1535 1582 Rom.
1583 1561 1691 1582 amne

155 1596 260 1642 vulgo
280 1602 362 1630 ante
379 1595 501 1629 Heius.

155 1691 432 1741 mollirentur,
464 1690 581 1730 citius
608 1698 894 1743 coquerentur,

156 1752 249 1802 igni
287 1751 550 1803 quantumvis
579 1750 751 1788 modic-0.
797 1765 893 1802 spe—

155 1816 279 1857 ctata,
313 1807 411 1846 dum
433 1808 637 1860 leguntur,
669 1809 892 1861 explorata.

158 1869 253 1909 199.
273 1865 561 1905 ‘Grandissima
594 1867 746 1905 semina
763 1867 892 1919 legere

155 1924 289 1963 nostri
318 1930 463 1977 poetae
501 1925 745 1964 auctoritate
778 1925 892 1964 iubet

157 1983 378 2021 Columella
395 1982 452 2033 H,
474 1985 513 2032 9,
541 1980 583 2035 §.
606 1986 671 2024 11.
697 1986 762 2025 12.
784 1983 890 2022 conf.

155 2041 286 2080 Varro
307 2041 335 2091 Ι,
355 2041 422 2090 52,
443 2043 463 2082 1
504 2041 619 2091 Quae
637 2056 751 2094 seges
759 2056 892 2094 gran-

155 2099 327 2137 dissima
349 2108 469 2152 atque
489 2101 646 2150 optima
659 2101 806 2153 fuerit,
826 2115 892 2138 se-

156 2172 290 2196 orsum
322 2160 366 2195 in
391 2171 531 2196 aream
566 2160 717 2196 secerni
740 2166 892 2210 oportet

155 2217 318 2267 spicas,
352 2224 396 2253 ut
420 2230 553 2253 semen
583 2218 782 2268 optimum
809 2216 891 2255 ha-

155 2273 261 2312 beas.
294 2274 398 2312 conf.
426 2273 605 2325 Geopon.
634 2274 693 2325 II,
723 2277 788 2316 16.
829 2276 891 2314 vis

155 2331 341 2370 humana
365 2362 375 2381 ,
419 2331 632 2371 hominum
675 2346 818 2385 opera,
845 2332 889 2371 h.

155 2388 360 2439 hominm,
401 2389 543 2428 habuit
568 2391 611 2429 in
638 2392 772 2430 animo
805 2391 889 2430 Lu-

157 2454 254 2486 eret.
278 2447 323 2497 V,
347 2450 442 2489 207.
465 2451 548 2490 208
605 2449 725 2500 Quod
748 2464 890 2501 super-

157 2514 214 2544 est
236 2507 327 2544 arvi
339 2536 349 2554 ,
392 2514 528 2544 lamen
552 2506 598 2544 id
624 2509 792 2546 Natura
811 2522 888 2545 sua

156 2565 201 2603 vi
215 2563 397 2601 Sentibus
422 2563 614 2614 obducat,
655 2567 701 2603 ni
727 2567 790 2603 vis
808 2564 890 2603 hu·-

155 2635 282 2660 mcma
300 2623 468 2660 resistat.
515 2625 612 2663 200.
629 2622 785 2672 Aen.II,
806 2625 888 2664 169

157 2681 224 2718 Ex
255 2680 325 2717 illo
350 2680 484 2731 fluere
513 2688 550 2717 et
574 2690 673 2719 retro
692 2681 889 2731 sublapsa

156 2737 293 2790 referri
312 2739 396 2775 Res
411 2739 626 2776 Danaum.
655 2737 729 2791 (De
749 2738 890 2790 singu-

156 2793 233 2834 lari
248 2795 328 2835 hoc
345 2795 538 2835 Infinitivi
556 2796 729 2835 absoluti
746 2808 890 2847 genere

156 2853 239 2893 vid.
267 2854 318 2903 Q.
345 2853 392 2894 V.
409 2854 545 2903 XXX,
570 2852 610 2895 4.
644 2855 715 2894 W
708 2853 757 2907 r.)
790 2856 887 2895 203.

154 2912 290 2965 Atque
314 2912 394 2951 iam
421 2912 522 2951 Gell.
550 2912 610 2962 X,
633 2914 689 2954 29
714 2918 755 2950 et
776 2913 889 2950 Serv.

156 2970 410 3024 interpretati
446 2976 565 3020 sunt,
602 2971 752 3009 statim.
784 2970 889 3009 conf.

951 1692 1091 1731 Burm.
1164 1691 1213 1729 Et
1249 1697 1310 1730 est
1349 1690 1465 1730 haud
1498 1690 1619 1730 dubie
1643 1704 1689 1729 ea

953 1750 1121 1801 antiqua
1152 1749 1347 1801 loquendi
1376 1749 1498 1788 ratio.
1555 1749 1623 1788 sie.
1644 1749 1688 1788 in

950 1809 1028 1847 XII
1045 1808 1153 1847 tabb.
1193 1808 1240 1846 Si
1270 1809 1313 1845 in
1347 1810 1410 1846 ius
1436 1815 1580 1855 vocat5
1621 1816 1689 1846 at-

951 1881 1028 1919 que
1049 1875 1128 1916 eat,
1162 1865 1233 1904 ubi
1250 1865 1334 1905 vid.
1352 1866 1487 1918 Intpp.
1516 1866 1602 1905 Nisi
1622 1871 1689 1903 ta-

949 1938 1043 1963 men
1061 1924 1293 1963 auctoritati
1304 1924 1532 1977 parendum
1549 1930 1688 1977 putes:

948 1983 1006 2022 ita
1026 1984 1158 2022 facere
1177 1995 1336 2021 necesse
1353 1997 1438 2022 non
1459 1982 1579 2033 duco,
1596 1996 1687 2021 mo-

951 2042 1004 2080 do
1031 2042 1236 2094 suppleas:
1266 2043 1366 2080 ,Non
1387 2042 1527 2091 aliter,
1561 2055 1688 2094 quam

950 2102 986 2138 is
1011 2109 1111 2139 retro
1137 2099 1354 2151 sublapsus
1381 2099 1550 2152 refertur
1565 2129 1576 2150 ,
1616 2098 1687 2152 qui

949 2158 1155 2210 navigium
1186 2158 1266 2210 agit
1281 2188 1292 2208 ,
1320 2181 1378 2187 —
1413 2166 1535 2211 atque
1567 2158 1686 2196 illum

950 2218 994 2254 in
1016 2231 1214 2269 praeceps
1241 2230 1373 2268 prono
1406 2217 1516 2267 rapit
1543 2216 1686 2254 alveus

949 2276 1077 2313 amni.
1105 2281 1189 2325 aut,
1208 2274 1240 2312 si
1251 2274 1372 2326 magis
1390 2274 1512 2312 etiam
1522 2273 1686 2313 subtilia

949 2339 1103 2386 captes:
1134 2347 1215 2371 non
1233 2334 1352 2371 aliter
1376 2347 1502 2385 quam
1529 2323 1686 2371 lembus

946 2391 1136 2443 refertur,
1171 2393 1209 2429 si
1227 2393 1262 2429 is
1277 2421 1288 2441 ,
1322 2392 1395 2443 qui
1421 2390 1589 2429 adverso
1613 2392 1686 2429 vix

936 2450 1117 2501 flumine
1163 2462 1256 2487 eum
1292 2450 1475 2500 remigiis
1504 2447 1680 2500 subigit,

946 2506 1115 2545 brachia
1121 2507 1234 2559 sorte
1250 2508 1402 2544 remisit
1420 2513 1542 2558 atque
1566 2507 1686 2544 illum

946 2565 1125 2603 lembum
1150 2567 1192 2602 in
1202 2577 1400 2615 praeceps
1417 2566 1527 2615 rapit
1549 2565 1685 2602 amnis

939 2637 1070 2674 prono
1102 2623 1233 2661 alveo.
1296 2621 1403 2659 Malo
1435 2622 1548 2674 sequi
1586 2622 1684 2661 sim-

946 2681 1126 2733 pliciora.
1159 2677 1316 2733 (Omnis
1337 2679 1554 2719 difficultas
1571 2680 1615 2719 in
1635 2693 1682 2719 eo

948 2744 1008 2776 est
1036 2737 1166 2790 posita
1187 2767 1198 2787 ,
1238 2737 1349 2789 quod
1391 2751 1413 2775 a
1442 2738 1603 2791 passivo
1630 2738 1683 2777 ad

948 2796 1126 2838 activum
1146 2796 1357 2834 transitur.
1420 2798 1527 2835 Sunt
1547 2803 1683 2835 autem

946 2853 1046 2892 haec
1070 2854 1129 2892 ita
1156 2853 1458 2893 constituenda:
1486 2855 1577 2893 Non
1606 2855 1682 2894 ali-

946 2918 1028 2962 ter,
1067 2926 1190 2963 quam
1219 2912 1252 2950 is
1274 2942 1285 2962 ,
1326 2912 1396 2964 qui
1421 2913 1494 2952 vix
1525 2926 1682 2952 summa

946 2970 1097 3010 virium
1128 2970 1386 3009 contentione
1406 2971 1585 3010 lembum
1611 2983 1681 3010 re-
