1734 3320
188 222 292 272 394

502 222 558 273 P.
602 223 964 275 VIRGILII
1008 226 1240 279 MARO
1261 229 1395 280 NIS

189 350 363 402 Curva
382 357 595 402 tenent:
630 358 692 400 ut
708 350 875 402 molle
897 351 1045 418 siler,
1079 352 1369 422 lentaeque
1389 365 1668 424 genestae,

186 419 450 488 PopuluS,
490 429 543 470 et
562 419 744 485 glauca
765 423 1007 473 canentia
1028 421 1228 475 fronde
1252 425 1443 479 salicta.

186 493 314 543 Pars
338 499 519 541 autem
542 491 721 558 posito
747 502 972 557 surgunt
997 493 1066 544 de
1091 495 1321 548 semine:
1358 505 1420 546 ut
1443 495 1576 548 altae

188 563 504 627 Castaneae,
541 578 946 631 nemorumque
971 564 1086 614 Iovi
1117 581 1256 633 quae
1284 583 1533 618 maxuma
1561 564 1716 618 fron-

982 633 1076 685 det
1651 640 1716 691 15

187 807 197 817 ·
234 763 280 798 12
304 770 341 796 et
357 761 465 796 molle
484 761 609 795 Franc.
651 760 846 806 laetaeque
863 761 1010 796 Mentel.
1032 774 1086 808 pr.
1107 775 1129 796 a
1145 774 1192 797 m.
1212 774 1268 808 pr.
1307 772 1487 811 genestae
1505 763 1717 811 scripturam

185 820 222 843 m
242 809 383 854 scriptis
406 808 586 855 plerisque
610 807 748 841 invenit
763 807 941 842 Heinsius.
990 809 1107 854 Vulgo
1124 811 1313 857 genistae,
1347 811 1443 857 quod
1467 819 1586 846 tamen
1609 811 1718 846 etiam

184 856 223 890 in
239 857 367 891 Medic.
398 862 435 889 et
452 857 554 890 Rom.
578 854 744 890 occurrit.
791 854 849 889 Sic
872 867 1012 901 quoque
1036 857 1150 890 variat
1174 856 1214 891 in
1234 857 1381 902 Gratio,
1406 857 1597 904 Calpurnio
1619 867 1655 894 et
1671 859 1715 894 al.

187 904 292 951 (infra
309 911 427 938 tamen
446 915 497 938 vs.
514 901 595 938 434.
618 909 796 950 genestae
811 902 849 935 in
865 902 995 937 Medic.
1035 906 1088 938 W
1086 904 1132 949 r.)

658 949 701 985 15
717 947 905 996 frondent
921 950 1067 996 legebat
1085 950 1268 995 Reiskius,
1293 958 1333 987 ut
1350 959 1438 996 sint,
1462 965 1610 988 nemora
1627 965 1716 999 quae

184 959 281 1006 gun}
296 952 422 999 posito
441 949 576 984 Zulich.

1230 903 1276 941 14
1307 913 1471 960 surgant
1488 906 1578 942 Ven.
1627 919 1717 940 sur-

186 1010 339 1034 ommum
365 997 537 1032 frondent
561 996 731 1039 maxima,
766 996 843 1031 scil.
874 998 1032 1033 aesculus
1062 1004 1099 1032 et
1126 1011 1285 1044 quercus.
1333 1000 1411 1034 Nec
1431 1000 1525 1034 male
1544 1000 1596 1035 sic
1615 1000 1716 1035 locus

185 1045 394 1081 constitutus
414 1052 528 1079 esset:
565 1047 788 1088 Castaneae,
822 1057 1083 1093 nemorumque
1101 1047 1186 1081 Iovi
1205 1059 1301 1093 quae
1322 1060 1498 1082 maxuma
1516 1047 1715 1096 frondent,

184 1093 370 1130 Aesculus
389 1101 502 1140 atque
520 1111 566 1117 —
580 1104 750 1139 quereus.

185 1211 357 1252 dixerat.
415 1210 499 1250 Nec
531 1210 649 1249 aliter
676 1209 918 1264 Theophra-

184 1276 293 1321 stus,
323 1270 476 1320 Varro,
506 1269 608 1308 Plin.
627 1268 654 1308 1.
675 1283 708 1309 c.
761 1272 827 1312 12.
851 1271 917 1311 13.

185 1329 291 1368 Siler
326 1327 456 1367 salicis
490 1328 598 1366 forte
635 1340 790 1380 genus3
842 1340 919 1366 nec

183 1388 291 1426 enim
309 1386 402 1425 satis
422 1391 543 1425 notus
563 1386 705 1425 frutex
720 1392 793 1425 est.
832 1385 918 1425 vid.

184 1446 238 1485 ad
271 1446 373 1485 Plin.
405 1444 515 1495 XVI,
548 1459 579 1484 s.
610 1445 678 1488 35.
742 1445 918 1483 Genesta

182 1504 344 1544 fruticis
363 1503 531 1543 viminei
550 1517 674 1556 genus
701 1501 823 1558 (cons.
848 1502 918 1542 inf.

182 1562 281 1605 434.
322 1562 406 1603 vid.
435 1560 640 1616 Martin.);
669 1561 766 1601 hinc
790 1562 915 1611 lenta,

181 1621 346 1672 flexilis,
368 1626 418 1660 ut
435 1621 545 1659 lenta
564 1623 659 1661 vitis
680 1621 750 1660 Ge.
766 1620 796 1670 Ι,
813 1619 915 1663 265.

184 1681 341 1719 Salicta
366 1693 441 1732 pro
463 1678 601 1730 salice,
633 1679 747 1718 cuius
770 1683 920 1717 natura

182 1739 323 1792 pulcre
339 1750 547 1790 expressa:
580 1733 843 1793 γλαυκόχροα.

244 1795 309 1838 14.
349 1796 419 1834 Uti
454 1795 546 1834 illae
583 1795 749 1835 arbores
785 1795 914 1844 nullo,

183 1854 387 1894 debebant
422 1853 576 1904 dicere,
623 1867 741 1893 caeco
768 1858 810 1891 et
847 1866 919 1891 oc-

183 1913 319 1964 culto,
372 1912 522 1950 semine
562 1918 809 1961 nascuntur,
861 1911 919 1949 sic

181 1985 294 2011 nunc
338 1970 513 2010 alterum
559 1983 684 2022 genus
704 2000 715 2021 ,
765 1968 841 2008 etsi
876 1975 919 2008 et

180 2029 316 2083 ipsum
332 2029 415 2068 sine
439 2028 652 2069 hominum
676 2041 822 2082 opera,
853 2042 919 2065 se-

181 2091 289 2127 mine
315 2093 472 2138 tamen,
504 2088 616 2140 quod
635 2087 686 2127 de
712 2086 857 2125 arbore
874 2085 918 2124 in

181 2153 334 2186 terram
378 2146 502 2186 fluxit
538 2153 579 2186 et
616 2144 843 2185 insinuavit
877 2157 918 2182 se

181 2206 267 2244 solo
285 2235 295 2255 ‚
338 2205 532 2244 nascitur.
591 2212 763 2257 surgunt
776 2234 787 2253 ,
840 2216 918 2241 na·-

181 2269 376 2313 scuntur,
404 2265 540 2315 posito
576 2263 625 2301 de
662 2264 835 2311 semine,
875 2259 917 2300 h.

181 2335 232 2360 ex
254 2321 402 2360 semine
423 2321 684 2374 proveniunt,
711 2319 823 2373 quod
845 2318 918 2358 de-

181 2379 302 2419 cidit:
323 2386 371 2419 ut
389 2386 576 2418 castanea
596 2386 637 2418 et
653 2379 746 2429 ilex,
766 2378 799 2417 si
812 2391 913 2428 nux,

180 2438 292 2491 glans
304 2469 315 2488 ,
348 2437 544 2478 deciderit
563 2444 604 2476 et
624 2438 674 2476 ab
699 2437 825 2476 humo
844 2449 914 2475 re-

181 2502 295 2550 cepta
320 2496 453 2536 suerit.
499 2496 600 2535 Plin.
620 2495 746 2546 XVII,
768 2498 821 2537 10
850 2494 914 2533 Ae

177 2557 373 2608 pleraque
402 2569 451 2592 ex
470 2555 535 2593 his
553 2557 647 2606 ipsa
669 2562 818 2592 natura
838 2553 914 2590 do—

180 2616 285 2663 cuit,
329 2621 365 2650 et
398 2614 584 2664 inprimis
607 2627 741 2651 semen
770 2625 907 2660 serere,

180 2686 308 2726 quum
322 2670 507 2708 decidens
529 2678 814 2722 exceptumque
833 2677 912 2707 ter-

179 2745 228 2770 ra
247 2732 471 2769 vivesceret.
518 2728 599 2766 Sed
614 2728 818 2781 quaedam
833 2741 914 2764 non

180 2790 300 2828 aliter
311 2788 579 2839 proveniunt,·
613 2794 656 2824 ut
678 2793 910 2833 castaneae,

179 2845 411 2899 iuglandes.
474 2844 536 2883 Ex
563 2843 633 2893 iis,
674 2855 775 2895 quae
806 2842 915 2880 dicta

180 2909 276 2944 sunt
292 2934 303 2955 ,
346 2902 542 2956 intelliges
579 2902 727 2940 alienas
768 2913 852 2938 esse
890 2914 913 2938 a

179 2969 324 3017 poetae
341 2967 477 3001 mente
498 2960 688 3014 argutias,
706 2964 757 2998 ut
774 2967 914 3010 sponte

180 3023 312 3061 venire
345 3020 535 3059 dicantur
570 3019 733 3059 arbores
764 3018 914 3057 semine

975 1225 1060 1250 non
1086 1211 1293 1264 proiecto,
1343 1211 1416 1251 sed
1460 1217 1614 1251 temere
1645 1225 1715 1250 ca-

976 1269 1122 1320 dente5
1152 1271 1290 1322 posito
1310 1270 1359 1308 de
1382 1272 1556 1320 semine,
1591 1283 1715 1323 opera

977 1333 1016 1366 et
1033 1327 1238 1367 industria
1259 1327 1472 1368 hominum
1495 1328 1540 1367 in
1561 1333 1715 1367 terram

977 1400 1116 1439 sparso
1136 1393 1208 1426 aut
1225 1386 1373 1426 defixo.
1422 1386 1495 1429 ‚Ita
1511 1387 1715 1426 Burman-

975 1458 1054 1484 nus
1083 1450 1125 1483 et
1149 1445 1318 1498 Kingius
1351 1445 1461 1498 apud
1490 1444 1716 1484 Martinum

978 1503 1205 1556 disputant:
1245 1502 1548 1543 accommodate
1571 1503 1715 1555 utique

979 1561 1033 1600 ad
1058 1561 1247 1615 physices
1276 1567 1512 1616 praecepta,
1553 1561 1603 1601 de
1621 1561 1715 1614 qui-

976 1621 1055 1660 bus
1081 1626 1219 1660 tamen
1256 1620 1386 1660 securi
1414 1626 1573 1660 veteres
1604 1619 1714 1672 agri-

979 1679 1090 1718 colae
1107 1679 1229 1719 fuisse
1248 1678 1464 1729 videntur,
1497 1691 1590 1718 cum
1611 1677 1713 1717 adeo

979 1750 1000 1775 e
1018 1737 1271 1791 philosophis
1297 1737 1449 1776 multos
1475 1749 1569 1776 eum
1596 1749 1714 1775 erro-

975 1809 1062 1835 rem
1085 1809 1237 1835 errasse
1264 1795 1361 1834 satis
1393 1800 1563 1834 constet.
1623 1795 1713 1834 Sci-

974 1853 1071 1893 licet
1097 1853 1139 1894 h.
1166 1854 1193 1893 l.
1228 1853 1436 1893 naturales
1459 1852 1572 1892 modi
1601 1867 1713 1892 nunc

976 1918 1242 1963 enai-rantum
1263 1912 1313 1950 de
1332 1911 1488 1966 satione
1510 1910 1713 1956 artificiali

974 1984 1073 2010 mox
1090 1976 1241 2023 agetur.
1266 1970 1420 2009 Iterum
1434 1975 1555 2023 poeta
1569 1970 1712 2022 sponte

974 2035 1091 2068 natas
1113 2035 1153 2067 et
1170 2042 1221 2067 ex
1245 2028 1394 2067 semine
1413 2027 1525 2080 quod
1548 2027 1712 2067 decide-

974 2093 1042 2126 rat
1068 2085 1301 2142 (seminibus
1330 2085 1464 2141 iactis)
1499 2085 1711 2139 distinguit

974 2145 1047 2186 ins.
1088 2144 1159 2188 47.
1195 2145 1264 2189 57.
1331 2145 1522 2184 Ceterum
1555 2147 1711 2183 semina

975 2205 1008 2243 si
1055 2203 1164 2258 apud
1199 2209 1384 2256 poetam,
1432 2202 1554 2241 etiam
1599 2202 1711 2256 apud

976 2262 1098 2313 alios,
1131 2261 1326 2312 audieris,
1362 2260 1487 2300 latius
1507 2261 1597 2311 illa,
1635 2275 1710 2300 nec

974 2321 1098 2360 modo
1134 2320 1183 2359 de
1210 2319 1374 2372 graniS,
1414 2332 1561 2358 verum
1590 2325 1631 2358 et
1659 2319 1709 2358 de

973 2379 1167 2429 nucibus,
1197 2377 1362 2427 nucleis,
1391 2377 1549 2428 baccis,
1579 2377 1709 2416 inter-

972 2437 1138 2477 terdum
1175 2436 1226 2475 de
1262 2435 1468 2475 radicibus
1483 2465 1494 2485 ‚
1543 2435 1707 2488 plantis,

972 2495 1210 2545 stolonibus,
1234 2492 1283 2532 et'
1295 2493 1438 2545 quovis
1456 2493 1708 2546 propagandi

972 2566 1133 2607 genere,
1163 2551 1375 2591 interdum
1395 2550 1444 2589 de
1464 2551 1574 2590 omni
1589 2552 1708 2605 prin-

971 2611 1086 2664 cipio,
1115 2610 1226 2650 unde
1251 2608 1406 2661 aliquid
1419 2608 1608 2661 gignitur,
1635 2624 1707 2649 co·-

969 2669 1181 2722 gitandum
1208 2673 1280 2706 est.
1339 2667 1402 2706 Ita
1424 2676 1707 2707 castanearum

970 2729 1126 2766 semina
1145 2731 1242 2765 sunt
1260 2737 1394 2765 nuces.
1435 2725 1562 2765 Simili
1580 2726 1704 2765 modo

970 2800 1093 2824 serere
1115 2784 1164 2823 de
1184 2784 1294 2823 omni
1317 2783 1560 2836 procreandi
1581 2784 1705 2824 modo

973 2842 1203 2883 adhibetur.
1263 2843 1366 2880 Sane
1387 2841 1489 2881 haec
1511 2842 1706 2894 loquendi

970 2901 1254 2955 improprietas
1281 2899 1489 2939 interdum
1519 2900 1703 2940 obscuri-

971 2965 1094 2999 tatem
1126 2959 1237 2998 facit.
1304 2958 1362 2996 De
1391 2962 1593 2998 castaneis
1618 2958 1702 2998 vid.

972 3018 1192 3058 Columella
1211 3017 1278 3068 IV,
1300 3029 1387 3070 cap.
1406 3023 1511 3057 extr.
1532 3018 1582 3057 cs.
1598 3016 1700 3056 Plin.
