1734 3320
174 186 280 238 542
504 185 560 235 P.
596 184 959 236 VIRGILII
997 186 1370 239 MARONIS
1428 223 1429 226 =

173 310 482 362 Frondihus
502 311 717 364 hirsutis
740 322 794 363 et
816 313 985 363 carice
1005 322 1185 381 pastus
1207 323 1382 373 acuta3

172 384 241 434 Et
266 391 435 432 tentat
452 399 568 433 sese
583 410 607 448 ,ι
633 393 794 451 atque
814 384 964 434 irasci
987 385 1042 433 in
1066 401 1266 434 cornua
1290 385 1445 435 discit

173 452 395 503 Arboris
419 453 646 504 obnixus
669 463 887 518 trunco,
926 464 1229 523 ventosque
1254 455 1464 506 lacessit

172 523 394 587 Ictibus,
436 533 488 574 et
518 541 694 590 sparsa
715 524 782 573 ad
799 540 1037 591 pugnam
1056 525 1298 594 proludit
1319 543 1493 578 arena.

173 597 325 659 Post,
362 594 455 644 uhi
481 594 789 644 conlectum
814 595 985 645 robur
1004 613 1253 663 viresque
1276 595 1526 659 refectae,
1598 598 1702 649 235

173 730 251 757 tum
269 724 579 757 revocavitBnrm.
629 725 683 757 Ex
712 723 833 769 glossa
858 724 964 769 Regii
993 732 1028 758 et
1046 724 1192 759 Mentel.
1213 737 1268 771 pr.
1287 724 1406 759 Schol.
1433 723 1587 758 Juvenal.
1608 725 1701 765 VIII,

176 773 232 813 10,
255 770 454 816 Philargyr.
476 771 526 815 (in
546 770 630 804 edit.
651 771 855 805 Commelin.
874 784 893 805 e
912 771 991 805 cod.
1010 772 1121 805 Palat.
1145 772 1323 817 expressa)
1349 772 1502 818 suspicio
1520 777 1608 814 erat,
1632 771 1703 804 hoc

173 818 242 852 iam
263 818 347 851 olim
367 819 403 851 in
429 818 531 851 libris
554 818 683 859 fuisse3
718 825 755 852 et
784 818 951 852 exhibent
970 831 1053 852 sane
1079 826 1227 865 uterque
1245 820 1361 854 Mead.
1378 819 1580 864 cantabrig.
1602 818 1703 852 Bod-

173 866 233 899 lei.
265 872 301 899 et
331 865 418 899 alter
446 866 615 899 Arundel.
663 866 791 899 Variat
819 866 984 900 similiter
1013 867 1122 901 lectio
1150 879 1206 912 ap.
1227 867 1350 901 Avien.
1381 867 1495 901 deser.
1515 867 1599 900 Orb.
1616 872 1702 900 terr.

173 913 254 949 946.
278 911 339 945 ubi
375 913 419 946 cf.
450 913 619 947 Wernsd.
666 914 779 947 Porro
806 915 968 948 instrato
998 913 1125 957 cubili,
1159 926 1229 948 non
1263 920 1400 956 strato;
1434 914 1511 960 quis
1542 913 1702 947 dubitet!

172 960 267 994 nuda
287 959 416 1002 humo,
451 960 547 993 nudo
576 960 694 994 silice:
721 961 804 994 inde
837 961 1035 1003 adiectum,
1069 963 1170 995 inter
1190 963 1289 996 dura
1308 974 1413 995 saxa.
1461 960 1702 996 Wakefieldio

173 1008 243 1041 hoc
254 1007 407 1040 facetum
424 1007 548 1049 visum,
568 1013 604 1040 et
622 1014 724 1052 putat
741 1008 804 1042 ille
826 1009 1100 1042 substernendas
1123 1022 1199 1042 esse
1219 1015 1323 1043 tauro
1342 1008 1469 1042 saltem
1486 1008 1644 1050 frondes,
1657 1019 1702 1040 ne

172 1055 262 1088 latus
295 1060 445 1095 atterat3
483 1054 604 1100 itaque
626 1055 757 1100 iungit:
793 1057 955 1090 instrato
979 1069 1071 1089 saxa
1100 1055 1212 1090 cubili
1230 1055 1437 1103 frondibus
1455 1056 1630 1096 hirsuti-§⁴3
1666 1062 1704 1088 et

173 1103 293 1135 carice
307 1110 446 1148 pastus
465 1110 587 1136 acuta.
637 1103 800 1136 Ceterum
829 1103 1076 1137 Lucretianum
1106 1110 1177 1137 est:
1203 1108 1327 1149 Atque
1352 1104 1574 1150 intempesta
1592 1103 1703 1136 cede—

174 1148 263 1182 bant
288 1157 396 1182 nocte
419 1158 604 1195 paventes
632 1149 852 1198 Hospitibus
884 1152 1005 1185 saevis
1028 1151 1192 1185 instrata
1223 1149 1359 1184 cubilia
1377 1149 1539 1197 fronde:
1570 1149 1634 1183 lib.
1656 1151 1702 1191 V,

171 1196 253 1232 984.
271 1195 354 1238 985,
378 1196 439 1229 ubi
459 1196 503 1229 de
521 1206 658 1243 parato
674 1199 861 1231 hominum
880 1198 988 1232 cubili
1014 1198 1141 1242 agitur.
1237 1199 1308 1234 232
1331 1198 1406 1231 Hos
1434 1209 1554 1231 versus
1573 1196 1702 1230 iterum

172 1244 339 1289 apposuit
363 1249 473 1288 poeta
490 1246 576 1277 Aen.
598 1246 680 1288 XII,
706 1243 830 1280 104-
845 1247 924 1281 106.
1033 1247 1103 1282 233
1127 1246 1283 1279 innixus
1303 1245 1424 1279 Schol.
1445 1244 1598 1279 Iuvenal.
1619 1245 1701 1286 XII,

172 1290 236 1324 sed
269 1296 306 1323 et
335 1290 386 1324 ibi
409 1292 515 1324 Voss.
546 1290 712 1326 obnixus.
761 1294 925 1326 adnixus
954 1292 1050 1326 Toll.
1101 1291 1255 1327 obnixos
1281 1292 1372 1326 Gud.
1421 1300 1574 1326 truncos
1610 1292 1704 1325 alter

170 1339 311 1382 Menag.
405 1338 476 1374 234
499 1339 525 1372 f.
544 1340 583 1372 in
598 1352 766 1387 pugnam
780 1367 789 1383 ,
814 1347 855 1373 ut
883 1340 1040 1373 Maronis
1073 1352 1149 1373 mos
1181 1340 1263 1373 fert.
1299 1339 1374 1386 (qui
1392 1339 1495 1373 mos?
1520 1340 1574 1373 Ita
1596 1339 1704 1372 etiam

170 1388 258 1420 Aen.
278 1386 360 1426 XII,
387 1387 486 1421 106.:
513 1386 597 1428 „ad
621 1399 774 1432 pugnam
791 1387 1000 1433 proludit;“
1025 1400 1092 1421 nec
1116 1387 1273 1432 iungitur
1291 1386 1515 1432 praepositio
1532 1388 1572 1420 in
1591 1387 1702 1420 verbo

168 1433 381 1481 proludere.
431 1433 671 1469 Wakefieldio
699 1435 744 1468 ad
769 1435 909 1469 Lucret.
939 1437 990 1477 V,
1017 1435 1097 1470 658.
1118 1434 1259 1469 videtur
1278 1433 1500 1480 praepositio
1518 1433 1702 1468 eiicienda.

177 1482 232 1516 W
229 1479 282 1525 r.)
339 1480 533 1527 praeludit
563 1482 689 1516 Franc.
735 1482 828 1516 cons.
860 1482 906 1516 ad
933 1485 1019 1516 Aen.
1047 1483 1136 1524 XII,
1169 1483 1249 1517 106.
1298 1490 1366 1516 aut
1391 1494 1528 1529 sparsa
1554 1482 1702 1515 Roman.

171 1527 240 1563 235
266 1530 337 1561 Ast
359 1525 422 1561 ubi
448 1528 580 1562 Medic.
608 1529 724 1563 Colot.
773 1531 976 1575 Postquam
1008 1543 1037 1563 c.
1070 1529 1181 1563 Goth.
1208 1541 1278 1563 sec.
1327 1527 1439 1563 robor
1468 1527 1594 1563 scribit
1623 1529 1702 1562 Ro-

170 1587 291 1608 manus
311 1581 346 1607 et
363 1575 454 1608 Gud.
503 1577 674 1623 viresque
704 1576 866 1623 refectae
883 1576 1049 1611 Heinsius
1067 1576 1227 1623 reposuit
1249 1589 1267 1610 e
1286 1576 1449 1610 Mediceo
1462 1602 1472 1619 ,
1507 1575 1597 1610 Gud.
1618 1588 1639 1609 a
1656 1588 1701 1610 m.

170 1634 226 1668 pr.
250 1622 422 1656 Rottend.
440 1628 522 1657 tert.
540 1636 606 1668 pro
626 1637 699 1658 var.
720 1625 800 1658 lect.
822 1624 938 1658 Colot.
959 1625 1092 1658 Ursini.
1128 1632 1297 1670 receptae
1318 1623 1429 1657 ceteri
1450 1635 1582 1666 omnes,
1607 1623 1703 1668 quod

172 1681 278 1714 aegre
302 1668 489 1703 dimittam.
538 1671 654 1704 Etiam
675 1672 770 1716 apud
785 1672 916 1706 Lucan.
935 1672 959 1706 l.
979 1685 1008 1706 c.
1030 1674 1072 1715 ΙΙ,
1098 1671 1168 1707 604
1192 1671 1272 1705 Nec
1291 1671 1390 1704 redit
1406 1672 1604 1718 inpastus,
1629 1671 1706 1704 nisi

172 1729 253 1750 cum
271 1718 410 1750 cervice
427 1726 575 1763 recepta
590 1718 663 1764 (ubi
680 1731 770 1753 nunc
789 1721 976 1753 Burmann.
996 1720 1139 1767 repleta
1155 1715 1329 1763 reposuit)
1356 1719 1515 1752 Excussi
1523 1718 1704 1766 placuere

173 1764 257 1798 tori.
307 1764 351 1797 Et
367 1764 498 1797 Statius
519 1766 553 1797 II
571 1766 688 1800 Theb.
712 1767 783 1802 326
809 1770 895 1799 Cum
913 1765 1080 1814 profugo
1095 1767 1274 1812 placuere
1302 1767 1392 1808 tori,
1425 1766 1620 1811 cervixque
1639 1777 1703 1798 re-

172 1819 276 1858 cepto
296 1812 490 1857 Sanguine
512 1825 650 1860 magna
666 1814 773 1847 redit.
823 1813 929 1847 Unde
948 1815 1000 1847 Io.
1022 1813 1208 1847 Schrader.
1232 1820 1268 1846 et
1288 1813 1323 1846 h.
1341 1812 1365 1846 l.
1387 1812 1547 1846 tentabat
1561 1813 1703 1846 cervice

173 1866 332 1905 recepta.
368 1859 540 1904 viresque
558 1862 695 1907 recepit
711 1860 849 1894 Zulich.
875 1861 1059 1907 (receptae
1077 1867 1253 1904 repugnat
1271 1859 1348 1893 usui
1365 1859 1576 1904 Virgiliano.
1612 1862 1701 1892 Aen.

171 1905 238 1947 XI,
261 1905 361 1941 731.:
387 1917 464 1947 „re
475 1906 661 1953 finitque
682 1907 719 1941 in
737 1907 876 1954 proelia
894 1907 1053 1954 pulsos-“

171 1952 379 1986 refecti.“
409 1952 505 1998 Wr.)

170 2049 214 2087 in
234 2048 346 2087 nudo
367 2049 464 2089 solo.
524 2049 624 2088 Mox
643 2065 777 2100 carex,
811 2050 908 2089 iun-

172 2107 208 2145 ci
238 2121 382 2160 genus,
414 2108 462 2148 cf.
485 2108 648 2148 Martia.
674 2108 716 2147 h.
740 2109 766 2148 1.
796 2115 836 2147 et
855 2109 909 2148 ad

174 2166 256 2205 Ecl.
275 2166 343 2215 III,
363 2169 431 2207 20.
492 2169 590 2208 232.
620 2169 745 2205 irasci
758 2168 802 2206 in
819 2182 908 2206 cor-

171 2238 257 2262 nua
295 2224 426 2262 discit.
497 2225 654 2263 Iterum
689 2224 770 2264 hoc
806 2225 907 2265 Aen.

171 2282 270 2332 XII,
303 2280 386 2323 104
434 2286 616 2334 mugitus
652 2285 779 2322 veluti
815 2299 908 2322 cum

163 2342 306 2392 prima
326 2342 369 2377 in
376 2337 379 2341 ’
379 2342 545 2391 praelia
563 2349 702 2380 laurus
719 2343 908 2391 terrificos

171 2400 247 2436 ciet
267 2406 388 2450 atque
402 2399 525 2437 irasci
542 2402 585 2437 in
595 2414 748 2438 cornua
763 2409 902 2451 tentat.

172 2456 274 2494 Cum
305 2456 504 2495 sententia
533 2458 650 2496 obvia
672 2458 744 2508 sit,
774 2458 817 2497 in
835 2473 906 2497 ra-

170 2514 282 2553 tione
299 2515 560 2566 grammatica
576 2516 717 2568 aliquis
739 2516 906 2555 haerere

170 2573 311 2626 possit.
350 2574 484 2611 Irasci
510 2576 553 2611 in
569 2576 749 2626 aliquem
767 2588 902 2625 nemo,

171 2637 287 2684 puto,
315 2644 392 2683 pro
414 2632 543 2669 alicui
560 2632 733 2682 dixerit3
764 2634 820 2672 sic
837 2639 905 2672 ta-

170 2703 265 2729 men
303 2688 429 2741 accipi
467 2689 600 2729 video.
662 2690 776 2739 Quid
813 2705 906 2744 ergo

171 2754 249 2788 est:
270 2749 393 2787 irasci
407 2749 449 2785 in
466 2750 649 2787 cornua?
678 2749 804 2788 Nemo
820 2752 907 2787 ira-

171 2809 295 2845 scitur
320 2808 363 2844 in
393 2819 546 2856 ensem,
585 2807 762 2845 hastam.
827 2807 907 2845 Sed

172 2866 215 2903 in
243 2861 402 2918 poetico
437 2877 624 2904 sermone
655 2865 736 2904 duo
763 2865 906 2903 modos

173 2923 419 2963 confundere
442 2921 556 2962 licet:
590 2923 764 2963 irascens
786 2937 906 2962 exer-

173 2987 238 3021 cet
266 2995 307 3021 se
336 2981 379 3020 in
410 2993 584 3033 cornua,
631 2995 703 3021 seu
732 2982 785 3021 ad
813 2995 907 3021 cor-

1101 1909 1184 1950 XII,
1209 1908 1290 1943 788.
1303 1920 1310 1940 :
1325 1919 1329 1924 ’
1346 1933 1368 1950 ,,
1380 1906 1485 1940 armis
1508 1906 1702 1952 animisque

966 2065 1095 2090 nuum
1128 2065 1278 2101 usum3
1332 2051 1415 2089 iam
1457 2063 1533 2103 pro
1573 2051 1701 2088 iratus

966 2117 1118 2148 exercet
1157 2124 1198 2147 se
1241 2109 1474 2163 simpliciter
1515 2110 1704 2146 irascitur

967 2168 1084 2207 dixit.
1134 2167 1288 2206 Eadem
1314 2168 1445 2206 forma
1474 2166 1555 2206 iam
1577 2165 1701 2205 Euri-

965 2226 1080 2279 pides
1097 2240 1193 2265 usus
1210 2232 1298 2265 erat
1316 2225 1462 2265 Bacch.
1480 2224 1565 2268 742
1591 2226 1701 2266 Ταῦ-

967 2301 1033 2337 ροι
1067 2308 1114 2314 —
1154 2285 1210 2333 εἰς
1258 2283 1379 2338 κέρας
1425 2279 1699 2336 θυμούμενοι.

964 2343 1041 2382 Inf.
1068 2341 1167 2381 Aen.
1197 2343 1239 2381 X
1255 2373 1265 2393 ,
1295 2342 1379 2386 725
1410 2349 1638 2393 surgentem
1658 2342 1702 2378 in

965 2416 1115 2440 cornua
1137 2416 1297 2441 cervum
1312 2417 1324 2440 :
1366 2400 1436 2453 qui
1466 2399 1640 2451 insurgit
1656 2398 1700 2437 in

965 2460 1106 2499 obvios
1127 2460 1336 2509 cornibus,
1369 2459 1524 2497 dictum
1551 2463 1624 2507 est,
1659 2462 1700 2495 et

963 2518 1214 2571 expeditiore
1228 2518 1404 2557 ratione:
1417 2519 1603 2555 Armenii
1612 2529 1698 2553 mo-

965 2576 1017 2614 do
1049 2576 1133 2614 dux
1164 2578 1267 2614 vires
1297 2578 1339 2613 in
1374 2589 1526 2613 cornua
1555 2587 1669 2612 sumo
1683 2603 1694 2622 ,

965 2633 1088 2673 Ovid.
1105 2633 1199 2672 Met.
1219 2633 1323 2683 VIII,
1343 2635 1439 2676 882.
1498 2632 1582 2670 Iam
1603 2631 1698 2670 vide

963 2690 1064 2731 mihi
1086 2691 1314 2730 doctrinam
1341 2698 1382 2730 et
1401 2690 1699 2730 humanitatem

964 2749 1105 2789 vossii.
1167 2747 1355 2803 (Rectius
1378 2755 1514 2788 tamen
1534 2748 1698 2788 Vossius

964 2809 1087 2846 irasci
1120 2809 1163 2845 in
1197 2823 1347 2846 cornua
1381 2808 1697 2860 interpretatur:

962 2866 1066 2904 iram
1096 2866 1210 2917 quasi
1241 2866 1423 2918 colligere
1449 2866 1492 2903 in
1525 2878 1696 2914 cornua3

964 2930 1060 2963 sunt
1078 2924 1184 2962 enim
1203 2938 1356 2964 cornua
1369 2925 1455 2964 irae
1470 2930 1512 2962 et
1530 2922 1698 2962 ultionis

962 2981 1254 3034 instrumenta3
1291 2995 1406 3036 saepe
1433 2988 1568 3021 autem
1595 2993 1697 3033 poe-
