1768 3320
344 229 768 310 enectam*
803 231 970 282 ECL.
1008 233 1070 294 v,
1108 237 1334 288 67—72

1501 245 1598 292 163

17 394 22 395 ν
77 357 148 407 Et
162 354 339 409 multo
363 356 419 405 in
436 355 624 422 primis
650 354 882 407 hilarans
903 359 1143 408 convivia
1163 359 1391 424 Baccho,

79 422 449 489 Antesocurm
485 425 530 475 si
550 423 717 490 frigus
743 428 866 491 erit,
905 428 947 477 si
966 429 1178 493 messis,
1214 430 1270 478 in
1291 430 1499 495 umbra,
1530 439 1598 486 70

76 495 215 548 vina
235 511 443 546 novum
461 493 692 545 fundam
717 496 933 549 calathis
951 498 1158 549 Ariusia
1180 507 1376 551 nectar.

81 565 385 618 Cafflahunt
401 565 538 617 mihi
555 568 846 617 Damoetas
864 576 921 618 et
939 569 1150 634 Lyctius
1168 571 1382 634 Aegon3

122 717 172 754 69
187 707 338 752 'bled-ia
353 716 484 752 Medic.
504 717 623 752 Pien'i.

694 718 747 754 70
765 719 823 753 sin
844 729 992 762 aestus,
1014 722 1054 754 in
1076 719 1205 754 umbra
1227 720 1318 754 coni.
1341 720 1560 815 waddelf.
1571 723 1598 756 1.

72 764 123 804 71
147 762 345 844 inflandum
369 765 508 810 Menag.
531 777 586 810 pr.
610 772 647 799 et
661 766 791 800 Moret.
819 774 948 812 quart,
980 767 1019 802 it.
1036 767 1128 801 Pier.
1148 767 1299 812 Oblong.
1346 780 1444 802 nova
1467 770 1505 802 in
1528 781 1600 803 un-

75 811 165 847 dam
219 817 313 845 oret.
333 823 404 846 sec.
450 811 702 846 Aberrationes
722 813 759 846 in
775 815 934 848 Ariusia
950 814 1021 848 vid.
1042 815 1138 860 apud
1155 814 1248 849 Pier.
1274 821 1310 849 et
1327 816 1443 848 Burm.
1468 816 1601 870 (Asiu-

77 859 136 892 εἰσ
159 857 262 892 etiam
282 855 368 894 1.4.
387 859 420 895 8.
451 860 568 903 Wr.);
592 859 630 893 it.
655 860 784 894 moxin

75 905 132 939 lae
151 904 242 949 maii,
268 913 304 940 et
322 904 480 949 Αὐκτος,
502 907 587 940 urbs
604 906 742 941 Cretae.

803 863 969 907 lyctius.
1016 863 1079 896 Est
1105 858 1333 907 r‘y'Aotovot'ot
1352 860 1477 906 χώρα,
1500 875 1601 896 msu-

814 909 874 954 (-
891 909 948 944 72-
972 909 1062 943 mihi
1081 921 1129 943 sc.
1156 922 1277 951 „sacra
1295 909 1473 943 facienti“.
1506 911 1601 944 Inter

116 964 176 986 cra
192 964 270 986 mea
294 952 359 989 tibi
386 954 477 987 facta
504 953 657 989 carmina
677 960 813 990 canent.
853 952 944 988 'Non
967 963 1062 991 recte
1088 955 1197 1002 igitur
1212 956 1361 990 Frenzel
1379 956 1415 989 in
1434 957 1602 991 Seebodii

174 999 479 1046 mato-phylado
505 999 634 1045 philol.
663 1008 699 1035 et
721 1000 871 1047 paedag'.
894 1002 980 1036 vol.
996 1004 1023 1036 Ι.
1046 1014 1083 1048 p.
1108 1003 1186 1038 139.
1212 1001 1280 1037 tibi
1299 1003 1464 1037 correxit.
1489 1004 1598 1039 Ialm.

76 1061 123 1072 -·
145 1046 409 1082 Menalmhoc

426 1047 580 1082 carmine
602 1047 753 1091 indicat,
778 1061 880 1095 quam
897 1049 976 1094 ipse
995 1049 1264 1083 sollemnitatem
1281 1050 1318 1083 iu
1338 1050 1508 1084 honorem
1524 1051 1599 1085 Da·-

74 1092 220 1139 plmidin
244 1093 467 1130 instituturus
488 1094 556 1137 sit,
587 1095 659 1129 vid.
681 1107 732 1129 vs.
753 1097 811 1133 68.
829 1098 906 1137 71.;
938 1096 976 1130 in
998 1096 1074 1131 eius
1102 1097 1158 1130 rei
1176 1104 1315 1142 partem
1339 1110 1439 1140 sese,
1471 1103 1510 1133 ut
1529 1098 1599 1132 do-

73 1139 207 1180 miuum
222 1140 280 1180 val
297 1149 562 1189 procuratorem
578 1142 740 1189 praedii,
763 1150 971 1180 vocaturum
985 1144 1143 1191 reliquos
1161 1156 1204 1177 ex
1222 1144 1347 1178 eodem
1364 1144 1512 1192 praedio
1531 1157 1599 1190 pa-

72 1275 118 1310 et
138 1276 242 1312 vob
267 1271 455 1321 solvisse,
494 1271 807 1311 Ambarvalibus

73 1329 245 1369 rme-sse
265 1330 332 1369 vei
350 1329 541 1369 Palilibus
554 1360 567 1381 ‚
597 1330 673 1369 sub
698 1330 807 1370 idem

72 1392 235 1440 tempus
269 1388 478 1427 celebratis
496 1418 507 1438 ‚
559 1395 806 1442 nuncupata,

72 1451 123 1484 ut
154 1445 264 1486 bona
299 1453 433 1485 essent
468 1460 617 1499 pascua
635 1477 646 1497 ,
685 1460 808 1486 versu

74 1501 144 1545 74.
163 1516 220 1555 sq.
255 1504 468 1557 probatur.
526 1505 618 1544 Non
647 1511 707 1543 est
735 1505 807 1557 igi-

72 1565 155 1611 tur,
189 1573 315 1613 quare
334 1562 490 1601 Siculos
508 1563 626 1612 ritus,
654 1568 703 1602 ut
714 1569 809 1617 post

72 1619 173 1658 alios
208 1619 304 1659 fecit
341 1620 524 1674 Heynius
538 1651 550 1671 ,
598 1619 667 1659 hic
695 1621 808 1673 tangi

71 1677 361 1717 existimemus.
426 1679 566 1731 Itaque
593 1685 708 1718 totus
741 1680 805 1718 lo·-

70 1746 168 1786 cm,
196 1747 258 1775 vs.
283 1737 497 1786 67--75„
534 1736 692 1790 duplex
721 1737 806 1776 sol-

71 1792 204 1833 lemne
230 1800 399 1847 spectat.
458 1794 699 1834 confirmari
724 1795 806 1834 hoc

71 1850 132 1890 ait
140 1849 343 1904 Spolmius
352 1865 414 1892 vs.
425 1855 496 1895 67.
509 1867 565 1905 sq.
575 1856 644 1895 70.
656 1852 725 1895 74.
737 1866 808 1905 sq.;

71 1913 274 1952 venum.
288 1924 361 1962 sq„
387 1910 499 1963 quod
516 1925 703 1951 novum
727 1912 808 1950 lac

69 1967 237 2006 vernale
245 1974 405 2025 tempus
417 1969 626 2021 significat,
643 1970 808 2009 oleum

70 2027 352 2077 auctumnale3
369 2040 499 2079 neque
508 2028 684 2076 obstare,
695 2027 810 2079 quod

74 2083 156 2122 Ecl.
181 2084 232 2132 ΙΙ,
261 2087 329 2126 22.
367 2086 542 2138 legatur:
580 2086 686 2135 „Lac
708 2085 808 2124 mihi

72 2155 158 2180 non
186 2148 338 2180 aestate
367 2157 578 2192 novum,
606 2157 691 2182 non
711 2144 804 2182 fri-

71 2213 162 2251 gor
176 2213 197 2237 e
215 2199 370 2250 defit;“
406 2201 465 2240 ibi
481 2202 588 2240 enim
610 2202 652 2240 in
671 2202 805 2240 Sicilia

69 2270 159 2295 rem
174 2258 276 2310 geri,
302 2257 372 2297 hic
386 2259 429 2298 in
454 2259 586 2297 Gallia
605 2259 804 2312 Cisalpina

71 2315 148 2354 sub
173 2314 379 2368 frigidiore
406 2317 519 2356 coelo
530 2331 541 2366 ;
577 2331 703 2357 versu
734 2321 802 2359 70.

71 2379 221 2423 autem,
242 2374 355 2426 quod
370 2375 568 2428 frigore
583 2375 802 2415 hibernum

71 2437 245 2484 tempus,
274 2445 316 2470 m
328 2445 349 2470 e
360 2446 405 2471 ss
417 2447 437 2471 e
456 2434 654 2473 aestivum
672 2433 801 2472 deno-

69 2495 206 2540 tetus-5
237 2496 278 2528 et
296 2504 357 2530 vs,
376 2490 445 2533 74.
463 2505 521 2543 sq.
553 2498 692 2545 aperte
721 2492 802 2530 du·-

69 2547 166 2601 plex
187 2547 376 2587 sollemne
393 2549 576 2588 indicari.
624 2549 802 2601 Denique

71 2604 128 2643 sic
144 2612 303 2644 veteres
325 2607 530 2646 Romanos
551 2608 613 2646 bis
630 2621 713 2646 esse
733 2621 802 2646 so-

69 2661 165 2703 litos
185 2664 386 2703 celebrare
412 2665 495 2704 dies
519 2667 663 2716 sest0s3
692 2667 802 2705 Suet.

70 2719 172 2772 Aug.
195 2725 285 2763 31.:
314 2723 583 2779 „Compitales
596 2725 715 2763 Lares
734 2738 804 2762 or-

70 2778 161 2816 nari
180 2779 260 2817 bis
277 2794 384 2820 anno
403 2782 593 2832 instituit,
618 2782 803 2821 vernis

69 2834 240 2875 floribus
267 2844 309 2876 et
340 2840 575 2878 aestivis.
589 2842 614 2864 “
650 2839 805 2879 id.Ne-

70 2906 164 2932 ron.
189 2908 223 2933 c.
243 2895 330 2938 57.:
369 2898 446 2946 „Et
472 2905 610 2936 tamen
625 2912 710 2936 non
730 2898 804 2936 de·-

43 2985 45 2987 .
71 2952 239 2990 suerunt
248 2983 260 3001 ‚
290 2954 359 3004 qui
373 2968 447 3006 per
464 2954 629 3008 longum
643 2963 804 3008 tempus

71 3022 101 3047 v
114 3010 250 3048 ernis
280 3023 331 3048 ae
343 3012 568 3064 Stivisqu
579 3026 601 3051 e
634 3013 803 3052 floribus

861 1272 1068 1312 tumulum
1085 1274 1170 1312 eius
1190 1275 1424 1314 ornarent.“
1438 1275 1511 1313 W
1502 1289 1598 1312 ν.-

857 1331 1014 1382 poc-ubl
1030 1331 1127 1370 bina
1141 1348 1154 1370 .·
1185 1331 1349 1385 proprie
1365 1331 1474 1381 bina,
1502 1332 1598 1370 bina

862 1388 907 1427 in
925 1389 1087 1441 singulis
1105 1389 1205 1440 aris,
1245 1396 1295 1429 ut
1313 1389 1356 1427 in
1385 1389 1512 1441 epulis
1527 1404 1597 1428 so-

862 1446 1001 1485 lebant
1018 1448 1181 1500 singulis
1200 1447 1380 1486 convivis
1398 1447 1494 1485 bina
1517 1462 1598 1500 po·-

861 1505 940 1556 ni3
984 1505 1112 1544 duos
1155 1512 1291 1544 autem
1337 1510 1595 1555 crateras,

863 1563 890 1601 i.
931 1575 964 1601 e.
999 1563 1044 1601 in
1080 1564 1243 1616 singulis
1281 1563 1360 1601 aris
1400 1563 1596 1616 singulog

862 1626 982 1659 erant
1010 1621 1115 1659 enim
1150 1623 1322 1660 maiores
1346 1626 1391 1659 et
1423 1621 1596 1674 amplio-

862 1692 939 1718 res.
969 1677 1059 1732 Sp.)
1119 1681 1175 1721 69
1191 1700 1252 1711 --
1269 1682 1337 1721 73.
1379 1679 1442 1717 Ex
1464 1680 1595 1718 multo

861 1737 1048 1776 suaviore
1066 1737 1157 1775 loco
1168 1735 1337 1775 Theocr.
1350 1736 1433 1786 VII,
1443 1739 1498 1779 63
1511 1750 1595 1789 sqq.

861 1794 1118 1834 adumbrata.
1186 1794 1437 1847 Ambiguitas
1462 1801 1525 1833 est
1552 1795 1596 1833 in

862 1866 948 1904 sqq.
967 1853 1103 1894 sintne
1118 1853 1255 1891 omnia
1281 1852 1515 1892 revocanda
1543 1853 1596 1891 ad

860 1912 985 1950 festos
1018 1910 1102 1949 dies
1129 1910 1174 1949 in
1211 1910 1436 1964 Daphnidis
1461 1910 1595 1950 hono·

861 1982 951 2008 rem
974 1968 1204 2018 habendos,
1244 1983 1297 2007 an
1328 1968 1382 2006 ad
1398 1967 1595 2007 honorem

863 2033 907 2066 et
943 2027 1179 2066 memoriam
1214 2028 1301 2066 eius
1338 2027 1595 2075 recolendam

864 2085 908 2124 in
934 2085 1142 2136 quibusvis
1168 2083 1437 2134 sollennibus‚
1478 2091 1527 2123 ut
1559 2085 1595 2123 ei

860 2149 1070 2195 tamquam
1098 2142 1215 2181 heroi
1245 2156 1317 2181 seu
1343 2142 1420 2181 deo
1453 2143 1593 2181 libatio

861 2201 955 2252 fiat3
992 2201 1068 2239 etsi
1095 2200 1292 2241 nonnulla
1323 2200 1594 2253 interponun-

861 2265 932 2297 tur
944 2289 954 2308 ‚
985 2271 1088 2311 quae
1106 2272 1266 2297 sacrum
1293 2258 1338 2296 in
1356 2258 1439 2297 eius
1459 2258 1593 2297 hono·

859 2330 947 2355 rem
972 2316 1270 2356 instituendum
1297 2323 1479 2368 arguant.
1519 2316 1592 2355 Vi·

859 2375 983 2414 detur
998 2375 1137 2426 itaque
1166 2375 1223 2412 sic
1249 2374 1511 2413 statuendum
1529 2387 1592 2412 es·

859 2446 921 2482 se,
957 2439 1008 2472 ut
1039 2446 1078 2472 v.
1103 2435 1160 2475 69
1180 2445 1238 2483 sq.
1270 2431 1320 2470 de
1346 2433 1489 2472 ceteris
1509 2432 1592 2470 sol-

857 2491 1043 2530 lennibus
1061 2504 1109 2529 ac
1126 2490 1239 2528 festis
1268 2490 1410 2528 diebus
1437 2503 1591 2529 memo-

859 2556 942 2598 ret,
986 2549 1132 2601 quibus
1160 2548 1270 2587 inter
1298 2548 1437 2601 epulas
1468 2550 1589 2587 festas

860 2607 1085 2659 Daphnidi
1121 2618 1282 2658 quoque
1311 2605 1452 2643 libatio
1476 2605 1588 2654 fiat:

859 2665 941 2704 hoc
958 2671 1019 2704 est
1035 2679 1094 2704 vs.
1116 2663 1379 2717 71s1mdam.
1424 2661 1590 2716 (Convi-

861 2726 932 2762 νιά
951 2754 963 2773 ,
1013 2723 1154 2775 epulae
1208 2728 1304 2775 post
1339 2720 1588 2759 sacrificium.

866 2783 914 2822 V
908 2796 986 2819 oss,
1009 2787 1051 2819 et
1070 2778 1165 2834 622.)
1226 2782 1294 2821 70.
1310 2780 1417 2817 Ante
1422 2777 1584 2830 ficum,

860 2842 898 2878 si
931 2838 1078 2892 frigus
1115 2839 1212 2876 erit:
1269 2835 1380 2887 quud
1417 2847 1510 2872 sane
1547 2839 1588 2871 et

859 2898 994 2950 ipsum
1012 2895 1325 2936 oblectationem
1341 2893 1435 2931 facit
1442 2907 1453 2942 3
1478 2890 1588 2929 unde

860 2961 1003 3007 poetae
1028 2961 1069 2992 et
1095 2954 1175 2992 hoc
1198 2955 1435 2991 memorant.
1465 2949 1514 2986 cf.
1535 2946 1588 2984 ad

860 3012 1005 3051 Tibull.
1040 3012 1095 3060 11,
1139 3014 1182 3059 1,
1218 3011 1286 3050 29.
1356 3010 1422 3048 71.
1477 3006 1588 3044 Vina

1196 3084 1311 3133 11*
