1734 3320
188 180 292 232 350

539 179 595 229 P.
631 177 986 230 VIRGILII
1019 150 1396 231 MARoNI's

185 307 310 372 Ipse
331 306 490 355 Pater
507 303 688 355 media
707 305 1025 356 nimborum
1049 305 1104 355 in
1127 314 1290 356 nocte
1317 321 1536 356 corusca

185 374 436 427 Fulmina
457 375 681 426 molitur
706 375 914 428 dextra:
952 392 1061 444 quo
1086 393 1335 427 maxuma
1359 385 1520 427 motu
1631 417 1636 422 .

189 449 358 498 Terra
378 446 586 509 tremit3
622 445 814 513 fugere
838 445 1015 510 serae3
1055 456 1108 498 et
1129 447 1378 498 mortalia
1404 445 1568 498 corda
1614 452 1718 500 330

185 520 293 568 Per
314 525 502 583 gentes
529 516 746 568 humilis
765 517 947 568 stravit
968 534 1159 585 pavor:
1195 517 1285 568 ille
1309 516 1553 584 flagranti

186 590 294 640 Aut
314 587 459 639 Atho
474 628 487 653 ‚
525 597 616 638 aut
636 587 976 656 Rhodopen,
1015 597 1104 639 aut
1127 587 1229 639 alta
1254 588 1519 640 Ceraunia
1535 587 1648 640 telo

259 664 376 712 328.
412 661 620 724 PATER,
691 674 869 710 Noc'rE
884 692 916 725 ,ψ

234 764 306 800 328
330 765 370 799 in
388 764 491 799 deest
505 765 634 799 Moret.
652 770 765 810 quart.
786 776 807 799 a
825 775 871 797 m.
893 775 963 797 sec.
986 769 1023 797 et
1040 762 1077 796 in
1096 773 1166 796 uno
1185 761 1365 806 Arundel„
1385 762 1470 798 item
1487 762 1526 798 in
1542 761 1721 798 nonnullis

187 811 307 847 Pierii.
342 812 426 858 (vid.
449 814 491 854 Q.
515 814 560 847 V.
578 813 693 855 XIIII,
712 811 755 854 5,
782 823 812 845 c.
851 810 949 855 Wr.)

1046 811 1116 846 329
1149 809 1315 844 Reiskius
1341 809 1610 846 distinctionem
1637 817 1723 857 post

188 860 324 895 dextra
346 860 518 893 sublatam
539 859 575 893 in
601 859 671 892 fine
692 870 813 892 versus
834 858 1015 904 ponebat:
1049 857 1224 892 Fulmina
1250 857 1404 892 molitur
1426 871 1470 894 eo
1496 867 1616 902 motu,
1649 870 1722 905 qao

187 909 348 942 maxima
365 907 529 941 molitur.

600 907 671 942 330
686 905 821 953 fremit
836 905 973 939 Zulich.
1007 905 1158 939 tremuit
1174 904 1324 939 Mentel.
1340 917 1396 950 pr.
1428 906 1587 941 Alterum
1602 908 1722 941 Arun-

188 955 259 989 del.
279 961 316 988 et
334 954 498 988 Cantabr.
518 961 695 999 sequutus.
729 961 767 987 et
784 959 868 999 post
877 951 991 999 serae
1001 951 1173 986 Martinus
1191 952 1352 993 sustulit;
1377 964 1449 988 non
1467 954 1558 988 male
1573 953 1722 988 factum!

190 1002 356 1048 (Probum
377 1002 447 1036 hoc
466 1009 512 1036 et.
561 1000 710 1035 Diversa
737 1000 813 1034 sine
843 1000 970 1045 copula
991 999 1225 1043 adiiciuntur,
1258 999 1386 1034 similia
1407 1013 1485 1035 cum
1504 1001 1651 1047 copula:
1676 1006 1724 1034 'et

187 1051 286 1083 ferae
310 1057 346 1083 et
369 1048 530 1083 homines
550 1048 657 1082 istum
682 1055 857 1082 terrorem
876 1054 1122 1092 expavescunt.
1157 1047 1255 1092 Wr.)

187 1109 259 1131 sec.
283 1095 487 1144 fragranti
501 1096 647 1142 primus.
672 1096 807 1129 humili
816 1112 865 1120 -—·
873 1095 1087 1142 flagrantis
1098 1095 1287 1128 Romanus.

1326 1048 1396 1083 331
1422 1048 1579 1083 humiles
1592 1048 1722 1082 Moret.

1360 1095 1432 1131 332
1447 1096 1574 1131 Athon
1590 1094 1722 1129 Medic.

189 1145 278 1189 Reg.
307 1143 416 1177 Pierii
433 1144 536 1177 Rom.
563 1149 599 1176 et
624 1141 776 1186 Medic.,
808 1141 849 1175 it.
871 1141 951 1184 alii,
982 1141 1087 1176 etiam
1115 1153 1171 1187 ap.
1190 1141 1355 1184 Mania„
1387 1149 1424 1176 et
1443 1149 1592 1189 uterque
1611 1142 1722 1178 Goth.

190 1204 267 1226 cum
287 1191 368 1224 edd.
386 1190 491 1225 Aldd.
517 1203 573 1236 pr.
597 1196 634 1224 et
654 1202 724 1224 sec.
737 1216 747 1233 ‚
782 1188 970 1231 Commel„
1005 1196 1040 1223 et
1057 1201 1100 1222 ex
1122 1188 1194 1222 illis
1212 1188 1314 1223 aliae.
1346 1190 1401 1223 Ita
1422 1196 1458 1224 et
1475 1190 1661 1236 legebatur
1684 1190 1723 1223 in

187 1238 310 1273 Valer.
329 1238 445 1272 Flacc.
463 1239 490 1281 I,
509 1237 591 1274 664.
631 1238 751 1271 Tenet
768 1243 888 1270 tamen
907 1235 1057 1278 alterum
1076 1243 1160 1281 post
1177 1235 1336 1270 Servium
1349 1263 1358 1279 ‚
1390 1237 1540 1272 Cerdam
1563 1245 1599 1272 et
1621 1237 1723 1280 alios,

187 1286 372 1320 Heinsius:
396 1288 477 1320 Aut
493 1286 606 1328 Atho,
629 1281 699 1319 τὸν
709 1279 824 1319 Ἄθω.
874 1283 1003 1318 Caussa
1021 1284 1114 1318 iusta
1133 1289 1206 1326 est,
1232 1296 1334 1330 quam
1348 1284 1561 1319 Benedictus
1576 1285 1646 1320 iam
1664 1291 1723 1319 at-

187 1333 289 1376 tulit,
324 1333 420 1379 quod
437 1333 566 1367 Athon
590 1338 705 1366 metro
726 1338 913 1376 repugnat.
961 1332 1101 1377 (Athon
1120 1330 1157 1364 in
1179 1331 1339 1365 omnibus
1357 1331 1459 1366 libris
1481 1345 1585 1376 mss„
1612 1337 1723 1379 quot-

189 1388 277 1428 quot
302 1380 454 1427 inspecti
481 1387 583 1423 sunt,
617 1379 724 1413 etiam
751 1378 788 1412 in
806 1377 956 1412 Potterii
976 1378 1080 1413 codd.
1098 1377 1266 1412 Parisinis
1286 1385 1322 1412 et
1341 1387 1490 1426 utroque
1507 1380 1607 1425 Lips.
1653 1380 1723 1413 Pro

188 1428 395 1462 testimonio
422 1440 500 1462 esse
522 1427 631 1461 debet
652 1426 758 1460 etiam
779 1425 892 1460 Servii
909 1425 1107 1469 silentium,
1131 1425 1344 1471 praesertim
1364 1439 1467 1473 quum
1488 1426 1519 1461 is
1535 1430 1622 1462 Aen.
1641 1427 1724 1469 XII,

188 1478 271 1512 701.
294 1475 426 1509 diserte
447 1475 597 1518 doceat,
631 1473 805 1508 Athesin
823 1473 966 1507 brevem
985 1473 1081 1507 exire
1099 1473 1292 1519 syllabam,
1316 1473 1527 1508 concinente
1542 1473 1723 1508 Prisciano

189 1525 252 1559 VI.
277 1529 363 1557 sect.
391 1524 448 1558 70.

497 1523 576 1556 Nec
601 1523 717 1556 Burm.
738 1521 818 1556 val.
844 1521 959 1555 Flacc.
981 1522 1008 1564 I,
1032 1520 1114 1557 664.
1144 1533 1165 1554 a
1184 1519 1357 1555 librorum
1385 1521 1563 1566 lectione,
1596 1522 1725 1556 Athon

189 1570 454 1617 praebentium,
478 1568 664 1603 discedere
683 1581 786 1603 ausus
803 1574 867 1602 est.
917 1571 1016 1611 Quae
1037 1581 1142 1614 quum
1159 1567 1210 1602 ita
1231 1568 1311 1611 sint,
1335 1568 1484 1603 Latinos
1498 1570 1630 1612 Athos,
1651 1568 1724 1603 sive

189 1619 334 1661 Athus,
370 1617 477 1651 etiam
504 1623 671 1662 correpta
699 1616 811 1650 altera
842 1615 981 1662 syllaba
1008 1615 1262 1662 pronunciasse
1286 1616 1514 1652 statuendum
1539 1624 1574 1651 et
1595 1617 1724 1652 Athon

189 1664 345 1711 Virgilio
362 1664 632 1710 relinquendum
652 1664 728 1698 erit.
760 1665 818 1699 W
812 1662 856 1708 r.)

190 1754 331 1799 scunt,
374 1747 587 1787 ebulliunt.
628 1746 748 1799 freta
776 1752 927 1797 autem,

190 1813 240 1847 ut
269 1806 381 1846 vada
393 1837 404 1857 ,
446 1805 604 1859 poetice
627 1805 758 1859 simpl.
787 1818 928 1857 aquae,

190 1878 316 1905 mare.

250 1925 348 1966 328.
378 1922 591 1962 Interdum
618 1921 739 1960 etiam
759 1919 929 1960 fulmina

191 1989 234 2021 et
256 1981 443 2022 tonitrua
468 1995 562 2021 cum
590 1980 724 2020 ventis
756 1979 930 2033 pluviis-

191 2054 270 2093 que
290 2041 525 2079 miscentur.
565 2039 629 2078 Ita
645 2044 835 2091 acceptus
857 2037 932 2077 vix

190 2099 294 2140 bene
329 2099 444 2138 locus
483 2097 775 2152 reprehensus,
820 2101 931 2135 tam—

191 2171 314 2210 quam
333 2158 486 2198 alienus
509 2171 532 2195 a
550 2169 607 2196 re.
643 2169 808 2194 corusca
829 2155 932 2193 dex-

192 2225 270 2256 tra.
322 2217 475 2256 Notum
492 2215 599 2255 illud
615 2213 777 2253 Horatii
798 2214 930 2252 Carm.

191 2275 223 2325 I,
243 2278 284 2326 2,
302 2278 329 2317 2
347 2274 507 2314 rubente
526 2276 724 2313 Dextera.
772 2272 834 2311 Ex
854 2285 931 2310 an-

192 2334 306 2386 tiqua
333 2333 475 2372 tabula
506 2332 797 2371 adumbratum
833 2342 929 2381 esse,

191 2392 233 2431 in
254 2406 334 2444 qua
352 2391 532 2431 fulminis
547 2390 675 2430 rubor
692 2390 821 2443 ipsam
840 2403 931 2428 ma—

193 2464 293 2490 num
336 2449 594 2489 illuminabat
609 2478 620 2499 ,
678 2447 932 2487 coniectabat

193 2510 337 2561 Spenc.
357 2509 555 2561 Polymet.
573 2520 662 2560 pag.
683 2507 761 2557 553
787 2507 931 2545 saltem

191 2567 378 2620 picturae
416 2566 610 2605 idoneum
646 2571 931 2618 argumentum

192 2625 298 2665 illud
314 2626 434 2664 foret.
470 2624 639 2663 Manum
658 2630 807 2673 tamen,
829 2634 932 2674 quae

193 2689 306 2723 tenet
336 2683 518 2733 fulmen,
560 2682 610 2721 ab
644 2695 691 2720 eo
721 2681 932 2734 splendere

195 2755 243 2781 ae
274 2754 508 2791 coruscare,
547 2739 663 2778 facile
693 2740 814 2778 etiam
847 2739 932 2777 sine

194 2799 335 2840 tabula
365 2799 475 2854 picta
503 2798 739 2850 assequaris
799 2797 934 2836 Habet

195 2850 334 2899 tamen
347 2871 423 2897 nec
434 2857 567 2897 minus
583 2857 785 2896 rationem
804 2869 931 2905 suam,

197 2918 232 2957 si
251 2931 417 2956 corusca
424 2916 615 2968 fulmina
633 2914 786 2968 iungas.
834 2915 931 2956 329.

197 2976 332 3015 moliri
335 2975 504 3027 fulmen
516 2979 576 3013 est
587 2973 730 3025 iacere,
748 2972 931 3023 vibrare3

986 1759 1082 1785 nam
1096 1745 1147 1785 de
1163 1747 1274 1786 omni
1285 1753 1405 1787 motu
1422 1761 1470 1786 ae
1486 1752 1639 1786 conatu
1653 1751 1726 1786 aut

987 1818 1108 1858 opere
1128 1806 1275 1845 moliri.
1328 1808 1515 1845 maxima
1534 1814 1638 1844 terra
1665 1811 1726 1844 est

986 1877 1144 1916 magna,
1163 1868 1260 1918 γαῖα
1277 1859 1455 1919 πελώρη.
1487 1861 1584 1918 (quo
1601 1872 1724 1915 motu,

986 1920 1013 1960 i.
1034 1934 1066 1960 e.
1090 1923 1236 1974 quibus
1258 1928 1473 1962 commota.
1520 1921 1724 1973 Similiter,

986 1979 1110 2018 immo
1149 1980 1388 2020 insolentius
1402 2010 1413 2032 ,
1463 1981 1597 2034 Nepos
1638 1980 1725 2020 cat.

989 2052 1075 2091 cap.
1095 2041 1155 2080 2.:
1193 2040 1419 2090 „multas
1446 2053 1529 2079 res
1557 2052 1725 2079 novas

987 2096 1031 2135 in
1050 2096 1230 2136 edictum
1253 2097 1434 2149 addidit,
1466 2111 1563 2150 qua
1583 2110 1638 2137 re
1657 2097 1726 2136 lu-

987 2155 1110 2194 xuria
1120 2156 1454 2209 reprimeretur.“
1475 2158 1547 2197 W
1539 2154 1596 2210 r.)
1626 2158 1724 2198 330.

988 2213 1047 2251 De
1072 2213 1245 2253 hiberna
1270 2215 1448 2268 procella
1473 2214 1616 2254 similia
1638 2213 1725 2253 vid.

990 2272 1101 2325 apud
1119 2272 1282 2312 Hesiod.
1297 2270 1411 2328 ’Έργ.
1434 2273 1532 2317 511.
1551 2272 1636 2316 512
1648 2304 1659 2324 ,
1684 2277 1726 2311 et

990 2331 1250 2374 529—533.
1273 2331 1429 2384 fugere
1446 2345 1522 2384 pro
1541 2331 1725 2384 fugiunt;

988 2394 1038 2428 ut
1063 2389 1311 2443 saepissime,
1359 2403 1411 2429 ex
1438 2389 1611 2429 aoristo:
1648 2388 1726 2428 nisi

988 2447 1088 2487 velis
1115 2448 1297 2501 argutari
1325 2460 1377 2487 ex
1395 2447 1618 2488 vernaculo
1638 2459 1725 2486 ser-

988 2518 1119 2545 mone.
1181 2505 1285 2558 (Sed
1314 2505 1398 2545 vid.
1425 2505 1476 2554 Q.
1503 2505 1552 2545 V.
1573 2504 1658 2555 VII,
1685 2507 1724 2547 6.

993 2564 1065 2603 W
1057 2562 1114 2620 r.)
1166 2566 1263 2606 331.
1293 2563 1461 2602 humilis
1470 2578 1610 2615 pavor
1623 2575 1725 2617 poe-

987 2621 1072 2659 tica
1082 2627 1316 2671 venustate,
1334 2622 1485 2674 partim
1500 2621 1612 2674 quod
1625 2621 1725 2660 red-

992 2678 1053 2717 dit
1065 2679 1250 2730 humiles,
1273 2680 1437 2733 partim,
1459 2680 1571 2733 quod
1589 2682 1724 2718 timere

990 2738 1233 2790 pusillanimi
1257 2744 1299 2777 et
1319 2737 1482 2777 humilis
1511 2737 1634 2778 animi
1650 2742 1723 2777 est.

990 2798 1154 2847 stravit,
1188 2797 1355 2847 sternit,
1374 2810 1525 2850 pavor,
1557 2796 1723 2845 animos,

990 2850 1259 2909 καταπλήττει
1272 2885 1283 2905 ,
1342 2855 1526 2908 percellit
1542 2869 1553 2906 3
1612 2853 1724 2894 unde

990 2913 1112 2952 etiam
1130 2922 1377 2952 consternare
1397 2913 1579 2953 ductum.
1625 2913 1722 2954 332.

988 2971 1149 3012 Montes
1177 2971 1345 3011 fulmine
1381 2971 1496 3023 serit,
1547 2969 1723 3021 dicebas3
