1734 3320
165 185 270 236 464

496 184 551 236 P.
587 185 945 237 VIRGILII
989 186 1365 239 MARONIS

164 309 423 362 Versibus
443 310 693 362 incomtis
712 310 909 363 ludunt
926 313 1146 381 risuque
1169 313 1376 376 solut03
1446 371 1455 376 ,
1508 375 1511 377 .

167 381 389 449 Oraque
411 381 696 432 corticibus
717 392 939 433 sumunt
957 382 1234 434 horrenda
1258 383 1472 444 cavatis3

163 453 232 502 Et
254 460 332 515 te,
363 450 598 517 Bacche,
635 462 829 502 vocant
848 470 948 520 per
968 455 1201 504 carmina
1221 453 1381 519 laeta,
1418 423 1634 524 tibique

167 492 364 573 Oscilla
390 538 452 572 ex
475 521 576 571 alta
595 523 935 590 suspendunt
952 524 1136 574 mollia
1162 524 1307 592 pinU.

211 651 284 687 386
309 652 459 697 rituque
475 651 606 685 Moret.
625 663 695 685 sec.

165 757 261 810 quia
283 757 329 797 in
359 757 519 796 eosdem
554 763 595 796 et
625 757 722 797 vina
739 770 761 795 e
784 757 900 798 lacu-

164 816 241 856 bus
271 814 585 864 transfundere,
628 822 671 855 et
702 829 805 856 uvas
847 815 901 854 ad

164 874 349 914 torcular
371 873 588 926 deportare
607 887 695 913 mos
708 880 805 913 erat.
815 874 900 913 vid.

166 932 278 986 apud
295 933 406 971 Com.
427 931 477 969 de
503 931 650 984 Caylus
671 933 843 971 Recueil
858 932 900 970 d’

164 993 336 1043 Antiqu.
367 989 412 1028 T.
432 989 480 1039 V,
499 989 555 1043 pl.
576 989 646 1032 58.

223 1048 308 1091 385
319 1050 484 1090 ——389.
514 1047 711 1087 Liberalia
737 1047 902 1100 quidem

163 1108 317 1146 Romae
356 1119 494 1145 mense
532 1106 680 1145 Martio
720 1107 899 1145 celebra-

163 1165 331 1204 bantur.
391 1165 444 1203 Et
473 1163 575 1203 haec
593 1165 816 1217 respexisse
835 1165 902 1204 vi-

165 1223 254 1262 deri
273 1229 409 1277 potest
425 1229 545 1276 poeta
558 1253 568 1273 ‚
610 1223 643 1261 si
660 1236 700 1262 v.
720 1226 804 1266 390
826 1223 902 1262 ad—

164 1282 347 1322 verteris.
418 1281 499 1320 Sed
557 1282 705 1320 festum
753 1280 903 1320 Bacchi

165 1339 472 1380 celeberrimum
488 1339 734 1379 vindemiam
751 1341 903 1379 factam

165 1399 367 1452 excepisse
388 1398 565 1438 videtur.
624 1398 807 1448 Fiebant,
838 1398 902 1437 uti

163 1458 207 1498 in
235 1459 339 1496 sesto
366 1463 461 1510 post
486 1470 656 1495 messem
695 1456 903 1496 conditam

166 1515 268 1571 (vid.
300 1515 446 1555 Horat.
475 1515 600 1568 Epist.
632 1514 692 1564 H,
723 1518 759 1566 1,
785 1514 899 1570 140),

163 1588 236 1628 per
254 1588 377 1628 pagos
405 1574 535 1612 multa
565 1573 744 1612 ludicra:
774 1573 902 1627 pubes

163 1633 318 1673 rustica
335 1663 346 1682 ,
390 1638 607 1685 personata
641 1638 683 1671 et
719 1632 845 1672 larvis
880 1645 902 1671 e

164 1691 316 1731 cortice
330 1691 445 1730 factis
463 1704 533 1729 ora
543 1689 696 1729 habens
710 1690 900 1740 obducta,

162 1763 249 1789 non
275 1749 398 1789 modo
425 1749 596 1787 iaciebat
621 1748 731 1787 iocos
767 1755 808 1787 et
836 1748 902 1787 di-

165 1807 291 1848 cteria
321 1808 365 1846 in
404 1813 733 1859 praetereuntes3
780 1820 901 1858 quam

163 1866 392 1906 vindemiae
432 1865 634 1904 licentiam
683 1864 819 1904 adhuc
856 1865 902 1904 in

164 1924 281 1963 Italia
308 1924 444 1976 vigere
471 1923 714 1973 observant,
750 1923 820 1975 qui
850 1936 902 1962 ex

165 1983 246 2022 oris
267 1982 345 2021 illis
368 1981 420 2020 ad
439 1996 513 2020 nos
535 1981 728 2032 veniunt3
770 1987 811 2020 et
828 1995 902 2020 sua

165 2047 299 2079 aetate
338 2039 542 2079 Ausonius
570 2046 716 2078 narrat
737 2039 780 2078 in
808 2039 901 2078 Mo·-

164 2099 260 2138 sella
292 2100 371 2141 161
397 2100 579 2149 -1683
609 2111 752 2138 verum
779 2098 902 2137 etiam

163 2156 343 2197 versibus
387 2158 572 2194 incomtc's
588 2186 598 2204 ‚
651 2154 667 2210 (
679 2157 896 2207 Satzmziis,

165 2216 222 2254 ait
256 2217 420 2254 Santen.
463 2214 517 2253 ad
554 2214 783 2253 Terentian.
812 2229 900 2267 pag.

167 2276 265 2316 181.
301 2270 430 2326 Wr.)
473 2286 524 2311 ex
551 2279 737 2325 tempore
767 2273 902 2312 effusis

166 2330 457 2386 (Improvisare
475 2344 586 2370 nunc
606 2331 812 2385 appellant
822 2330 904 2370 hoc

164 2390 273 2429 idem
291 2387 422 2442 Itali);
454 2395 495 2427 et
523 2388 626 2428 haec
651 2395 710 2428 est
728 2389 903 2435 Fescen-

163 2449 261 2487 nina
277 2447 439 2486 licentia
461 2447 571 2499 apud
589 2448 734 2487 Horat.
754 2448 787 2487 11
805 2449 902 2501 Epp.

163 2507 194 2557 Ι,
219 2505 301 2548 145
314 2520 324 2556 3
363 2505 562 2544 canebant
582 2520 707 2559 porro
728 2505 902 2559 hymnos

163 2564 206 2603 in
236 2562 385 2602 Bacchi
421 2562 641 2614 honorem,
680 2570 721 2603 et
746 2565 900 2614 oscilla,

166 2618 319 2676 αἰώρας
337 2620 606 2675 (cf.Valcken.
627 2622 680 2661 ad
696 2624 728 2661 T
730 2621 901 2661 heocrit.

163 2695 203 2735 p.
226 2678 354 2734 246),
396 2678 437 2718 11.
469 2680 604 2719 larvas
631 2694 652 2719 e
684 2680 901 2719 corticibus

165 2740 312 2788 factas,
344 2738 480 2789 quales
501 2739 723 2777 etiamnum
743 2738 785 2776 in
810 2752 901 2776 mo-

164 2796 371 2837 numentis
394 2803 638 2846 occurrunt,
672 2809 723 2834 ex
740 2795 902 2834 arbori-

164 2856 241 2896 bus
262 2854 580 2908 suspendebant:
612 2868 657 2892 ea
681 2853 767 2892 11.1.
795 2855 902 2891 mol-

166 2915 250 2963 lia,
283 2912 324 2952 h.
350 2912 536 2963 mobilia,
566 2911 755 2965 pendula.
796 2913 903 2950 Sunt

165 2982 343 3025 gemmae
363 2969 466 3010 haec
487 2971 631 3010 oscilla
661 2970 902 3009 referentes:-

791 652 862 687 388
886 654 937 685 Et
951 659 988 685 te
1007 652 1151 685 Bacche
1170 661 1312 686 canunt
1332 665 1354 687 a
1373 653 1486 688 cerda
1503 652 1648 687 editum.

958 771 1083 797 unam
1114 756 1301 796 exhibuit
1341 758 1536 811 Spencius
1566 759 1696 811 Poly-

958 824 1050 855 met.
1071 816 1128 855 Pl.
1164 816 1260 866 XX,
1287 814 1352 868 fig.
1372 819 1413 869 2,
1442 816 1580 870 plures
1599 831 1693 864 v.c.

957 873 1173 928 Lippertus
1192 874 1236 913 in
1253 872 1512 927 Dactylioth.-
1530 875 1581 914 cf.
1601 877 1696 914 Pit-

960 940 1044 970 tare
1061 932 1109 970 d'
1130 932 1266 971 Ercol.
1292 932 1337 972 T.
1356 933 1422 987 IV,
1434 932 1553 987 p.14.
1584 933 1697 973 Idem

959 990 1243 1042 elegantissimi
1270 989 1418 1043 ingenii
1446 991 1533 1042 vir,
1565 993 1696 1046 Spen-

960 1049 1066 1099 cius,
1102 1049 1301 1101 originem
1313 1055 1355 1088 et
1374 1054 1556 1089 caussam
1575 1049 1696 1090 huius

958 1107 1064 1145 ritus
1083 1107 1126 1146 in
1146 1121 1192 1146 eo
1213 1107 1463 1160 reperiebat,
1495 1108 1609 1161 quod
1629 1122 1696 1148 eos

959 1164 1108 1204 Bacchi
1151 1165 1293 1205 vultus
1341 1180 1539 1219 appensos
1573 1173 1695 1206 vento

957 1223 1110 1276 impelli
1130 1237 1434 1276 quaquaversus
1452 1231 1494 1264 et
1512 1225 1697 1265 converti

957 1282 1152 1321 volebant
1173 1282 1379 1335 agricolae,
1401 1284 1603 1337 quoniam,
1616 1298 1697 1337 qua

957 1340 1025 1379 ille
1074 1340 1173 1379 deus
1224 1341 1367 1380 faciem
1417 1348 1695 1393 converterat,

958 1412 1116 1437 summa
1133 1398 1218 1451 agri
1236 1399 1401 1438 ubertas
1421 1403 1533 1453 sequi
1554 1401 1696 1440 crede-

957 1457 1096 1496 batur.
1138 1457 1244 1496 conf.
1270 1471 1330 1497 vs·
1360 1461 1458 1500 392.
1525 1458 1696 1499 Acutius

959 1514 1061 1554 haec
1113 1515 1361 1566 coniectata,
1421 1530 1543 1568 quam
1585 1518 1697 1570 quod

960 1573 1124 1613 Servius
1150 1572 1276 1613 habet
1304 1573 1358 1613 ad
1384 1573 1486 1614 Aen.
1512 1576 1575 1626 VI,
1598 1576 1695 1627 741,

960 1632 1030 1685 qui
1068 1632 1122 1670 ad
1158 1633 1443 1685 purgationem
1479 1640 1602 1674 vento
1629 1635 1697 1674 vel

961 1703 1052 1729 aere
1084 1690 1173 1729 fieri
1204 1691 1403 1730 creditam
1429 1691 1529 1732 haec
1556 1693 1696 1733 refert.

958 1749 1072 1788 Inter
1101 1750 1276 1788 amuleta
1313 1748 1454 1789 habita
1493 1765 1575 1790 esse
1606 1764 1696 1790 cre-

961 1806 1067 1845 dunt
1089 1807 1172 1846 alii:
1211 1807 1322 1859 quod
1345 1809 1487 1847 saltem
1515 1809 1565 1848 de
1594 1809 1697 1849 hor—

958 1865 1096 1904 rendis
1113 1865 1238 1904 larvis
1262 1865 1362 1904 mihi
1390 1868 1600 1920 probabile
1628 1868 1698 1920 fit;

958 1923 1002 1962 in
1028 1923 1232 1962 Bacchicis
1258 1922 1372 1963 haud
1401 1939 1546 1978 aeque:
1577 1926 1609 1965 si
1629 1928 1697 1966 in-

958 1982 1138 2035 spexeris
1197 1981 1425 2035 anaglypha
1474 1983 1695 2037 Bacchica;
1727 1995 1729 1997 ’

959 2046 1057 2079 sunt
1075 2040 1239 2092 pulcra,
1270 2040 1426 2081 hilaria.
1485 2042 1616 2082 Multa
1633 2043 1697 2084 his

961 2098 1011 2136 de
1047 2099 1169 2138 rebus
1208 2112 1301 2138 cum
1330 2099 1380 2138 ab
1415 2100 1501 2140 aliis
1526 2107 1618 2141 tum
1645 2103 1696 2142 ab

961 2157 1199 2196 Casaubono
1252 2157 1302 2196 de
1352 2159 1486 2197 Satira
1540 2160 1696 2200 tradita

960 2221 1069 2266 sunt,
1100 2216 1231 2254 multa
1249 2217 1478 2256 accuratius
1497 2223 1538 2256 et
1555 2219 1696 2258 utilius

959 2273 1072 2312 tradi
1095 2280 1273 2327 possent.
1312 2274 1362 2314 cf.
1390 2275 1535 2315 Horat.
1570 2277 1695 2330 Epist.
1732 2319 1734 2321 ,

960 2332 1008 2382 Π,
1033 2335 1069 2382 1,
1090 2332 1184 2375 145.
1229 2333 1375 2372 Tibull.
1394 2334 1423 2384 1,
1437 2336 1476 2383 7,
1490 2334 1694 2378 35—40.
1730 2372 1734 2375 .

961 2390 1016 2440 ΙΙ,
1041 2393 1060 2431 1
1077 2421 1088 2440 ,
1126 2391 1180 2433 55
1210 2404 1267 2442 sq.
1334 2391 1392 2429 De
1415 2393 1565 2431 oscillis
1583 2394 1696 2433 inani
1727 2415 1734 2445 '.

963 2462 1087 2501 opera
1106 2449 1171 2487 alii
1186 2455 1281 2500 post
1301 2450 1487 2489 Servium
1506 2451 1693 2503 plurima,
1732 2454 1734 2457 ’

962 2513 1004 2545 et
1026 2505 1068 2545 11.
1089 2506 1114 2545 l.
1145 2506 1287 2546 Cerda.
1355 2507 1541 2560 Inprimis
1580 2524 1695 2549 com-
1723 2527 1726 2530 ·

960 2571 1145 2603 mentum
1178 2565 1261 2603 fuit
1290 2565 1479 2616 vulgare,
1524 2581 1604 2618 quo
1644 2569 1693 2608 ab
1730 2577 1734 2621 ‘j

960 2623 1150 2674 Erigones
1197 2623 1414 2674 suspendio
1463 2626 1694 2666 oscillorum
1728 2663 1730 2667 .

959 2694 1057 2719 usus
1093 2686 1368 2732 repeteretur,
1425 2683 1509 2723 vid.
1546 2684 1692 2737 Hygin.

959 2739 985 2777 s.
1011 2741 1092 2780 130
1114 2744 1154 2776 et
1183 2738 1237 2777 ibi
1265 2738 1430 2780 Munck.
1489 2743 1535 2781 In
1559 2743 1694 2782 verbis
1721 2734 1734 2791 1³

959 2795 1136 2834 Ausonii
1149 2826 1160 2845 ,
1219 2798 1341 2835 Trous
1388 2812 1491 2850 gens·
1535 2803 1688 2851 mci-,ssa
1722 2785 1734 2837 'i

959 2853 1097 2906 paullo
1123 2854 1313 2893 licentius
1340 2869 1380 2894 se
1408 2857 1534 2897 iactat
1558 2866 1692 2925 poeta.
1719 2866 1734 2906 ᾗ

960 2911 1148 2962 Ausonii,
1191 2913 1282 2951 Itali
1310 2912 1407 2953 11.1.
1444 2922 1558 2967 sunt,
1599 2931 1692 2956 cum

958 2970 1124 3023 proprie
1144 2976 1308 3011 tantum
1323 2971 1501 3025 Latini,
1490 2988 1612 3027 inque
1629 2974 1693 3015 his

1715 2905 1734 3103 Ξ

1706 3106 1734 3320 3
