1768 3320
315 209 531 261 ΤΟΜΙ
566 208 657 261 ΙΠ.
693 209 903 261 ΕΒῙΤ.
942 207 1256 260 PRIMAE
1454 228 1569 263 mx

127 376 131 382 .
182 362 187 367 ⁴
215 361 223 382 ·
254 353 311 389 ·e
362 337 627 402 tenuerit,
696 336 752 387 in
813 336 1050 404 patrium
1108 352 1429 388 sermonem
1478 350 1569 391 aut

12 416 20 457 s
66 435 82 446 κ
113 406 310 460 ·ferre
332 407 430 460 ista
462 417 555 460 aut
582 407 777 458 imitari
812 416 867 458 et
896 405 1157 458 aemulari
1190 416 1340 458 recte
1372 418 1568 476 potest.

82 503 148 525 mr
185 478 512 531 brevitatem
534 479 875 548 propositam
898 476 1081 543 habui,
1113 487 1380 547 quantum
1406 478 1569 535 licuit.

8 547 70 588 3⁸-
130 555 294 603 molit-i
318 555 505 618 inepte,
542 567 657 601 non
690 550 873 600 minus
900 548 1069 609 debet
1090 547 1320 600 infixum
1347 567 1464 602 esse
1486 552 1570 603 in-

5 672 28 679 ,
55 646 76 669 ,ε
116 618 269 674 retis
311 622 524 686 animo,
580 637 746 691 quam
792 629 1004 688 poetae.
1087 621 1343 688 Inprimis
1384 631 1570 674 autem

11 755 14 758 ‚
12 698 58 738 5
89 690 151 745 =d
179 708 410 744 aureum
437 691 595 744 Plinii
634 691 840 743 dictum
872 693 1143 743 memoria
1171 692 1420 745 excidere
1453 711 1570 745 non

69 790 71 793 .
95 788 103 809 .-
124 787 128 809 -.
152 786 161 810 ι
239 780 388 828 sum,
425 763 620 846 quod
606 780 662 814 ιιι
692 762 907 814 bonum
931 763 1292 831 interpretem
1319 781 1435 815 non
1464 767 1571 817 mi-

3 832 78 904 ζμ
98 859 110 879 s
130 876 147 902 ,
182 852 351 904 quam
380 835 437 887 in
469 835 647 887 virum
681 833 1058 885 verecundum
1087 832 1338 886 cadit2u1
1359 841 1484 888 nihil
1500 842 1574 888 ad

22 904 36 966 ’ῗ
77 947 119 971 ,4
169 911 406 969 atinum,
458 911 625 958 οηυιὶα
655 910 730 957 ad
768 909 1112 957 conscientiam
1147 909 1420 973 referrem,-
1463 907 1572 959 hoc

19 991 86 1040 ·2-·;
104 1018 125 1044 ,
158 985 223 1030 ut
243 997 339 1029 non
357 981 480 1029 milei
496 986 656 1028 notas
681 977 1055 1044 appingerem‚
1091 981 1184 1028 sed
1205 981 1404 1045 legenti.
1475 982 1572 1031 Et—

6 1031 56 1065 *
85 1046 377 1101 fatendum
411 1057 519 1115 est,
548 1048 631 1099 vix
660 1046 837 1099 ullum
874 1046 1020 1098 aliud
1050 1047 1293 1099 studium
1326 1058 1438 1100 tam
1474 1068 1571 1133 pa-

179 1119 250 1171 ad
280 1129 492 1172 certum
526 1118 815 1171 consilium
853 1135 914 1169 ac
946 1118 1120 1170 finem
1152 1122 1503 1188 attemperari
1543 1141 1571 1174 a

0 1184 50 1252 fs
78 1191 322 1276 erisque,
359 1200 415 1243 et
442 1208 672 1260 operam
709 1189 1059 1243 edendorum
1093 1190 1571 1244 illustrandorum—

98 1279 129 1315 e
154 1263 484 1332 scriptorum
510 1261 842 1345 plerumque
876 1261 1018 1313 adeo
1049 1262 1312 1313 incertam
1342 1272 1398 1314 et
1426 1263 1572 1316 male

0 1333 480 1417 ,circumscriptam
527 1334 729 1400 vagari,
783 1341 846 1383 ut
891 1333 1022 1401 quid
1065 1333 1165 1384 sibi
1204 1334 1572 1403 sequendum,

10 1395 154 1489 qnid
182 1404 553 1457 omittendum
589 1413 751 1468 esset,
802 1404 1060 1455 omnibns
1099 1404 1210 1455 aliis
1236 1406 1407 1472 magis
1440 1424 1574 1457 con-

6 1473 211 1541 titisse
230 1476 413 1528 videas
435 1493 600 1545 quam
624 1474 941 1528 editoribus,
986 1475 1159 1542 Digna
1183 1492 1271 1526 res
1297 1486 1392 1543 est,
1432 1495 1574 1546 quae

0 1544 125 1602 fiio
147 1547 273 1599 loco
293 1547 614 1611 accuratim,
652 1545 796 1597 forte
821 1547 983 1598 etiam
1011 1548 1398 1615 opportunius,
1430 1566 1458 1599 a
1480 1566 1574 1601 me

8 1628 348 1694 txponatun
385 1635 533 1670 nunc
565 1617 633 1669 ad
655 1617 754 1668 alia
779 1617 1201 1685 procedendum
1231 1627 1324 1672 est.

8 1677 39 1738 ΓΞ·
160 1690 352 1743 Μοιιιιί
375 1688 523 1740 forte
544 1689 824 1740 interdum
847 1687 1127 1753 nonnulla,
1166 1706 1308 1759 quae
1333 1698 1458 1741 ante
1479 1707 1573 1742 me

6 1759 90 1815 nb
117 1760 255 1826 aliis,
294 1761 458 1812 etiam
484 1778 581 1830 per
616 1760 721 1811 hos
749 1777 948 1824 annos,
994 1777 1135 1843 quos
1164 1762 1219 1811 in
1244 1760 1503 1828 Virgilio
1489 1778 1575 1812 m-

13 1831 376 1902 terpretando
409 1849 511 1901 per
541 1831 819 1883 intervalla
857 1831 1162 1895 consumsi‚
1199 1833 1308 1883 iam
1341 1849 1574 1901 occupa-

109 1902 293 1967 fuere3
357 1904 515 1955 omisi
557 1901 702 1955 forte
737 1902 859 1968 alia,
929 1920 1069 1972 quae
1102 1902 1169 1954 ab
1217 1902 1329 1955 aliis
1359 1905 1575 1970 egregie

141 1984 277 2027 trata
298 1983 438 2028 sunt.
473 1978 588 2027 Nec
618 1974 840 2040 dubito,
875 1974 1048 2026 multa
1069 1984 1393 2026 ornamenta
1415 1992 1575 2027 meae

18 2031 226 2116 Spei-ae
261 2045 393 2098 inde
434 2046 695 2098 accedere
725 2046 993 2114 potuisse,
1045 2046 1088 2097 si
1114 2046 1292 2097 varios
1327 2047 1575 2098 virorum

18 2114 318 2186 doctorum
334 2117 498 2168 critici
515 2118 821 2185 argumenti
837 2116 1051 2169 libellos
1071 2116 1325 2169 evolvere
1346 2134 1406 2168 ac
1422 2134 1577 2169 com-

0 2200 220 2273 parare
244 2189 562 2259 potuissem.
638 2188 749 2240 Sed
780 2189 1050 2254 animum,
1095 2189 1250 2239 variis
1285 2188 1425 2239 curis
1467 2190 1575 2240 iam

24 2259 99 2317 dc
126 2261 249 2312 satis
276 2260 605 2325 districtum,
639 2277 787 2311 novo
826 2269 881 2311 et
903 2259 1143 2311 molesto
1168 2259 1350 2311 studio
1378 2276 1577 2311 onera—

23 2343 87 2386 ve
108 2349 170 2384 ac
205 2331 518 2401 deprimere
540 2349 737 2400 parum
775 2331 1087 2383 consultum
1120 2340 1259 2394 erat;
1300 2340 1419 2382 tum
1441 2347 1576 2382 vero

14 2398 134 2462 inm
176 2413 302 2455 ante
333 2402 614 2471 professus
654 2420 803 2467 sum,
863 2402 1031 2471 idque
1065 2402 1370 2454 etiamnum
1399 2401 1576 2470 profi-

25 2481 173 2541 teor,
216 2474 424 2526 habere
464 2491 558 2525 me
602 2473 711 2525 hoc
754 2475 808 2525 in
850 2475 1018 2539 votis,
1065 2483 1127 2525 ut
1165 2473 1234 2524 ad
1272 2473 1577 2524 editionem

25 2515 173 2597 hanc
208 2546 364 2597 novis
407 2546 546 2597 curis
588 2545 996 2596 emendandam
1035 2563 1095 2596 ac
1132 2543 1577 2612 locupletandam

29 2614 313 2680 eonferant
344 2634 466 2668 suas
484 2633 636 2699 ‘opes
670 2626 725 2667 et
755 2617 935 2684 copias
971 2616 1069 2666 viri
1102 2616 1248 2667 docti
1273 2624 1328 2666 et
1355 2614 1577 2683 publice

26 2697 366 2755 proponant,
406 2688 499 2757 qui
525 2689 582 2738 in
613 2697 777 2755 poeta
806 2687 1221 2754 interpretando
1247 2704 1310 2737 ea
1336 2695 1576 2739 utentur.

0 2757 106 2819 ‚Ita
130 2758 359 2810 demum
390 2759 656 2827 expectari
678 2767 886 2826 potest,
923 2767 985 2808 ut
1014 2775 1265 2809 summus
1298 2766 1461 2825 poeta
1495 2756 1577 2806 di-

0 2842 190 2895 gnam
218 2846 277 2881 se
298 2831 638 2881 nanciscatur
661 2830 1185 2899 interpretationem.
1261 2830 1401 2879 Sunt
1430 2828 1578 2878 enim

27 2898 85 2950 in
112 2898 223 2950 hoc
252 2917 456 2967 genere
488 2902 802 2965 innumera,
847 2901 903 2950 in
946 2918 1087 2968 quae
1137 2899 1341 2950 incidas
1379 2898 1575 2967 potiu5‚

29 2985 195 3037 quam
226 2980 285 3021 ut
320 2989 382 3023 ea
413 2970 737 3023 meditando
770 2970 1058 3034 extunda5‚
1096 2987 1200 3021 nec
1227 2971 1388 3021 unius
1420 2967 1575 3019 facile

97 3054 634 3107 me.T01u.1.=
1254 3051 1291 3101 d
