1768 3320
195 204 264 251 76

512 199 567 249 Ρ.
622 197 981 248 VIRGILII
1028 191 1399 243 MARONIS

195 325 449 391 Pauperis
467 332 520 374 et
535 323 711 388 tuguri
730 329 1042 386 congestum
1062 317 1259 383 cespite
1279 316 1510 381 culmen,

193 398 324 445 Post
340 393 556 462 aliquot,
587 410 708 443 mea
725 407 886 456 regna
903 388 1104 450 videm,
1136 386 1377 436 mirabor
1394 387 1604 437 aristas?
1640 391 1709 439 70

194 465 377 531 Inpius
393 463 525 514 haec
542 472 650 512 tam
669 462 803 511 culta
821 458 1024 510 novalia
1039 456 1195 506 miles
1212 455 1464 507 habebit?
1537 511 1540 513 ,

194 534 454 585 Barbarus
471 533 564 582 has
581 536 818 597 segetes?
855 547 945 594 en,
982 543 1091 595 quo
1112 526 1376 577 discordia
1395 527 1518 578 civis

266 622 346 669 69.
383 616 590 665 TUGURI

242 712 288 747 69
316 710 456 757 tugurI
471 721 501 742 v.
521 708 611 742 Pier.

195 759 295 798 tulit3
321 757 384 790 sed
394 755 510 789 nescio
530 767 570 788 an
585 753 652 788 vim
670 766 709 787 ac
726 753 882 798 vigorem
899 752 1052 786 orationi
1071 764 1137 785 una
1155 749 1361 784 detraxerit.
1379 749 1473 794 Wr.)

707 707 764 752 (71
790 704 928 740 Iahnius
950 704 1008 739 hic
1027 711 1062 738 et
1074 717 1125 750 sq.
1135 716 1185 738 vs.
1197 701 1486 748 interrogationis
1496 708 1616 737 notam
1629 714 1709 735 sus-

1530 750 1577 785 72
1598 749 1708 783 Hadr.

195 805 347 840 Wallius
370 803 463 848 apud
478 801 596 836 Heius.
620 800 876 845 distinguebat:
910 799 1208 847 Inpius—miles
1234 796 1380 832 habebit
1395 796 1610 831 Barbarus?
1641 794 1710 830 lias

196 851 363 899 segetes?
398 856 437 883 ut
473 856 509 883 et
535 855 611 882 erat
642 848 679 881 in
706 848 784 882 cod.
818 848 941 880 Franc.

195 936 267 974 Est
284 940 416 973 autem
436 939 506 971 aut
519 931 722 981 mirantis,
763 936 834 968 aut
858 930 918 968 ir-

194 992 364 1033 ridentis
402 989 516 1045 (haee
544 989 704 1042 quidem
726 986 916 1042 notiora),

196 1057 268 1090 aut
309 1048 565 1102 increpantis.
644 1046 918 1099 Increpantis:

195 1108 292 1147 Aen.
307 1108 380 1157 IV,
410 1105 526 1150 534.:
557 1106 652 1155 „En
674 1105 770 1156 quid
792 1105 917 1156 ago!“

201 1168 301 1207 lVie
313 1180 407 1214 nun,
442 1179 528 1202 was
543 1163 709 1214 beginne
726 1163 790 1201 iclz
807 1177 889 1200 nun
901 1162 917 1198 Ι

195 1225 256 1264 Ε11
281 1223 366 1274 age!
402 1237 485 1260 nun
501 1221 600 1274 auf!
649 1221 719 1259 Ge.
745 1220 817 1269 ΙΙΙ,
849 1218 917 1261 42.

195 1283 263 1320 Sil.
280 1281 367 1319 Ital.
390 1280 461 1330 HI,
496 1282 588 1321 179.
648 1280 708 1317 En
733 1278 916 1317 tandem!

195 1341 307 1378 Curt.
327 1339 378 1387 X,
407 1341 447 1379 2.
468 1343 509 1375 et
524 1337 567 1375 in
584 1336 916 1389 interrogatione:

192 1398 322 1436 Varro
341 1395 390 1434 de
406 1396 453 1433 R.
472 1395 521 1433 R.
547 1395 583 1444 I,
623 1399 681 1437 2.:
720 1409 824 1445 „en‚
862 1394 919 1432 ibi

192 1462 240 1494 tu
259 1455 470 1507 quicquam
485 1453 594 1491 nasci
611 1454 783 1506 putas'?“
819 1454 920 1492 IsVie

193 1528 294 1562 nun,
323 1514 463 1550 meinst
477 1511 532 1548 clu
565 1517 639 1550 etc.
675 1512 806 1550 Plaut.
831 1510 920 1548 Me·-

192 1570 372 1610 naechm.
400 1569 448 1619 V,
485 1569 524 1618 5,
563 1570 650 1612 25.:
688 1569 785 1619 „Die
810 1568 919 1619 mihi,

194 1643 243 1666 en
272 1641 464 1679 umquam
498 1626 573 1665 tibi
602 1628 794 1666 intestina
830 1640 920 1665 cre-

194 1687 356 1738 pant'?“
385 1685 491 1736 Virg.
510 1684 591 1723 Ecl.
612 1685 711 1734 VIII,
743 1688 801 1727 7.:
831 1685 920 1735 „En

195 1744 273 1783 erit
294 1756 486 1794 umquam
519 1742 584 1780 ille
610 1743 691 1781 dies
707 1744 760 1782 ’.Ν
806 1744 881 1780 wie
899 1743 920 1781 P

194 1802 273 1840 soll
286 1801 351 1838 ich
369 1803 432 1838 nie
447 1806 521 1839 etc.
551 1801 656 1839 Hinc
670 1800 919 1852 intelligitur,

197 1873 269 1898 cur
287 1873 334 1896 en
348 1864 555 1910 repetatur
573 1865 612 1897 et
628 1859 708 1898 hoc
723 1859 810 1911 ipso
829 1859 918 1896 loco

196 1924 237 1955 et
256 1916 336 1954 Ecl.
353 1916 453 1955 VIII.
480 1916 548 1954 l.l.
589 1918 661 1968 Sp.
688 1939 746 1946 —-
802 1915 919 1954 Adde

196 1975 293 2014 Aen.
310 1974 383 2023 Vl,
415 1972 529 2015 346:
559 2004 582 2024 „
595 1975 673 2025 En,
703 1974 804 2013 haec
819 1989 920 2028 pro-

196 2032 313 2071 missa
331 2031 429 2070 fides
456 2032 575 2070 est'?“
612 2039 651 2071 et
678 2033 823 2084 absque
852 2033 919 2070 in-

196 2090 481 2141 terrogatione:
527 2089 616 2140 VII,
658 2089 772 2133 452:
823 2091 920 2141 „En

197 2163 268 2201 ego
292 2148 399 2186 victa
426 2148 516 2186 situ.
530 2150 554 2169 “
611 2149 692 2188 Ecl.
717 2149 791 2198 VI,
834 2152 918 2190 69.:

198 2238 222 2257 „
241 2220 290 2244 en
317 2205 458 2257 accipe.
478 2208 501 2227 “
559 2206 735 2258 Denique
757 2207 808 2245 ad
832 2220 918 2245 rem

196 2270 444 2318 praesentem
461 2264 652 2302 refertur:
673 2265 753 2303 Ecl.
763 2265 810 2315 V,
832 2266 919 2307 65.:

197 2336 278 2373 „en
313 2327 506 2372 quattuor
534 2336 642 2372 aras,
688 2323 788 2360 Ecce
822 2322 921 2361 duas

196 2381 288 2430 tibi,
319 2378 476 2431 Daphni
486 2381 509 2400 “
528 2386 601 2418 etc.
639 2379 736 2419 Aen.
758 2381 785 2430 Ι,
804 2379 921 2422 461.;

198 2439 291 2488 „En
311 2437 532 2475 Priamus.“
571 2437 644 2486 III,
675 2438 784 2480 155.:
816 2444 921 2487 „tua

197 2510 271 2534 nos
296 2509 346 2533 en
371 2495 481 2532 ultro
512 2494 563 2532 ad
585 2495 722 2534 limina
748 2496 886 2535 mittit.
896 2499 920 2518 “

203 2551 320 2607 lVr.)
381 2552 507 2603 Vulgo
543 2554 687 2590 aristas
723 2553 771 2591 de
807 2554 921 2592 annis

197 2610 344 2663 exponi
362 2616 505 2648 notum
524 2616 594 2648 est.
641 2611 686 2648 In
703 2610 814 2650 hunc
829 2626 921 2650 sen-

197 2683 286 2708 sum
300 2668 380 2706 iam
390 2667 630 2706 Claudianus
647 2669 839 2720 accepisse
855 2670 920 2707 vi—

197 2727 314 2765 detur
327 2755 338 2775 ,
370 2725 438 2777 qui
465 2725 517 2762 IV
534 2725 647 2763 Cons.
663 2726 817 2765 Honor.
838 2730 919 2768 372

196 2785 373 2822 decimas
413 2797 591 2821 emensus
626 2785 770 2820 aristas
804 2784 919 2822 dixit.

197 2842 290 2881 Huc
326 2841 447 2879 etiam
472 2839 640 2889 Rhiani,
686 2837 850 2893 χείματά
880 2857 921 2882 τε

197 2895 321 2947 ποιάς
343 2914 384 2940 τε
412 2895 497 2939 δύω
524 2897 593 2937 καὶ
618 2897 744 2938 εἴκοσι
774 2896 919 2949 πάσας,

198 2956 386 2997 advocari
421 2961 611 3010 possunt,
660 2968 721 3008 ap.
756 2956 920 2995 Pausan.

975 929 1030 968 IV
1048 959 1059 979 ‚
1109 931 1161 970 17
1198 935 1301 968 extr.
1369 927 1584 966 Enimvero
1618 941 1709 965 mea

974 1001 1102 1038 regna
1115 986 1383 1026 subiiciuntur
1396 987 1546 1038 patriis
1550 984 1709 1034 finibus·

974 1059 1014 1084 v.
1033 1047 1086 1086 68
1098 1074 1108 1094 ,
1141 1058 1188 1082 ac
1206 1047 1367 1097 tugurio
1393 1058 1432 1083 v.
1450 1046 1527 1092 69,
1559 1049 1600 1082 et
1619 1056 1709 1081 eos-

976 1102 1068 1141 dem
1088 1116 1202 1154 agros
1226 1109 1267 1141 et
1284 1102 1551 1155 possessiones
1575 1101 1710 1139 miseri

954 1161 1158 1200 ·Meliboei
1187 1161 1405 1210 denotant3
1443 1159 1544 1198 haec
1572 1160 1709 1211 itaque

975 1219 1116 1258 videns
1137 1228 1254 1271 post,
1296 1218 1469 1272 posthac
1495 1215 1565 1272 (ex
1591 1231 1630 1257 v.
1653 1219 1708 1259 68

976 1277 1096 1329 longo
1109 1285 1204 1328 post
1227 1275 1436 1331 tempore),
1475 1276 1517 1315 h.
1545 1275 1708 1327 quando

976 1348 1043 1374 eos
1078 1335 1295 1387 aliquando
1320 1335 1468 1374 iterum
1505 1333 1709 1386 adspicere

975 1393 1075 1431 mihi
1091 1394 1311 1446 continget,
1329 1407 1446 1431 rarae
1465 1394 1507 1430 in
1522 1392 1604 1429 illis
1623 1393 1709 1430 arb-

976 1459 1061 1489 stae
1078 1452 1232 1503 aliquot
1258 1451 1384 1490 oculis·
1407 1450 1636 1489 occurrent?
1664 1450 1710 1488 Ιιιῖ

977 1518 1062 1548 tam
1082 1510 1181 1547 culti
1207 1512 1302 1562 agri
1327 1507 1509 1563 (novalia
1538 1507 1643 1546 dixit
1667 1521 1706 1546 v.

977 1570 1029 1609 71
1060 1568 1224 1606 omnino
1250 1582 1326 1620 pro
1355 1567 1456 1619 agris
1481 1563 1705 1619 quibusvis)

970 1640 1051 1677 per
1063 1640 1185 1664 novos
1194 1641 1286 1664 suos
1302 1626 1460 1664 colonos
1479 1624 1623 1662 irwulti
1636 1639 1708 1661 ne-

974 1683 1175 1736 glectique
1208 1683 1422 1721 iacebunt?
1465 1688 1514 1721 ut
1542 1682 1612 1720 Ge.
1641 1681 1707 1731 ΙΙΙ,

978 1740 1062 1783 476
1093 1743 1218 1780 Nunc
1235 1756 1390 1795 quoque
1403 1748 1499 1792 post
1515 1747 1625 1777 tanto
1643 1741 1708 1778 νί-

977 1799 1071 1837 deat
1088 1800 1318 1852 desertaque
1333 1813 1461 1851 regna
1479 1799 1707 1837 Pastorum.

979 1855 1202 1911 (Simfflima
1226 1857 1324 1896 huie
1344 1862 1553 1895 structura
1572 1856 1642 1894 Ge.
1660 1855 1707 1905 H,

976 1916 1061 1958 259
1078 1919 1268 1958 —261.:
1315 1916 1440 1953 mullo
1467 1922 1559 1952 ante
1588 1936 1644 1943 -
1672 1922 1709 1951 et

975 1995 1033 2002 —-
1060 1982 1152 2012 ante
1163 1989 1177 2022 ,·
1229 1987 1348 2026 quem
1372 1974 1508 2012 locum
1534 1971 1708 2009 afferunt

976 2031 1089 2070 Voss.
1110 2031 1265 2083 aliique.
1310 2033 1380 2072 W·
1373 2047 1404 2070 r.
1432 2053 1491 2060 —
1547 2030 1599 2068 Et
1617 2037 1709 2080 post

976 2103 1051 2141 pro
1077 2098 1218 2141 postea
1250 2084 1432 2128 ‘absolute
1467 2088 1587 2126 etiam
1614 2093 1707 2125 ante.

977 2149 1192 2189 accusativ.
1222 2147 1320 2187 Aen.
1341 2148 1389 2197 H,
1419 2149 1518 2189 216.
1543 2152 1584 2184 et
1600 2145 1706 2184 alias.

978 2206 1072 2261 Sp.)
1132 2207 1179 2246 In
1207 2205 1463 2258 sequentibus
1493 2210 1612 2256 poeta
1647 2203 1709 2241 sui

977 2264 1247 2304 obliviscitur:
1295 2270 1455 2317 pastor,
1497 2262 1563 2301 cui
1584 2275 1707 2314 pecus

977 2323 1224 2375 pascendum
1257 2329 1362 2371 erat,
1412 2321 1464 2359 de‘
1497 2319 1707 2371 segetibus,

980 2380 1029 2418 de
1045 2395 1261 2433 pomorum
1279 2380 1466 2420 insitione
1476 2408 1486 2428 ,
1526 2378 1575 2416 de
1590 2377 1710 2416 vinea

980 2440 1070 2490 agit.
1131 2438 1227 2494 (Sed
1242 2439 1349 2489 vide,
1382 2449 1484 2491 quae
1500 2433 1642 2476 notavi
1656 2435 1709 2473 ad

978 2510 1037 2536 VS.
1056 2495 1124 2539 46.
1164 2495 1283 2551 VVr.)
1338 2499 1405 2538 71.
1437 2496 1598 2546 InpiuS,
1621 2507 1708 2532 sce-

977 2554 1141 2605 leratuS,
1161 2554 1354 2594 nefarius:
1384 2559 1528 2606 utpote
1543 2553 1587 2590 in
1602 2552 1707 2590 bello

979 2613 1100 2652 civili.
1158 2613 1244 2653 Etsi
1278 2612 1440 2651 omnino
1466 2615 1709 2663 perpetuum

979 2670 1189 2723 epitheton
1211 2677 1287 2709 est:
1324 2670 1455 2721 impia
1474 2668 1593 2706 bella.
1628 2670 1707 2706 ι’ἥι-

972 2731 1071 2779 pius
1082 2729 1220 2768 hostis.
1240 2730 1391 2780 impius
1405 2729 1520 2765 ermis.
1549 2732 1599 2764 ut
1609 2739 1708 2779 syn-

979 2800 1127 2838 onyma
1148 2788 1228 2827 sint
1249 2789 1323 2827 τοῦ
1341 2799 1505 2834 saevus,
1567 2784 1707 2834 (1111118,

979 2845 1163 2884 crudelis.
1223 2846 1375 2883 Contra
1389 2845 1490 2895 pius
1508 2848 1569 2880 est
1587 2842 1706 2891 mitis,

978 2899 1242 2942 humanitatis
1261 2915 1421 2941 sensum
1441 2900 1604 2939 habens.
1640 2902 1706 2942 72.

982 2960 1207 3011 Barbarus,
1241 2960 1358 3011 Galli,
1383 2959 1546 3011 aliique,
1578 2957 1647 3010 qui
1664 2952 1707 2996 in
