1768 3320
175 255 281 303 1021

516 251 570 300 Ρ.
608 247 968 299 VIRGILII
1011 242 1385 297 MARONIS
1441 296 1445 302 ,

169 394 223 429 Μ.
235 375 513 428 Cantando
535 384 593 425 tu
607 375 758 424 illum
771 380 793 424 ?
812 381 899 423 aut
907 386 1169 438 umquam
1189 368 1474 421 tibifistula
1485 386 1605 422 cera
1624 374 1693 425 25

168 450 352 498 Iuncta
372 444 508 496 fuit?
543 461 657 495 non
678 453 737 494 tu
757 444 812 493 in
830 442 1017 504 triviiS,
1054 438 1298 503 indocte,
1335 439 1544 491 solebas

120 557 128 563 ,
172 515 430 567 Stridenti
453 515 712 565 miserum
732 511 922 579 stipula
945 509 1258 577 disperdere
1282 517 1533 562 carmen?

217 626 264 662 26
293 625 426 660 Vmcta
451 626 551 659 Rom.
579 631 616 658 et
635 623 714 667 alii,
739 620 890 656 sollenni
907 620 1020 665 lapsu.
1067 617 1138 653 Sed
1158 619 1229 654 vid.
1247 619 1369 654 Heins-
1417 618 1590 654 Nonnulli
1604 631 1693 653 num

173 682 232 714 tu,
266 678 303 705 et
329 684 362 704 v,
386 672 433 707 27
461 683 546 726 uri-us
574 671 695 705 Heius.
722 671 861 703 misere.
911 669 992 713 disp
966 679 1124 714 pergere
1149 678 1214 702 ms.
1240 667 1438 713 Lenguich.
1473 666 1569 714 quod
1587 665 1694 701 etiam

172 718 384 755 Wakefield.
402 718 440 752 in
458 719 608 752 animum
626 723 771 752 venerat
790 716 836 750 ad
854 716 994 750 Lucret.
1013 715 1040 756 1,
1056 712 1139 750 418.

172 817 253 853 ista
267 827 398 851 Suum.
412 834 470 841 —-
501 809 585 865 (24.
616 810 800 850 Redde1e
821 823 899 849 no·-

172 871 251 911 luit
269 885 351 909 non
371 870 488 908 alian]
509 869 558 907 ob
579 882 750 917 causam,
779 880 900 918 quam

174 928 303 982 quod,
343 928 375 966 si
402 927 664 976 reddidisset,
702 926 834 978 palam
860 937 900 962 se

173 987 327 1027 victum
353 991 393 1023 et
421 985 654 1024 inferiorem
687 984 902 1027 Damoetae

175 1050 276 1083 esset
323 1043 536 1082 confessus.
614 1043 717 1094 Ergo
758 1055 902 1093 quam-

175 1116 295 1154 quam
313 1115 353 1139 se
370 1100 524 1140 victum
543 1100 809 1139 confitebatur
819 1099 903 1137 Da-

174 1168 327 1200 moetae
352 1158 563 1211 privatim,
593 1164 728 1196 tamen
746 1158 904 1209 signum

176 1217 369 1257 victoriae
386 1217 422 1255 ei
445 1217 662 1255 concedere
678 1216 822 1266 noluit,
853 1228 904 1254 ne

175 1276 323 1315 famam
340 1274 537 1328 perderet.
570 1272 664 1328 Sp.)

230 1333 299 1376 25.
332 1332 540 1371 Cantando
569 1340 612 1370 ta
635 1331 786 1370 illum?
832 1330 900 1370 vi-

175 1390 272 1430 cisse
308 1395 348 1428 te
375 1390 460 1429 ais?
509 1390 559 1428 cf.
586 1389 755 1428 Theocr.
782 1388 831 1438 V,
860 1388 899 1432 5.

176 1446 399 1504 (Interdum
418 1447 556 1486 similis
572 1447 684 1486 notio
702 1446 902 1485 subaudi-

174 1513 242 1546 tur
262 1520 283 1544 e
297 1506 422 1545 verbo
441 1519 691 1559 praegresso,
722 1511 770 1544 ut
787 1505 902 1544 ince-

176 1564 298 1604 dendi
333 1563 446 1603 notio
487 1577 509 1602 e
533 1564 658 1603 verbo
695 1563 902 1613 currendi,

175 1622 272 1661 Hor.
291 1624 370 1661 Sat.
398 1622 437 1672 I,
468 1624 515 1671 3,
547 1624 722 1665 9--11.
781 1635 903 1674 supra

175 1680 232 1729 II,
267 1680 348 1722 15.:
386 1680 533 1718 ferre
576 1693 598 1717 e
625 1679 749 1719 verbo
780 1679 902 1733 pati.

176 1738 355 1790 Propert.
375 1737 431 1786 H,
466 1739 538 1787 13,
570 1739 657 1779 37.:
695 1737 810 1787 „Nec
823 1737 904 1776 mi·-

176 1809 253 1835 nus
270 1794 370 1833 haec
383 1794 513 1834 nostri
537 1800 652 1833 note
663 1810 679 1833 s
692 1810 713 1834 c
724 1802 769 1834 et
795 1797 904 1835 fama

177 1853 360 1905 sepulcri,
384 1852 518 1902 Quam
538 1853 746 1892 fuerant
765 1853 904 1893 Phthii

176 1911 294 1949 busta
326 1916 492 1949 cruenta
524 1910 652 1950 viri.“
711 1911 778 1951 Sic
814 1911 855 1951 h.
874 1912 901 1951 l.

178 1968 307 2008 activa
320 1968 429 2007 notio
448 1969 634 2009 vincon
644 1969 693 2008 di
712 1983 733 2007 e
743 1970 902 2024 passivo

87 2032 103 2046 ”
176 2026 302 2066 verbo
319 2025 505 2066 victus
538 2026 631 2082 Sp.)
671 2030 739 2069 27.
773 2030 904 2067 inmi-

177 2086 255 2122 viis
270 2106 328 2114 ·—
350 2086 537 2122 miserum.
560 2085 697 2124 addita
714 2085 903 2139 intellige,

178 2147 226 2181 ut
254 2141 419 2192 efficiat,
459 2155 504 2180 ea
535 2156 616 2181 esse
642 2157 763 2196 quam
787 2144 904 2184 vilis-

177 2199 295 2249 sima5
339 2199 400 2238 uti
432 2200 651 2251 disperdere
677 2199 718 2240 h.
749 2215 782 2241 e.
812 2217 906 2241 cor-

177 2270 385 2310 rumpere,
442 2258 607 2309 vitiare,
668 2259 904 2311 depravare,

177 2314 378 2354 invidiose
395 2328 468 2367 pro
489 2330 643 2356 canere.
686 2315 904 2370 (Stridenti,

178 2387 283 2422 non,
331 2385 432 2424 quae
452 2387 589 2412 nunc
621 2375 785 2426 stridet,
834 2376 906 2414 sed

179 2441 281 2483 quae
314 2430 541 2482 omnin03
578 2433 837 2486 participium
862 2433 904 2473 h.

178 2488 205 2527 l.
224 2488 310 2528 vim
325 2487 463 2527 induit
491 2489 696 2530 adiectivi:
730 2493 908 2530 slridenti

177 2559 253 2599 pro
273 2546 454 2585 stridula.
491 2547 590 2586 Nam
603 2549 815 2603 participia
831 2550 905 2588 ab—

177 2603 349 2643 lativum
365 2617 449 2642 non
466 2604 511 2643 in
526 2607 543 2642 i
566 2607 744 2656 mittunt,
774 2608 844 2646 sed
862 2608 907 2647 in

178 2676 212 2701 e.
248 2661 340 2701 Vid.
367 2661 493 2701 Bentl.
523 2662 576 2701 ad
608 2664 749 2703 Horat.
780 2666 856 2704 Od.
874 2666 906 2715 Ι,

178 2721 226 2769 2,
275 2721 343 2762 31·
391 2719 470 2769 25,
523 2722 587 2762 17.
615 2743 672 2752 -—
731 2723 905 2774 Stipula,

178 2790 262 2816 uno
294 2777 470 2826 calamo,
503 2791 587 2816 non
616 2779 774 2831 syringe
800 2795 829 2819 s.
855 2780 907 2819 fi-

166 2835 305 2904 ftula,
343 2833 529 2888 pluribus
559 2836 719 2875 calamis
747 2837 907 2877 iunctis.

177 2913 237 2922 -·
260 2892 500 2945 Disperdere
526 2899 586 2931 est
606 2895 713 2932 male
731 2896 908 2946 perdere,

176 2948 227 2988 ui:
244 2949 480 3002 dispeream,
510 2950 537 2989 i.
557 2964 594 3003 q.
615 2953 721 2990 male
730 2967 908 3004 peream

178 3007 359 3062 Propert.
393 3008 449 3058 Π,
499 3010 574 3057 33,
629 3012 713 3051 10.:
761 3010 907 3060 „duro

956 806 1129 861 perdere
1147 806 1274 847 verba
1291 809 1411 848 sono!
1424 810 1448 831 “
1466 829 1524 841 —-
1562 810 1606 847 in
1619 811 1692 848 tri-

957 867 1056 914 viis,
1107 865 1225 916 quale
1255 871 1409 905 canunt
1438 865 1618 906 viatores
1653 865 1694 906 et

960 929 1130 976 agrestes
1159 922 1376 975 homines;
1434 924 1625 977 Calpurn.
1659 925 1691 976 I,

960 983 1051 1024 28.:
1082 980 1200 1032 „Non
1217 988 1369 1034 pastor,
1399 996 1483 1022 non
1498 981 1579 1022 hoc
1594 983 1692 1023 tri-

960 1039 1095 1086 viali
1125 1053 1238 1079 more
1259 1040 1452 1090 viator,
1493 1041 1574 1080 Sed
1593 1040 1693 1081 deus

959 1098 1044 1150 ipse
1062 1098 1182 1137 canit.
1194 1100 1219 1120 “
1279 1098 1401 1138 ovid.
1425 1099 1544 1139 Trist.
1562 1099 1632 1150 IV,
1656 1103 1692 1150 l,

962 1156 1019 1199 5.:
1059 1156 1183 1207 „Hoc
1211 1162 1291 1207 est,
1330 1169 1404 1196 cm·
1434 1163 1570 1197 cantet
1596 1157 1693 1197 vin-

962 1219 1051 1252 ctus
1080 1227 1242 1267 quoque
1277 1215 1470 1268 compede
1497 1216 1692 1267 fossor,

961 1272 1015 1311 In
1027 1272 1087 1311 do
1099 1273 1191 1312 cili
1228 1286 1436 1313 numero
1457 1287 1585 1326 quum
1598 1288 1693 1326 gra-

956 1344 1008 1371 ve
1028 1331 1161 1370 mollit
1180 1333 1332 1383 opus.“
1363 1331 1437 1383 Sp.
1460 1353 1521 1363 --
1548 1333 1694 1383 „avul-

958 1403 1071 1441 gares
1096 1403 1240 1429 versus
1274 1389 1319 1429 in
1351 1403 1494 1442 genere
1528 1391 1695 1443 quana·-

957 1453 1041 1486 tate
1071 1447 1270 1500 neglecta,
1329 1446 1444 1487 haud
1478 1448 1583 1500 scio,
1642 1463 1695 1488 an

959 1505 1081 1545 etiam
1114 1505 1339 1559 respexerit
1371 1506 1565 1559 Virgilius
1612 1507 1694 1547 Ecl.

959 1563 1034 1614 III,
1065 1567 1134 1606 26.
1165 1564 1232 1603 Sic
1247 1564 1452 1603 Iuvenalis
1477 1565 1572 1616 VII,
1603 1566 1694 1610 53.:

961 1622 1043 1660 Sed
1070 1629 1205 1661 vatem
1240 1625 1473 1675 egregium,
1520 1625 1589 1664 cui
1614 1639 1696 1675 non

959 1682 1012 1718 sit
1020 1679 1194 1732 publica
1209 1693 1333 1730 vena,
1380 1681 1463 1732 Qui
1485 1682 1594 1720 nihil
1619 1676 1695 1722 dx-

959 1738 1138 1791 positum
1154 1738 1282 1777 soleat
1298 1738 1505 1789 deducere,
1537 1754 1608 1778 nec
1624 1743 1697 1793 qui

962 1797 1176 1835 Communi
1187 1796 1321 1849 firiat
1349 1809 1511 1836 carmen
1533 1798 1696 1838 triviale

960 1862 1133 1893 moneta.
1189 1855 1238 1893 cf.
1278 1854 1432 1894 Titium
1460 1855 1514 1894 ad
1541 1855 1694 1896 Nemes.

962 1913 1043 1952 Ecl.
1062 1912 1130 1962 IV,
1153 1915 1192 1955 3.
1223 1913 1379 1952 Eximie
1392 1913 1498 1953 enim
1517 1915 1696 1954 indoctos

961 1970 1131 2023 Antiqui
1163 1971 1366 2010 vocabant
1395 1970 1602 2024 Musicae,
1630 1979 1696 2012 at-

962 2042 1040 2082 que
1060 2029 1161 2068 adeo
1191 2029 1485 2079 Numen-orum,
1523 2031 1695 2084 ignaros.

961 2088 1045 2127 vid.
1091 2087 1216 2127 Cicer.
1258 2088 1421 2127 Tuscul.
1461 2061 1499 2138 1',
1549 2093 1600 2140 2,
1654 2088 1694 2131 4.

964 2145 1223 2195 Quinctilian.
1250 2144 1292 2195 Ι,
1326 2148 1401 2196 10,
1440 2144 1484 2199 5,
1512 2149 1576 2190 18.
1609 2161 1695 2213 sqq.

964 2210 1004 2242 et
1028 2204 1111 2243 illic
1138 2204 1390 2256 interpretes.
1402 2207 1428 2229 “
1473 2210 1548 2244 etc.
1585 2200 1698 2244 Haec

964 2264 1126 2301 Santen.
1150 2261 1372 2301 adTe1·.ent
1391 2262 1522 2303 Maur.
1538 2277 1578 2316 p.
1585 2266 1694 2324 151.

963 2334 1021 2373 sq.
1045 2320 1211 2360 Vossius
1233 2320 1420 2372 intelligit
1441 2334 1602 2361 carmen
1624 2335 1695 2361 co-

963 2392 1051 2417 ram
1081 2378 1218 2431 pueris
1242 2378 1407 2430 ahisque
1424 2378 1597 2418 rudibus
1614 2379 1695 2418 ho-

962 2436 1137 2476 minibus
1167 2441 1394 2488 cantatum3
1424 2437 1537 2489 quod
1553 2437 1696 2477 eodem

966 2494 1139 2547 denique
1170 2494 1288 2533 redit.
1348 2495 1534 2536 Ceterum
1563 2495 1696 2548 Spoh—

965 2553 1078 2603 nius,
1110 2552 1222 2605 quod.
1251 2565 1369 2591 nemo
1399 2553 1514 2610 fenile
1538 2554 1696 2607 probet,

965 2611 1221 2650 miserum
1267 2624 1475 2650 carmen
1517 2611 1574 2651 ita
1617 2612 1696 2651 dici

965 2674 1103 2721 putat,
1162 2674 1211 2708 ut
1250 2668 1301 2707 sit
1329 2668 1531 2709 infelix
1570 2684 1696 2710 car-

966 2740 1098 2776 men,
1129 2728 1194 2765 ein
1213 2738 1366 2776 armes,
1398 2728 1697 2780 ungliickseeli-

964 2798 1039 2835 ges
1054 2785 1164 2823 Lied
1174 2815 1185 2834 ,
1229 2784 1342 2838 quod
1367 2786 1476 2825 canis
1502 2800 1587 2825 non
1617 2801 1641 2824 a
1656 2792 1699 2824 te

966 2842 1130 2892 factum,
1153 2842 1224 2882 sed
1245 2856 1317 2896 per
1341 2856 1383 2882 se
1402 2843 1567 2894 bonum,
1585 2844 1698 2896 quod

966 2905 1014 2937 tu
1031 2908 1087 2938 'ex
1107 2901 1183 2940 ah'o
1207 2901 1392 2940 auditum
1409 2901 1559 2942 imitari
1575 2903 1637 2942 vis
1658 2907 1697 2940 et

968 2958 1211 3009 exprimere,
1243 2959 1307 2998 cui
1330 2972 1429 2999 vero
1447 2966 1496 2999 tu
1523 2961 1627 3000 male
1644 2960 1697 3000 il—

966 3015 1072 3054 ludis
1098 3017 1200 3056 male
1220 3017 1480 3058 recantando.
1505 3016 1624 3072 Wr.)
1655 3020 1698 3056 in
