1734 3320
145 211 250 261 362

486 209 542 259 P.
579 208 933 260 VIRGIL-II
967 211 1340 261 MARONIS

143 339 301 388 Nunc
326 345 484 403 caput
506 336 776 387 obiectare
798 334 965 401 fretis,
1000 353 1145 387 nunc
1169 354 1386 388 currere
1411 338 1467 389 in
1487 339 1675 405 undas,

143 410 212 460 Et
233 406 412 474 studio
438 407 706 457 incassum
728 406 909 457 videas
933 408 1127 472 gestire
1151 407 1374 460 lavandi.

147 480 291 528 Tum
320 478 502 527 cornix
523 478 683 545 plena
715 477 954 544 pluviam
978 488 1134 528 vocat
1161 479 1390 545 inproba
1418 496 1568 545 voce,

142 550 212 599 Et
237 548 350 598 sola
381 548 437 597 in
465 548 599 598 sicca
624 565 810 598 secum
833 549 1088 615 spatiatur
1116 566 1287 600 arena.

142 621 225 671 Ne
249 627 514 668 nocturna
541 619 767 686 quidem
794 628 1071 686 carpentes
1095 636 1261 685 pensa
1283 619 1497 687 puellae
1570 627 1673 674 390

142 690 429 741 Nescivere
454 688 722 755 hiemem,
749 698 885 739 testa
910 707 1079 757 quum
1107 689 1332 741 ardente
1356 690 1606 742 viderent

214 777 331 825 391.
366 787 605 823 HIEMEM:

189 879 261 916 386
283 880 322 913 in
343 878 480 918 andam
498 877 626 911 Medic.
644 890 664 911 a
685 889 732 910 m.
757 889 826 910 sec.
850 876 941 910 Gud.
968 884 1003 911 et
1026 889 1114 912 uuus
1135 878 1255 912 Mead.
1289 879 1428 924 (unda-s·
1445 878 1547 924 prior
1565 878 1673 914 lectio

143 925 294 967 Medic.;
330 925 399 959 vid.
426 927 469 967 Q.
489 926 535 959 V.
562 926 671 968 VIIII,
697 925 731 965 3,
755 926 849 965 VIII,
873 925 908 958 b.
940 925 1036 969 Wr.)
1087 926 1198 959 undis
1223 926 1339 960 Mead.
1364 926 1476 969 alter,
1513 933 1553 959 ut
1578 938 1675 960 non-

142 974 232 1008 nulli
266 973 360 1018 apud
387 971 553 1006 Pierium.
600 974 640 1006 in
671 972 774 1005 unda
808 972 879 1005 alii.

143 1021 331 1056 Schrader.

976 973 1046 1008 387
1081 974 1205 1007 studio
1240 975 1414 1008 incensas
1440 974 1596 1008 malebat
1622 976 1673 1008 Io.

404 1020 474 1055 388
504 1022 609 1053 Tunc
624 1019 762 1053 Nonius
784 1019 819 1052 in
837 1020 982 1067 pluvia.
1017 1020 1141 1064 (etiam
1160 1023 1258 1055 Serv.
1278 1021 1405 1054 Dresd.
1431 1021 1532 1066 ·Wr.)
1559 1034 1676 1056 rauca

143 1081 233 1103 voce
249 1067 389 1102 Servius
419 1073 455 1100 et
472 1067 553 1100 edd.
580 1067 792 1107 nonnullae,
824 1067 919 1112 quod
938 1068 1070 1111 probat
1094 1068 1245 1113 Kingius
1269 1081 1326 1114 ap.
1345 1068 1507 1111 Martin.‚
1533 1069 1598 1102 sed
1620 1074 1675 1102 est

143 1116 286 1150 alterius
309 1115 496 1160 glossema.
548 1115 708 1160 (Nempe
727 1114 854 1148 rectius
876 1118 973 1148 Serv.
994 1116 1118 1150 Dresd.
1131 1142 1140 1158 ,
1171 1128 1272 1161 quam
1292 1116 1457 1161 vulgatae
1477 1116 1672 1151 editiones:

143 1165 297 1208 „Tunc
325 1162 485 1196 cornix
510 1162 667 1207 plena:
701 1162 807 1207 plena
828 1162 916 1195 dicit
937 1174 1066 1206 rauca,
1100 1170 1224 1197 contra
1246 1171 1408 1197 naturam
1434 1167 1566 1198 suam.“
1602 1164 1672 1198 vid.

144 1213 187 1253 Q.
208 1213 252 1245 V.
273 1211 382 1253 XVI,
411 1212 442 1245 1.
483 1210 580 1255 Wr.)
628 1210 778 1256 plenam
799 1210 854 1243 ed.
874 1211 966 1243 Ven.

360 1260 414 1292 At
442 1266 555 1304 caput
584 1256 740 1291 obiectat
769 1258 962 1303 querulum
988 1257 1223 1291 venientzbas
1251 1259 1380 1300 undzs,
1414 1266 1452 1293 ut
1481 1258 1519 1292 in
1549 1261 1672 1293 Franc.

141 1258 319 1292 nonnulli:

1061 1211 1130 1246 389
1155 1211 1242 1244 Post
1261 1211 1354 1245 hunc
1378 1223 1519 1244 versum
1542 1211 1674 1246 addunt

141 1306 243 1340 Leid.
268 1311 304 1339 et
325 1306 452 1347 Voss.‚
485 1305 521 1337 in
541 1305 611 1338 hoc
634 1304 793 1350 quidem,
828 1311 867 1337 ut
892 1311 929 1338 et
948 1304 984 1338 in
1004 1305 1142 1339 Bodlei.
1168 1312 1203 1339 et
1222 1318 1291 1339 uno
1312 1284 1500 1348 Arundel„
1533 1313 1617 1352 post
1641 1319 1673 1340 v.

141 1355 222 1390 388.
271 1355 311 1386 111
333 1351 465 1386 Medic.
488 1352 577 1386 Gud.
603 1352 750 1385 Mentel.
779 1364 834 1396 pr.
867 1358 903 1385 et
925 1364 994 1386 sec.
1016 1353 1179 1386 Parrhas.
1204 1352 1240 1386 in
1267 1353 1424 1397 margine
1451 1361 1526 1387 erat
1550 1367 1571 1388 a
1602 1366 1673 1387 rec.

141 1413 246 1435 manu
264 1399 427 1444 scriptus.
455 1399 645 1445 (invenitur
664 1399 770 1433 etiam
789 1399 823 1432 in
844 1398 1052 1442 00(1.4.9.,
1080 1400 1164 1434 etin
1181 1401 1214 1435 2.
1238 1413 1258 1433 a
1281 1414 1327 1434 m.
1346 1413 1415 1434 sec.
1448 1401 1545 1446 Wr.)
1585 1402 1673 1446 Reg.

143 1455 181 1482 et
198 1448 315 1482 Mead.
346 1460 423 1481 cum
450 1447 505 1481 ed.
524 1446 689 1481 Norimb.
716 1447 917 1481 habebant:
950 1450 1002 1481 Et
1030 1456 1153 1493 caput.
1201 1448 1241 1480 In
1260 1448 1425 1482 Cantabr.

141 1497 265 1530 iectat.
315 1495 504 1528 Confectus
531 1507 651 1528 versus
682 1507 700 1528 e
727 1507 760 1529 v.
782 1495 863 1530 386.

1458 1448 1582 1483 deerat
1608 1446 1675 1483 ob—

959 1495 1030 1530 390
1054 1495 1134 1529 Nec
1162 1495 1281 1539 vulgo.
1329 1496 1389 1530 Ne
1417 1495 1546 1530 Medic.
1581 1495 1674 1530 Gud.

141 1543 289 1577 Mentel.
308 1554 364 1587 pr.
388 1548 424 1575 et
447 1543 576 1576 Moret.
607 1554 682 1587 pr.‚
716 1542 801 1576 item
820 1544 920 1576 Rom.
933 1568 943 1585 ‚
979 1549 1154 1586 perpetua
1177 1543 1317 1588 quidem
1337 1542 1547 1578 variatione.
1596 1544 1674 1576 De-

142 1592 252 1625 bebat
274 1598 392 1624 tamen
409 1590 530 1635 utique
556 1595 592 1623 et
614 1590 650 1623 h.
677 1590 701 1624 l.
725 1590 888 1635 placere,
914 1597 952 1623 ut
967 1589 1034 1624 viri
1055 1589 1150 1623 docti
1173 1591 1249 1623 fere
1272 1589 1403 1636 ubique
1422 1590 1672 1624 restituerunt:

141 1646 249 1684 atque
277 1638 327 1672 sic
358 1637 429 1671 iam
450 1637 652 1682 Naugerius
677 1637 857 1678 edideram
893 1649 977 1682 ergo
1002 1644 1170 1682 sequutus
1193 1650 1280 1671 sum.

1334 1639 1396 1684 (ne
1424 1650 1491 1684 pro
1517 1651 1584 1672 nec
1613 1638 1673 1671 in-

142 1686 239 1720 curia
266 1699 285 1719 a
314 1697 352 1718 se
377 1684 539 1718 relictum
567 1684 690 1718 scribit
720 1684 909 1720 Wunderl.
939 1685 1092 1718 Praefat.
1123 1697 1205 1731 pag.
1228 1686 1303 1719 VII.
1355 1685 1439 1721 Vid.
1470 1692 1595 1720 notata
1628 1685 1674 1719 ad

140 1746 192 1768 vs.
218 1734 299 1769 126.
332 1732 428 1777 Wr.)

523 1732 593 1767 391
620 1745 700 1766 cam
722 1741 820 1766 testa
838 1734 958 1766 Rotte:
960 1732 1009 1765 id.
1031 1743 1101 1765 sec.

139 1830 390 1869 immersant.
450 1828 567 1877 Quae
594 1828 729 1867 omnia
759 1829 791 1867 si
811 1829 879 1868 in-
928 1829 1146 1879 plmdam,
1178 1841 1300 1879 quam
1325 1828 1559 1879 denuntiat,
1592 1828 1674 1867 iam

140 1894 204 1926 ter
237 1901 276 1925 se
315 1900 547 1939 compares,
600 1887 802 1939 poeticam
836 1889 879 1927 in

141 1952 306 1995 nostro,
357 1958 601 1997 quamquam
635 1945 878 1985 novissimus

140 2012 235 2059 post
260 2004 350 2042 illos
367 2004 492 2053 venit,
524 2003 681 2055 copiam
701 2018 784 2043 non
805 2005 879 2043 de—

142 2063 303 2102 sideres.
362 2062 515 2101 Plinius
534 2062 688 2112 XVIII,
716 2077 746 2101 s.
773 2066 828 2106 87
857 2077 878 2102 e

140 2127 305 2161 nostro:
346 2122 402 2159 Et
437 2135 563 2174 quum
589 2128 783 2159 terrestres
801 2136 877 2160 1¹0-

141 2181 269 2218 lucres
304 2187 442 2217 eontra
475 2192 630 2231 aquam
665 2180 877 2230 clangores

141 2238 296 2276 dabunt
308 2267 319 2287 ‚
345 2237 635 2288 perfundentes
661 2252 743 2275 sese
754 2254 770 2286 ,·
807 2239 880 2277 secl

140 2298 318 2335 maxime
337 2298 486 2334 cornix.

200 2356 298 2397 388.
329 2353 479 2392 Aratus
507 2353 665 2406 plenius
687 2367 766 2393 VSS.
790 2356 875 2396 217

144 2415 292 2455 -221
327 2412 531 2451 conversis
562 2426 585 2449 a
617 2412 697 2450 Cic.
717 2412 766 2450 (10
786 2412 875 2451 Div.

139 2471 170 2522 I,
199 2474 238 2513 9.
270 2470 363 2509 add.
398 2473 495 2512 290.
530 2472 629 2512 291.
685 2470 878 2509 Nostrum

141 2542 374 2582 expressere
416 2528 623 2576 Claudian.
647 2529 748 2579 XV,
778 2528 875 2571 493.

139 2589 290 2628 Lucan.
312 2588 360 2637 V,
385 2587 482 2630 555.
506 2587 603 2629 556.
634 2589 771 2625 cornix
795 2589 877 2625 im-

131 2646 265 2700 proba
278 2677 287 2695 ,
323 2646 406 2684 sive
429 2645 598 2684 infausti
619 2645 773 2695 ominis,
794 2645 878 2684 sive

140 2704 326 2757 improba
363 2711 482 2742 vocat
503 2733 513 2752 ,
566 2717 642 2755 pro
682 2704 878 2757 improbe,

142 2764 317 2803 clamore
343 2761 550 2814 improbo,
590 2761 738 2811 nimio,
777 2776 877 2800 con-

139 2823 259 2862 tinua
281 2820 544 2860 crocitatione
575 2832 698 2870 eaque
719 2820 877 2859 odiosa:

140 2881 226 2921 vid.
249 2894 337 2933 sup.
364 2878 416 2917 ad
437 2892 476 2918 V.
500 2876 594 2920 145.
623 2878 749 2928 plena
769 2893 876 2928 voce,

141 2952 164 2978 e
197 2940 317 2992 pleno
351 2942 541 2990 gutture,
590 2936 713 2975 Gallis
745 2951 873 2988 gras.-

141 2997 272 3051 παχέα
303 2991 524 3052 κρώζουσα.
593 2995 691 3033 Eam
735 3010 876 3034 vocate

936 1886 1096 1925 Lucret.
1123 1885 1285 1925 dixerat
1313 1887 1367 1937 V,
1401 1887 1674 1930 1084.1085

936 1945 1026 1982 sola
1045 1959 1179 1982 secum
1193 1947 1369 1996 ,ςραίίτινιὶ
1386 1945 1552 1996 dicitur,
1575 1946 1672 1996 sola,

936 2017 1019 2041 non
1041 2017 1087 2055 gl
1092 2002 1256 2055 egatim‚
1288 1999 1318 2056 ἢ
1344 2001 1476 2058 πολλη
1509 2003 1673 2059 στρέφε-

934 2078 1001 2101 ται
1028 2077 1109 2112 παρ
1119 2058 1282 2115 ’ὕδωρ;
1324 2067 1391 2101 ut:
1423 2075 1559 2102 secum
1576 2076 1672 2115 esse,

935 2118 1131 2158 habitate.

995 2180 1154 2219 390—-
1179 2181 1275 2220 392.
1319 2178 1486 2218 Ornate.
1541 2179 1672 2218 Etiam

933 2236 1090 2288 puellae
1119 2236 1254 2275 lanam
1294 2237 1489 2276 ducentes
1515 2242 1672 2291 tempe-

935 2300 1081 2333 statem
1107 2308 1178 2333 seu
1205 2295 1388 2348 pluviam
1416 2296 1673 2348 ingruentem

935 2366 986 2391 ex
1003 2353 1288 2392 scintillatione
1302 2355 1492 2393 lucernae
1515 2361 1556 2394 et
1576 2356 1673 2394 sun-

934 2411 998 2463 gi,
1034 2412 1104 2464 qui
1129 2425 1180 2449 ex
1207 2418 1355 2466 stuppa
1373 2414 1416 2451 in
1443 2413 1557 2465 fungi
1579 2427 1673 2466 spe-

935 2470 1036 2508 ciem
1067 2471 1281 2520 excrescit,
1322 2472 1577 2510 concretione
1608 2471 1673 2510 di-

934 2528 1077 2567 vinare
1111 2533 1276 2566 norunt.
1344 2529 1489 2568 Oleum
1515 2530 1672 2568 scintil-

936 2587 1015 2636 lat,
1048 2585 1090 2623 h.
1119 2586 1281 2624 flamma
1300 2587 1387 2625 oleo
1410 2590 1579 2627 nutrita.
1612 2596 1672 2626 te-

935 2652 998 2682 sta
1033 2650 1092 2682 est
1121 2644 1288 2682 lucerna
1323 2645 1467 2685 fictilis.
1528 2646 1670 2697 Vides,

936 2701 1278 2753 quemadmodum
1321 2717 1408 2742 rem
1443 2704 1565 2744 vilem
1587 2718 1670 2743 non
1695 2696 1701 2703 ⁵

935 2760 1100 2811 ignobili
1117 2761 1300 2799 oratione
1313 2764 1567 2815 expresserit.
1589 2763 1671 2801 Nec

935 2818 1068 2856 minus
1106 2825 1243 2858 tamen
1286 2821 1388 2859 bene
1428 2828 1470 2860 et
1510 2822 1669 2873 copiose

934 2875 1086 2915 Aratus
1110 2877 1163 2916 ib.
1186 2876 1448 2922 244—248.
1477 2883 1561 2922 302
1584 2893 1668 2931 sqq.

935 2935 1040 2974 adde
1059 2935 1158 2974 Plin.
1178 2937 1322 2988 XVIII,
1341 2952 1371 2977 s.
1392 2937 1460 2981 84.
1481 2938 1531 2978 cf.
1551 2936 1669 2990 Apu-

931 2993 995 3032 lei.
1017 2993 1112 3032 Met.
1134 2994 1181 3044 II,
1208 2997 1274 3037 18.
