1734 3320
165 241 269 290 684

499 236 555 286 Ρ.
593 192 955 287 VIRGILli
1002 235 1385 287 MARONIS

165 363 390 430 Gurgite
410 379 584 433 quum
603 362 792 413 medio
813 372 1036 430 portans
1060 364 1323 430 Oeagrius
1340 363 1557 415 Hebrus

163 435 453 500 Volveret,
481 433 790 499 Eurydicen
810 450 914 484 vox
934 434 1046 501 ipsa
1070 442 1124 499 et
1145 432 1339 500 frigida
1365 433 1573 501 lingua,
1611 438 1717 490 525

162 506 249 558 Ah
270 506 529 557 miseram
554 504 885 570 Eurydicen!
925 505 1102 554 anima
1122 503 1368 571 fugiente
1390 506 1642 569 vocabat;

163 576 474 643 Eurydicen
496 585 615 626 toto
634 573 949 626 referebant
963 573 1193 626 flumine
1217 577 1380 644 ripae.

234 651 381 699 Haec
403 651 658 699 Proteus:
698 654 752 696 et
780 663 838 696 se
862 646 1002 696 iactu
1033 645 1188 696 dedit
1211 664 1419 714 aequor
1439 647 1496 696 in
1518 646 1712 708 altum3

166 722 396 787 Quaque
419 717 587 782 dedit,
608 726 957 784 spumantem
975 716 1184 767 undam
1205 717 1305 768 sub
1323 718 1523 768 vertice
1545 718 1712 770 torsit.

162 793 232 842 At
254 806 370 841 non
394 791 629 854 Cyrene:
653 804 894 856 namque
916 787 1060 838 ultro
1086 786 1262 838 adfata
1282 788 1595 840 timentem:
1609 791 1713 842 530

233 864 392 924 Nate,
429 859 556 909 licet
582 858 745 909 tristis
771 859 955 909 animo
983 858 1267 926 deponere
1293 876 1459 912 curas,

161 934 308 982 Haec
340 930 520 981 omnis
554 930 738 980 morbi
772 947 990 993 caussa3
1035 929 1164 980 hinc
1196 929 1507 982 miserabile
1544 932 1712 995 Nym-

964 1000 1109 1069 phae
1122 1043 1136 1066 ,

164 1075 307 1126 Cum
331 1071 529 1142 quibus
554 1071 641 1123 illa
667 1071 866 1123 choros
890 1071 1024 1123 lucis
1050 1070 1280 1139 agitabat
1302 1072 1358 1122 in
1385 1047 1525 1138 altis,

233 1193 351 1246 528.
387 1205 586 1243 ALTUM.

227 1344 299 1383 524
323 1346 468 1380 medius
494 1344 620 1389 fragm.
649 1344 766 1381 Vatic.

160 1396 197 1429 A
228 1395 366 1428 misera
399 1395 547 1427 Roman.
574 1404 594 1426 a
622 1405 667 1427 1n.
694 1405 750 1438 pr.

162 1442 245 1477 edd.
275 1441 479 1477 nonnullae.

160 1502 277 1524 manu.
315 1490 327 1535 (
333 1496 535 1536 paventem
560 1487 641 1523 Alb.
670 1488 770 1534 Wr.)

895 1344 965 1381 526
990 1347 1054 1379 Ha
1082 1343 1199 1379 multi.

848 1393 918 1429 528
942 1394 1040 1427 iacto
1067 1393 1160 1427 Gud.
1193 1405 1214 1427 a
1243 1405 1289 1428 m.
1321 1405 1375 1439 pr.

577 1439 648 1476 530
684 1449 741 1475 εει
766 1448 849 1487 post
878 1441 980 1475 ultro
1012 1441 1139 1487 fragm.
1162 1441 1280 1476 Vatic.
1315 1447 1352 1475 et
1374 1439 1539 1475 Parthas.
1564 1440 1609 1474 ab
1640 1437 1712 1474 alia

867 1488 936 1525 531
971 1501 1190 1537 componere
1217 1500 1331 1523 curas
1356 1488 1487 1522 Medic.
1519 1499 1542 1522 a
1568 1499 1614 1522 m.
1642 1499 1712 1534 pr„

1256 1345 1443 1380 Amissum
1474 1356 1546 1379 sec.
1569 1344 1710 1389 Menag.

1472 1392 1544 1429 529
1570 1392 1712 1426 vortice

160 1544 200 1571 ut
215 1540 302 1572 Aen.
322 1538 385 1581 IV,
409 1536 491 1574 340.
513 1534 596 1579 341,
618 1536 800 1583 frequenti
819 1535 1028 1571 variatione.
1052 1535 1124 1570 vid.
1154 1538 1342 1571 Burmann.
1392 1536 1579 1584 depellere
1599 1546 1713 1569 curas

161 1597 249 1619 unus
267 1585 386 1619 Mead.

481 1583 552 1620 533
575 1583 684 1618 silvis·
710 1596 777 1629 pro
796 1584 893 1618 lucis
916 1585 1042 1629 fragm.
1062 1584 1196 1619 Moret.
1245 1581 1412 1619 discebat
1429 1585 1471 1619 in
1490 1583 1582 1618 alcis
1603 1583 1711 1619 Voss.

160 1645 228 1679 pro
252 1631 429 1675 ducebat5
455 1638 540 1676 aut,
566 1637 606 1666 ut
626 1633 677 1666 Io.
700 1632 901 1676 Schrader„
925 1643 993 1678 pro
1013 1630 1200 1667 miscebat.
1620 1658 1623 1660 -

160 1753 305 1794 Cerda.
364 1751 555 1793 Lucretio
585 1752 721 1792 deberi
740 1751 908 1793 videtur

160 1819 204 1852 et
230 1812 331 1863 hoc;
362 1818 436 1852 aut
462 1813 570 1851 forte
592 1825 639 1851 eo
659 1811 908 1864 antiquiori-

159 1872 261 1922 bus;
291 1885 386 1910 nam
405 1871 487 1910 iam
499 1870 675 1910 Naevius
693 1870 737 1909 in
756 1870 907 1923 Cypria

159 1930 288 1970 Iliade
310 1929 493 1969 dixerat:
535 1929 695 1967 Collum
721 1943 906 1968 marmo-

158 2004 273 2029 reum
299 1997 459 2042 torques
490 1996 705 2040 gemmata
736 1995 901 2027 coercet.

161 2046 178 2102 (
197 2047 373 2088 alterum
419 2045 709 2086 hemistichion
750 2061 843 2098 cap.
877 2060 907 2085 a

158 2121 263 2147 cerv.
307 2121 388 2145 rev.
416 2105 646 2145 sublectum
679 2105 833 2156 Ennio,
864 2119 905 2158 p.

162 2168 259 2208 138.
278 2165 507 2204 ed.Hessel.
530 2163 651 2219 Wr.)
691 2163 789 2207 524.
810 2165 906 2202 He-

158 2223 252 2263 brus
278 2225 494 2277 Oeagrius,
516 2223 566 2262 ab
586 2223 756 2276 Oeagro,
770 2222 906 2262 Thra-

159 2283 243 2321 ciae
262 2296 378 2336 rege,
410 2281 567 2336 Orphei
584 2288 712 2335 patre.
773 2283 906 2335 Caput

159 2341 316 2395 Orphei
348 2342 393 2382 in
414 2354 527 2381 mare
552 2347 593 2379 et
618 2339 715 2380 hinc
739 2342 783 2380 in
803 2342 901 2379 Les-

157 2400 258 2441 bum
289 2400 472 2440 delatum
501 2399 637 2452 ibique
676 2401 902 2454 sepultum:

156 2459 307 2513 Hygin.
329 2460 443 2499 Poet.
466 2458 631 2498 Astron.
651 2459 704 2509 II,
728 2462 767 2509 7,
788 2458 901 2498 unde

156 2518 215 2558 ibi
263 2518 399 2558 suavis
442 2517 707 2557 lusciniarum
757 2524 902 2556 cantus

156 2577 347 2631 proditus
377 2576 488 2630 apud
518 2574 652 2629 Antig.
680 2577 839 2630 Caryst.
861 2576 900 2620 5.

159 2635 287 2685 Quod
305 2635 356 2674 de
368 2634 522 2688 Orphei
533 2636 693 2674 tumulo
704 2636 748 2675 in
765 2635 901 2674 Thra-

157 2695 222 2734 cia
247 2694 459 2734 tradidere
485 2693 554 2732 alii
588 2694 700 2748 apud
728 2695 901 2734 Pausan.

156 2754 231 2805 IX,
251 2756 321 2796 30.
336 2768 376 2807 p.
397 2755 496 2795 769.

217 2812 316 2856 529.
347 2811 420 2851 sub
438 2812 583 2851 vertice
597 2841 608 2860 ‚
642 2823 727 2848 non
745 2810 901 2863 capitis,

158 2870 252 2922 sed,
267 2876 315 2910 ut
334 2870 460 2923 vulgo
480 2883 593 2909 nunc
613 2870 900 2922 pronuntiant,

157 2929 335 2979 vortice,
366 2942 488 2981 quem
512 2934 627 2968 mota
641 2927 725 2966 eius
742 2927 902 2967 insultu

158 3001 266 3040 aqua
296 2987 451 3027 ciebat:
492 2989 611 3040 δίνη,
651 2992 842 3026 contorta
858 2987 901 3026 in

158 3059 200 3086 se
222 3060 338 3100 aqua.
369 3049 482 3086 torsit
502 3045 575 3085 sab
596 3046 756 3099 vertice,
790 3046 903 3099 quod

964 1752 1125 1806 vulgari
1144 1766 1246 1804 usu,
1286 1751 1447 1792 vortice
1462 1751 1530 1792 vel
1542 1751 1587 1791 in
1607 1764 1711 1792 vor-

965 1811 1111 1862 ticem3
1141 1811 1199 1850 ita
1220 1816 1269 1851 ut
1293 1817 1445 1851 vortex
1460 1811 1588 1850 fieret.
1627 1810 1712 1850 Nec

963 1870 1069 1909 ratio
1096 1869 1234 1920 deest,
1266 1876 1340 1909 aut
1357 1870 1550 1923 analogia.
1611 1870 1709 1912 530.

963 1928 1024 1968 At
1053 1943 1135 1967 non
1169 1928 1317 1981 Csyrene
1351 1928 1484 1968 filium
1517 1927 1708 1980 reliquit,

964 1986 1122 2026 consilii
1144 1986 1322 2039 inopem.
1366 1984 1480 2041 (vid.
1507 1987 1554 2026 V.
1580 1986 1624 2026 L.
1655 1986 1710 2025 ad

964 2044 1065 2085 Aen.
1092 2045 1157 2096 IV,
1185 2046 1283 2089 528.
1310 2044 1430 2101 W’r.)
1471 2045 1711 2099 Respiciunt

963 2118 1024 2145 vs.
1036 2103 1134 2147 423.
1146 2102 1186 2146 4.
1206 2117 1382 2157 namque
1402 2105 1530 2144 ducto
1551 2104 1595 2143 in
1614 2117 1707 2157 spe-

965 2178 1036 2203 cus
1060 2169 1103 2203 et
1120 2163 1320 2202 collocato
1348 2163 1392 2202 in
1417 2163 1586 2203 latebris
1603 2162 1704 2213 filio,

964 2225 1061 2275 ipsa
1080 2223 1233 2274 procul
1255 2221 1413 2261 nebulas*
1445 2222 1616 2262 obseura
1642 2237 1702 2261 re-

963 2282 1070 2320 sistit
1098 2281 1143 2320 in
1172 2281 1261 2334 ipso
1294 2281 1475 2334 scopulo.
1545 2281 1708 2320 Scilicet

959 2340 1131 2380 Proteus
1141 2340 1432 2379 internecionis
1450 2353 1585 2393 apum,
1597 2354 1706 2378 mor-

960 2399 1002 2437 bi
1027 2413 1222 2437 caussam
1249 2412 1290 2438 v.
1312 2401 1412 2449 397,
1441 2404 1605 2439 tantum
1631 2411 1707 2437 ex-

959 2463 1175 2511 posuerat,
1207 2471 1292 2497 non
1306 2470 1406 2498 vero
1423 2458 1612 2497 fortunae
1637 2470 1707 2497 re—

958 2516 1153 2556 medium.
1183 2516 1275 2556 Hoc
1288 2523 1420 2555 mater
1429 2516 1611 2556 subiicit:
1626 2516 1705 2555 sci-

959 2576 1059 2615 licet
1077 2575 1220 2629 culpae
1243 2575 1542 2628 expiationem,
1575 2575 1707 2628 Nym——

959 2634 1139 2688 pharum
1170 2634 1464 2688 placationem,
1506 2633 1706 2673 sacrificio

962 2700 1075 2733 certo
1103 2693 1192 2732 ritu
1216 2692 1426 2743 faciendo,
1465 2699 1507 2732 et
1538 2692 1707 2732 inferias

962 2752 1129 2806 Orpheo
1157 2757 1198 2790 et
1232 2751 1461 2804 Eurydicae
1493 2751 1705 2803 ferendas3

961 2825 1043 2863 quo
1062 2811 1168 2849 facto
1187 2823 1239 2849 ex
1253 2809 1517 2849 victimarum
1534 2810 1705 2850 visceri-

960 2871 1038 2909 bus
1069 2883 1179 2908 nova
1203 2869 1392 2907 examina
1411 2870 1623 2908 exoritura
1641 2883 1705 2908 es-

961 2934 1064 2967 sent.
1125 2927 1358 2967 Fatendum
1378 2934 1461 2977 est,
1503 2941 1567 2978 ea,
1599 2941 1728 2979 quaev

963 3001 985 3025 a
1015 2993 1147 3026 matre
1161 2992 1381 3026 monentur
1393 3017 1404 3037 ,
1428 2985 1547 3026 'haud
1566 2987 1703 3039 paullo

961 3046 1150 3099 graviora
1168 3058 1252 3086 esse
1274 3045 1411 3086 Protei
1432 3045 1612 3086 monitis.
