1768 3320
356 264 808 330 wermo‘ch
842 280 1005 332 ECL.
1042 282 1130 345 Ν,
1172 288 1319 336 1-9

1524 295 1617 340 131

95 406 215 459 Iam
232 421 373 455 nova
390 387 679 472 progenies
699 404 854 455 coelo
873 405 1174 456 demittitur
1192 408 1312 460 alt0.

101 478 188 527 Tu
201 474 375 526 modo
395 475 635 526 nascenti
662 491 836 542 puero
848 516 862 539 ‚

899 492 1011 543 quo
1029 474 1206 527 ferrea
1225 479 1467 545 primum

96 545 343 614 Desinet,
380 562 442 598 ac
464 553 582 595 toto
605 554 788 612 surget
805 561 939 612 gens
961 563 1120 597 aurea
1140 548 1369 613 mund0‚

97 673 307 709 Tenendum
336 673 449 716 enim,
481 673 669 719 repetitum
691 674 900 709 vocabulum
924 674 983 709 vel
998 675 1156 710 Verbum
1185 674 1360 710 interdum
1387 675 1458 709 vim
1489 676 1623 712 habere

98 721 319 766 repetendae
337 719 518 766 *copulaez
553 723 656 757 Aen.-
665 721 742 764 Vn,
768 722 872 758 322:
904 722 1017 764 „Odit
1045 731 1082 755 et
1114 722 1194 767 ipse
1217 730 1320 767 pater
1338 723 1490 765 Pluton,
1515 725 1624 759 odere

98 778 242 810 sorores
274 769 469 807 Tattareae
491 771 720 803 mommm.“
752 770 846 810 VIII,
873 769 953 805 91.:
978 769 1152 811 „Labitur
1171 777 1278 804 uncta
1294 770 1394 804 vadis
1411 770 1527 803 abies:
1551 773 1623 805 mi·-

97 822 236 849 raueur
263 822 302 848 et
327 815 464 858 undae,
497 817 665 849 Miratur
681 827 803 850 nemus
826 816 1002 850 insuetum
1027 816 1203 861 fulgentia
1224 817 1330 862 longe
1350 821 1456 852 Scuta
1476 817 1622 851 virum.“

96 861 165 903 XI,
190 862 292 898 162:
317 862 435 904 „Quin
453 873 520 908 ego
536 874 610 895 non
631 862 703 896 alio
722 862 848 908 digner
866 870 903 896 te
921 864 1044 897 funere
1059 890 1067 906 ‚
1091 863 1208 906 Palla,
1242 866 1354 906 Quam
1374 864 1453 909 pius
1475 867 1622 907 Aeneas,

94 914 137 944 nt
153 917 256 960 qun
270 909 399 964 “mgni
418 909 598 955 Phryges,
621 916 658 943 et
676 922 779 955 qnam
799 911 1056 956 Tyrrhenique
1073 911 1179 944 duces
1191 937 1201 951 ,
1231 911 1466 956 Tyrrhenum
1485 912 1623 945 exerci-

180 959 345 1002 onms.“
388 957 470 999 XII,
498 955 568 993 548

192 1001 234 1037 εὲ
255 1003 491 1038 Dardanidae.
501 1006 523 1022 “

570 969 598 990 .:
637 958 777 1000 „Totae
807 958 898 991 adeo
919 969 1108 991 conversae
1132 958 1243 998 acies,
1277 971 1471 1004 omnesque
1495 959 1621 1001 Latini,

578 1004 714 1038 Eodem
741 1005 848 1038 modo
877 1004 1101 1049 Praepositio
1130 1005 1323 1050 repetitur.-
1347 1008 1434 1039 Aen.
1451 1006 1500 1047 X,
1518 1006 1621 1042 313.:

29 1043 34 1047 ⁶
90 1047 205 1093 ,fluuio
225 1049 345 1096 gladio
361 1062 505 1097 perque
520 1062 624 1084 aerea
642 1057 730 1093 suta,
755 1053 829 1086 Per
850 1051 1001 1085 tunicam
1023 1051 1239 1098 squalentem
1261 1063 1365 1092 auro,
1390 1052 1484 1085 latus
1506 1052 1623 1086 haurit

271 1099 293 1116 ⁴⁴
338 1097 431 1132 Hinc
449 1097 555 1132 edam
572 1099 815 1143 reponendum
833 1106 927 1132 esset
946 1100 1010 1132 Ge.
1030 1100 1055 1140 Ι,
1073 1100 1176 1136 312:
1204 1098 1287 1140 „ubi
1314 1101 1387 1133 iam
1409 1098 1623 1145 breviorque

97 1143 194 1186 dios,
225 1145 300 1179 iam
322 1144 467 1180 mollior
492 1148 659 1187 aeetas,“
691 1145 722 1179 si
742 1145 901 1191 potiores
931 1145 1073 1180 codices
1105 1145 1323 1180 addicerent.
1369 1146 1460 1179 Hinc
1476 1146 1622 1179 defendi

98 1190 206 1225 etiam
229 1191 366 1237 poterit
390 1191 532 1237 vulgata
554 1192 664 1226 lectio
684 1194 748 1227 Ge.
777 1194 836 1234 111,
856 1191 940 1230 480.
960 1205 1035 1238 sq.:
1069 1193 1138 1234 „Et
1156 1205 1266 1238 genus
1288 1204 1390 1226 omne
1411 1192 1490 1226 neci
1509 1205 1622 1238 pecu-

97 1237 179 1272 dmn
197 1237 310 1281 dedit,
337 1250 440 1273 omne
459 1239 623 1282 ferarum,
650 1242 891 1287 Cot-rupitque
906 1239 1013 1282 lacus,
1036 1238 1167 1286 infecit
1182 1239 1312 1285 pabula
1332 1240 1418 1273 tabo
1429 1243 1470 1282 ;“
1495 1252 1622 1284 nempe

98 1282 349 1366 snsedffem
373 1286 471 1329 fere,
503 1286 600 1332 quod
623 1289 811 1333 corrupit5
845 1286 916 1320 vid.
934 1293 1052 1320 tamen
1075 1287 1120 1320 V.
1136 1287 1177 1320 L.
1199 1286 1244 1320 ad
1262 1299 1312 1320 νε.
1331 1287 1412 1323 481.
1460 1287 1622 1320 Ceterum

95 1342 179 1366 uro
197 1331 221 1344 '⁸
269 1330 328 1366 his
353 1332 460 1367 etiam
489 1341 527 1366 et
553 1333 768 1378 geminatur,
801 1341 839 1367 ut
863 1334 955 1367 infra
982 1346 1033 1366 vs·
1055 1334 1136 1370 24.:
1172 1334 1345 1375 „Occidet
1363 1342 1400 1366 ec
1422 1345 1567 1378 serpens
1585 1342 1623 1367 et

89 1378 348 1433 fallax-herba
374 1380 502 1415 veneni
525 1381 706 1414 Occidet.“
735 1381 830 1424 lVr.)

78 1432 305 1471 ‘nnat-lone.

95 1556 260 1582 manum
277 1543 401 1596 vulgo
416 1544 559 1583 referri
575 1544 748 1594 solebat,
788 1545 833 1584 in

95 1614 202 1652 quo,
231 1601 306 1640 ubi
331 1602 477 1640 ula'ma
504 1610 620 1640 aetas
641 1602 832 1642 advenis-

96 1664 184 1708 set,
229 1672 352 1711 quam
371 1659 427 1698 de
452 1673 525 1698 sua
552 1666 683 1699 aetate
699 1661 830 1700 inter-

88 1723 286 1771 pretatur
315 1723 461 1770 poeta,
490 1718 704 1758 meliorum
724 1725 831 1758 tem-

90 1788 245 1828 ,Pomm
277 1775 404 1826 ordo,
449 1789 523 1829 per
549 1772 831 1819 &amdam-

97 1845 165 1874 σιν
204 1832 402 1885 aliquam,
444 1834 578 1873 denuo
611 1834 832 1887 procedere

91 1889 387 1942 nuntiabatur-3
441 1906 558 1943 nam,
609 1893 833 1932 Cumaeum

29 1999 36 2005 ·
88 1962 260 1989 emmam
278 1949 330 1988 de
344 1951 551 1989 Hesiodea
565 1981 577 2000 ,
611 1965 635 1988 a
653 1950 728 1989 Dio
746 1951 831 1989 eius

95 2004 226 2061 patre,
257 2007 385 2046 Cuma
401 2008 575 2048 oriundo
598 2006 700 2062 (vid.
721 2009 831 2062 Ope-

92 2078 145 2106 ra
172 2071 215 2104 et
274 2065 329 2104 'es
366 2079 408 2106 v.
430 2070 518 2109 636
546 2065 647 2121 sq.),
686 2080 833 2106 secun—

98 2122 198 2162 dum
214 2121 422 2163 Valerium
446 2125 647 2175 Probum,
686 2125 834 2164 Gram-

95 2181 304 2231 mutinum,
322 2182 544 2234 intelligere
564 2180 674 2236 (cum
688 2182 835 2221 Fabri-—

98 2238 162 2277 cio
198 2238 301 2278 Bibl.
337 2239 478 2279 Graec.
514 2240 552 2290 I,
581 2243 660 2290 30,
694 2240 759 2290 14,
793 2246 834 2279 et

98 2296 277 2336 Graevio
290 2296 419 2336 Lectt.
439 2298 603 2337 Hesiod.
622 2312 655 2337 c.
672 2297 730 2353 5.)
747 2313 834 2338 non

97 2353 206 2393 licet.
263 2354 374 2395 Nihil
401 2356 508 2396 enim
534 2356 579 2395 in
607 2356 677 2395 illo
697 2356 747 2395 de
764 2370 834 2396 re-

97 2412 360 2453 volventibus
380 2426 423 2452 se
441 2427 491 2453 ac
506 2413 700 2454 redituris
717 2420 833 2453 aeta-

96 2470 210 2509 fibus
243 2471 479 2512 melioribus
514 2473 712 2511 occurrit:
753 2472 833 2511 nisi

100 2528 269 2568 obscure
292 2529 425 2569 elicias
444 2544 497 2570 ex
521 2544 581 2569 vs.
607 2530 688 2573 175
719 2527 833 2582 ὄφει-

99 2589 238 2627 λον-
251 2583 283 2640 ἦ
292 2584 453 2643 πρόσθε
471 2593 635 2638 θανεῖν,
650 2585 681 2641 ἢ
696 2587 832 2629 ἔπειτα

100 2643 309 2699 γενέσθαι.
368 2646 484 2695 Quot
502 2653 654 2685 aetates
680 2645 833 2698 Sibylla

100 2702 358 2742 constituerit
371 2734 383 2753 ‚
423 2717 475 2743 ex
505 2703 548 2743 h.
574 2704 601 2743 1.
625 2718 710 2743 non
731 2717 833 2742 con—

99 2764 195 2798 stat.
246 2760 387 2807 Etiam
417 2762 462 2800 111
500 2768 681 2801 retracto
719 2768 833 2800 aeta-

98 2822 191 2855 tum
211 2830 335 2857 cursu
358 2832 458 2858 mox
483 2826 648 2859 tantum
675 2833 832 2858 memo—

99 2880 219 2914 ratur
258 2875 401 2916 melior
440 2890 512 2917 seu
550 2891 672 2917 aurea
710 2883 831 2926 aetas,

99 2945 173 2970 sua
204 2933 373 2972 exordia
391 2963 403 2983 ‚
439 2935 704 2976 vincrementa
728 2965 740 2985 ‚
790 2941 833 2973 et

100 2984 239 3042 ἆκμήν
277 2989 443 3031 habens.
509 2993 551 3032 Si
588 3006 709 3044 quem
732 3006 831 3031 vero

98 3046 203 3086 illud
234 3048 343 3087 male
377 3047 523 3099 habet,
563 3050 697 3102 quod,
740 3064 833 3089 cum

924 1381 948 1416 7
972 1381 1171 1414 dimittitur
1194 1372 1257 1414 asstii
1282 1392 1340 1426 ap.
1362 1381 1490 1424 Burm„
1515 1380 1621 1415 solita
1648 1383 1653 1387 '

398 1427 422 1462 9
446 1435 484 1461 et
501 1428 641 1472 Menag.
660 1439 718 1473 pr.
739 1436 781 1462 ac
797 1427 906 1463 Goth.
926 1439 997 1461 sec.

889 1545 1091 1584 Cumanae
1102 1543 1275 1596 Sibyllae
1289 1543 1383 1582 libri
1398 1543 1442 1581 in
1454 1542 1621 1596 Capito-

888 1603 944 1642 lio
976 1608 1237 1642 servarentur
1253 1631 1266 1651 ,
1307 1600 1407 1639 nihil
1442 1613 1495 1639 ex
1518 1601 1566 1639 iis
1597 1615 1621 1638 a

886 1668 1009 1714 poeta
1027 1661 1120 1700 sciri
1147 1665 1220 1698 aut
1242 1658 1399 1710 vulgari
1420 1658 1620 1710 potuerit:

889 1718 1114 1758 tenendum
1145 1723 1226 1766 est,
1268 1716 1513 1755 auctoritate
1547 1717 1621 1754 Se-

887 1783 1030 1826 natus,
1061 1789 1142 1828 qua
1167 1774 1329 1827 quidem
1355 1774 1453 1812 talia
1479 1773 1542 1826 agi
1562 1774 1620 1812 sas

890 1840 979 1873 erat
997 1832 1054 1888 (v.
1072 1834 1147 1873 Dio
1166 1832 1442 1881 lib.XXXlX‚
1464 1844 1496 1870 c.
1521 1829 1619 1885 15.),

888 1892 1018 1931 multa
1043 1891 1191 1945 passim
1208 1903 1260 1929 ex
1279 1889 1394 1929 libris
1414 1889 1620 1941 Sibyllinis

888 1951 1072 2002 vulgata,
1122 1955 1164 1988 et
1195 1953 1406 2002 praeterea
1431 1961 1621 1999 magnum

889 2008 1102 2047 effatorum
1141 2006 1429 2059 Sibyllinorum
1474 2018 1620 2044 nume-

885 2079 1004 2116 rum,
1045 2065 1315 2115 undecunque
1345 2070 1555 2116 acceptum
1579 2068 1620 2100 et

891 2137 944 2163 ex
959 2124 1116 2163 cunctis
1139 2123 1323 2175 gentibus
1346 2127 1618 2175 apportatum,

890 2182 1012 2234 vulgo
1051 2182 1160 2221 inter
1202 2180 1384 2219 homines
1424 2180 1620 2217 iactatum

891 2240 1023 2279 fixisse.
1058 2244 1102 2279 'v.
1135 2239 1441 2291 Argumentum.
1511 2237 1620 2275 Con-

891 2297 1027 2337 stituit
1044 2304 1179 2336 autem
1200 2302 1323 2350 poeta
1351 2300 1524 2333 aetatem
1544 2307 1619 2331 au-

888 2368 1002 2394 ream
1031 2369 1105 2409 per
1132 2361 1264 2394 certos
1289 2353 1438 2406 gradus
1457 2366 1503 2391 ac
1516 2365 1620 2405 pro-

889 2426 1066 2464 gressus,
1112 2427 1214 2467 quos
1251 2411 1475 2451 secundum
1511 2410 1619 2449 vitae

889 2470 1090 2510 humanae
1111 2471 1261 2523 gradus
1282 2468 1511 2517 constituit3
1546 2480 1619 2519 per

887 2529 1125 2582 pueritiam,
1157 2529 1342 2571 18-25
1362 2527 1459 2565 dum
1477 2524 1619 2563 aetatis

885 2587 1042 2626 ferreae
1072 2586 1179 2626 mala
1221 2586 1401 2625 desitura
1414 2615 1427 2634 ,
1475 2594 1619 2621 aureae

888 2645 997 2684 bona
1031 2645 1219 2684 reditura
1258 2649 1372 2692 sunt3
1418 2648 1508 2680 tum
1546 2653 1618 2692 per

889 2703 1201 2742 adolescentiam
1219 2732 1231 2751 ,
1280 2714 1360 2752 qua
1404 2698 1618 2752 perfectior

890 2761 1052 2812 quidem
1085 2767 1214 2810 aetas,
1266 2758 1450 2797 heroicae
1482 2762 1616 2793 tamen

889 2818 1038 2869 similis,
1068 2831 1306 2872 processura
1326 2816 1398 2864 sit3
1427 2813 1616 2855 26—36

890 2890 984 2915 cum
1012 2876 1125 2916 virili
1158 2883 1293 2916 autem
1321 2878 1471 2919 aetate,
1509 2875 1617 2906 tam-

890 2947 1013 2985 quam
1042 2935 1167 2972 tertio
1204 2933 1335 2986 gradu
1366 2930 1497 2981 ipsum
1528 2937 1617 2962 sae-

891 2992 1029 3030 culum
1050 2992 1288 3030 Saturnium
1311 2999 1393 3025 esse
1411 2995 1617 3023 successu-

888 3062 995 3088 rum.
1052 3050 1212 3089 Poetica
1245 3047 1346 3086 haec
1377 3054 1459 3081 esse
1482 3038 1616 3092 phan-

1254 3127 1335 3171 9*
