1768 3320
200 226 304 276 298

531 223 587 273 Ρ.
624 221 986 274 VIRGILII
1025 222 1398 275 MARONIS

199 348 361 401 Unde
381 348 529 415 prius
552 349 754 399 laetum
773 348 965 416 siliqua
994 360 1276 418 quassante
1297 350 1571 417 legumen,

198 422 307 470 Aut
327 419 504 469 tenuis
526 418 667 470 fetus
690 420 879 483 viciae,
917 419 1188 489 tristisque
1224 421 1396 488 lupini

1658 425 1728 476 75

201 489 488 540 Sustuleris
508 488 721 556 fragiles
743 489 973 540 calamos
1003 491 1298 559 silvamque
1321 500 1621 544 sonantem.

197 562 316 612 Urit
337 560 484 610 enim
502 560 596 611 lini
624 578 877 627 campum
897 576 1070 626 segeS,
1106 562 1214 612 urit
1232 578 1446 626 avenae,

196 633 375 683 Urunt
392 630 633 681 Lethaeo
657 628 875 698 perfusa
895 648 1159 698 papavera
1176 648 1398 683 somnoz

267 731 352 778 77.
380 739 615 783 AVENAE3

685 730 768 777 78.
807 739 1005 777 SOMNO.

242 851 291 890 74
315 854 447 887 lectum
467 855 568 888 Rom.
591 853 710 888 Pierii.
751 852 899 900 foetum
922 853 1068 898 legebat
1094 853 1236 896 Reisk.,
1271 860 1310 887 at
1330 853 1490 900 sequitur
1506 852 1617 902 ficus
1643 855 1728 890 sili-

162 905 165 908 '
195 913 302 947 quae.

387 902 443 937 ’75
469 909 600 935 tenues
629 902 699 935 duo
728 902 865 943 Burm.,
896 900 935 934 it.
962 900 1126 943 Servius,
1162 907 1197 934 et
1227 900 1308 935 edd.
1337 901 1540 936 nonnullae.
1588 903 1729 950 lupinis

194 947 324 982 Medic.
352 948 434 994 (hoc
452 949 545 982 unde
565 949 698 982 habeat
712 947 884 993 Heynius,
907 947 1049 989 nesci03
1075 948 1197 995 lupini
1215 954 1312 982 certe
1330 961 1387 995 ap.
1401 949 1552 995 FoggIn.
1600 967 1648 976 -·
1669 950 1727 986 76.

187 994 348 1043 fragilis
367 996 528 1030 calomos
547 996 697 1037 Medic.;
722 995 945 1029 substuleris
963 998 1058 1029 Serv.
1079 995 1207 1028 Dresd.
1237 996 1334 1040 Wr.)

195 1055 252 1088 ap.
271 1043 453 1077 Columell.
475 1045 526 1085 II,
554 1042 618 1085 14,
644 1045 687 1084 33
720 1042 842 1076 laudat
861 1054 1002 1088 quoque
1019 1043 1107 1076 Plin.
1124 1043 1240 1084 XVII,
1258 1044 1291 1085 9,
1311 1043 1346 1079 7.

1419 997 1465 1033 77
1490 998 1624 1031 Versus
1647 1005 1728 1031 sunt

1441 1045 1488 1081 78
1511 1044 1726 1079 Lethaeum.

194 1091 383 1135 Ληθαῖος.
432 1090 503 1125 Alii
521 1092 717 1133 Ledaeum,
743 1090 845 1124 male.
867 1090 939 1124 vid.
953 1090 998 1124 ad
1012 1092 1100 1124 Aen.
1120 1091 1274 1134 V1‚7o5.

194 1197 294 1235 alio
315 1218 373 1227 -—
391 1198 557 1236 alterius
572 1220 631 1227 —
650 1198 772 1237 anni
802 1205 928 1236 tem-

191 1269 219 1308 p
236 1270 291 1294 or
304 1268 336 1294 e.
383 1256 584 1310 Praecipit
600 1263 733 1309 poeta,
755 1263 804 1295 ut
822 1270 927 1309 ager,

190 1313 236 1352 in
264 1328 344 1366 quo
380 1315 518 1368 priore
551 1329 657 1353 anno
686 1315 795 1355 veris
821 1321 929 1355 tem-

190 1385 290 1425 pore
333 1374 433 1412 satio
471 1374 578 1412 facta
614 1373 667 1412 sit
688 1404 699 1424 ‚
739 1374 927 1426 proximo

192 1445 298 1469 anno
320 1438 540 1471 auctumno
562 1432 725 1471 demum
747 1438 928 1483 seratur3

192 1490 242 1528 cf.
268 1503 327 1528 vs.
356 1490 454 1533 215.
476 1496 517 1528 et
543 1493 641 1532 220.
670 1491 791 1529 Jahn.
811 1504 929 1530 secu-

189 1554 257 1587 tus
282 1547 413 1603 Voss.)
476 1547 544 1591 74.
566 1549 634 1591 75.
665 1552 732 1591 76.
765 1556 928 1588 ornate:

188 1606 300 1645 unde
329 1607 442 1660 prius
475 1607 686 1645 messueris
723 1607 848 1646 vieias
888 1613 929 1646 et

187 1664 361 1717 lupinos.
393 1666 581 1717 legumen
611 1666 763 1718 siliqua
799 1681 928 1719 quas-

189 1731 302 1760 sante
316 1740 327 1761 :
348 1723 459 1776 quod
471 1722 594 1762 habet
605 1723 790 1775 siliquam
803 1738 927 1776 quas-

189 1788 438 1821 santem‘se:
478 1795 550 1821 seu
579 1788 705 1821 vento
737 1796 808 1821 seu
846 1783 925 1822 alio

187 1839 345 1892 impetu
372 1840 589 1892 agitatum,
621 1840 805 1893 inprimis
832 1855 925 1880 cum

190 1898 372 1937 exaruit:
403 1898 514 1938 unde
533 1912 631 1936 mox
651 1899 757 1938 silva
775 1914 925 1938 sonans

189 1955 239 1994 de
288 1971 382 2009 agro
425 1957 577 2008 siliquis
620 1958 789 1995 consito.
859 1958 924 1996 Sic

188 2029 341 2068 quassa
370 2017 562 2053 cinnama
595 2015 706 2067 apud
728 2015 924 2056 Ovidium

186 2072 284 2112 Met.
313 2073 403 2123 XV,
434 2076 518 2115 399
548 2079 658 2112 recte
689 2086 729 2111 se
756 2073 922 2125 habent,

186 2144 263 2170 nec
300 2132 377 2170 alia
414 2132 485 2170 illa
521 2137 617 2170 sunt
646 2145 768 2183 quam
795 2133 920 2173 arida.

186 2190 243 2227 De
262 2190 354 2228 saba
367 2196 500 2229 autem
513 2190 810 2242 interpretatur
821 2205 922 2244 poe-

185 2254 272 2286 tam
299 2248 452 2287 Plinius
477 2249 503 2287 l.
535 2248 561 2287 1.
593 2254 634 2287 et
661 2248 786 2299 XVII,
822 2253 860 2300 9,
882 2253 920 2292 7.

186 2306 255 2349 75.
286 2309 414 2345 tenuis
434 2308 565 2356 vicia,
601 2307 695 2358 quia
721 2308 835 2346 tenui
856 2321 921 2346 se-

184 2364 320 2415 mine,
362 2365 394 2403 si
433 2379 525 2403 cum
563 2365 655 2403 faba
691 2380 921 2419 compares:

185 2437 280 2462 nam
299 2429 465 2462 tenuem
489 2422 667 2462 culmum
695 2438 788 2463 cum
812 2431 921 2463 cete-

183 2481 242 2520 ris
280 2494 534 2520 communem
578 2480 761 2520 haberet.
800 2485 921 2521 tristis

184 2540 319 2590 lupini
328 2570 338 2590 ,
381 2540 527 2588 amari,
572 2546 620 2578 ut
645 2553 780 2593 saepe3
820 2555 920 2579 con-

181 2597 373 2637 tristatur
414 2597 519 2635 enim
549 2597 798 2649 degustantis
824 2599 920 2638 vul-

182 2661 271 2705 tus,
310 2662 359 2695 ut
391 2670 451 2708 ap.
483 2654 661 2694 Macrob.
694 2656 760 2705 VI,
781 2656 828 2706 5;
859 2663 920 2695 est

182 2726 306 2766 genus
343 2713 552 2765 leguminis
572 2743 582 2763 ,
623 2727 848 2766 pauperum
879 2721 920 2753 et

184 2771 430 2825 Cynicorum
449 2771 602 2820 victus,
635 2770 809 2825 θέρμος-ε
834 2786 918 2810 non

183 2828 516 2869 confundendum
540 2842 633 2867 cum
651 2829 805 2881 lupulo.
835 2830 919 2868 Lu—

182 2888 269 2942 pini
287 2901 394 2941 seges
424 2901 519 2939 agro
548 2887 812 2926 stercorando
842 2887 918 2926 ad-

182 2946 352 2986 modum
382 2945 494 2985 utilis
515 2943 676 2996 habita3
706 2945 751 2983 in
777 2944 917 2997 primis

183 3004 423 3044 succedente
481 3002 691 3044 confestim
748 3009 886 3042 aratro
908 3018 917 3042 :

986 1197 1090 1236 conf.
1107 1197 1209 1237 Plin.
1228 1199 1354 1249 XVII,
1391 1201 1431 1248 9,
1454 1213 1484 1238 s.
1500 1202 1550 1250 73
1580 1199 1724 1251 XVIII,

990 1253 1056 1305 14,
1079 1270 1108 1295 s,
1130 1259 1206 1307 36,
1245 1257 1352 1310 inpr.
1385 1257 1540 1296 Colum.
1568 1258 1623 1307 II,
1658 1258 1724 1308 14,

989 1316 1009 1353 1
1034 1328 1119 1366 sqq.
1146 1321 1187 1353 et
1212 1315 1270 1366 H,
1290 1315 1356 1365 15,
1383 1315 1422 1358 5.
1454 1314 1566 1355 Alios
1585 1315 1669 1355 vid.
1680 1317 1725 1355 in

991 1373 1082 1413 Not.
1116 1373 1168 1411 ad
1201 1374 1380 1426 Geopon.
1411 1373 1473 1424 H,
1506 1376 1575 1423 39,
1609 1377 1647 1416 6.
1667 1397 1725 1405 —-

988 1435 1056 1474 76.
1070 1431 1252 1483 fragilis
1283 1431 1467 1470 calamos
1482 1462 1493 1482 ,
1529 1432 1624 1484 quia
1641 1430 1725 1471 ari-

989 1490 1049 1540 di,
1082 1496 1130 1528 ut
1155 1490 1236 1529 Ecl.
1257 1489 1360 1540 VIII,
1392 1492 1462 1541 82,
1487 1496 1529 1529 et
1553 1497 1724 1544 propter

986 1547 1065 1587 hoc
1082 1579 1092 1598 ,
1145 1548 1178 1587 si
1225 1554 1444 1587 moventur
1458 1579 1468 1599 ‚
1522 1556 1722 1589 sonantes.

986 1606 1146 1645 Lucret.
1166 1607 1231 1657 VI,
1252 1609 1330 1648 111
1352 1606 1636 1660 hincfragtles
1654 1623 1721 1646 so-

985 1667 1093 1703 nitus
1122 1665 1269 1704 iunxit.
1299 1666 1448 1704 silvam
1476 1666 1635 1718 poetica
1651 1680 1722 1705 ra—

985 1723 1118 1773 tione,
1157 1737 1237 1775 qua
1263 1723 1386 1762 etiam
1405 1723 1555 1763 florum
1573 1755 1584 1774 ,
1623 1724 1722 1763 her-

983 1781 1150 1831 barum,
1189 1781 1290 1820 silva
1318 1788 1434 1833 grata
1459 1782 1720 1822 similitudine

985 1839 1148 1878 dicitur.
1199 1840 1264 1878 Sic
1281 1839 1503 1879 herbarum
1520 1842 1721 1881 malarum

983 1898 1086 1938 silva
1117 1898 1187 1936 inf.
1220 1911 1279 1937 VS.
1317 1899 1422 1949 152,
1462 1905 1503 1938 et
1530 1900 1604 1950 IV,
1633 1903 1720 1942 273

984 1956 1034 1994 de
1074 1956 1305 1994 centaurio:
1353 1971 1433 1995 uno
1478 1957 1527 1996 cle
1571 1960 1719 2010 cespite

981 2016 1088 2053 silva
1109 2015 1348 2054 culmorum.
1377 2024 1600 2065 sonantem,
1625 2017 1720 2068 quia

982 2073 1125 2111 calami
1153 2073 1257 2111 aridi
1290 2079 1406 2124 sunt,
1447 2080 1496 2112 ut
1528 2074 1717 2114 diximus

982 2132 1119 2170 Silvas
1147 2131 1373 2169 cannabb'as
1412 2131 1518 2171 dixit
1552 2133 1718 2173 Gratius

980 2190 1126 2242 Cyneg.
1145 2188 1201 2232 47
1221 2203 1296 2242 pro
1315 2195 1456 2242 segete.
1516 2194 1584 2233 77.
1614 2192 1717 2230 Poe—

979 2248 1060 2287 tica
1101 2248 1302 2287 suavitate
1338 2262 1413 2301 pro
1436 2264 1444 2287 :
1495 2249 1579 2288 lino
1610 2250 1717 2290 enim

979 2307 1046 2346 vel
1066 2320 1195 2345 avena
1213 2306 1280 2346 vel
1309 2320 1510 2359 papavere
1537 2308 1615 2347 seri
1636 2322 1716 2348 no-

977 2365 1047 2404 lim
1059 2379 1200 2417 agrum
1210 2365 1606 2417 interquiescentem3
1621 2380 1716 2405 nam

980 2437 1026 2461 ea
1061 2429 1192 2462 urunt
1237 2422 1276 2462 h.
1313 2424 1519 2463 exsiccant
1561 2439 1714 2475 agrum.

978 2481 1141 2534 Repetit
1164 2494 1215 2519 ex
1234 2487 1373 2520 nostro
1397 2482 1497 2520 Plin.
1519 2483 1646 2532 XVII,
1667 2485 1710 2532 9,

979 2554 1008 2578 s.
1027 2542 1065 2581 7.
1097 2539 1251 2577 Colum.
1281 2539 1330 2588 II,
1362 2538 1427 2589 14,
1447 2542 1485 2581 3.
1508 2541 1557 2579 cf.
1576 2540 1625 2591 H,
1647 2543 1713 2591 10,

985 2600 1052 2639 17.
1083 2597 1234 2636 Pallad.
1258 2596 1426 2636 Octobr.
1447 2600 1486 2639 2.
1528 2598 1636 2638 Hinc
1658 2600 1713 2638 li-

976 2670 1075 2693 num
1087 2655 1130 2693 in
1145 2669 1239 2705 agro
1254 2654 1423 2694 humido
1440 2655 1519 2695 seri
1530 2658 1652 2708 solet3
1672 2664 1714 2697 et

977 2712 1143 2751 Gratius
1169 2713 1312 2765 Cyneg.
1333 2712 1417 2755 334
1455 2714 1621 2765 Optima
1642 2716 1711 2754 Ci-

976 2771 1152 2822 nyphiae
1163 2771 1342 2822 paludes
1362 2772 1450 2810 lina
1468 2772 1634 2813 dabunt.
1659 2774 1710 2813 cf.

977 2842 1061 2880 sqq.
1108 2830 1176 2870 78.
1191 2828 1364 2879 perfusa
1381 2844 1712 2882 somnopapave-

975 2901 1039 2935 ra,
1061 2899 1162 2938 quae
1174 2885 1327 2926 habent
1340 2887 1424 2926 vim
1437 2889 1690 2942 soporificam
1698 2904 1710 2940 ;

977 2957 1079 2996 quae
1098 2950 1248 2983 natura
1274 2945 1379 2998 nigri
1397 2947 1611 3000 praecipue
1634 2962 1709 3001 pa-

975 3002 1135 3054 paveris
1155 3008 1227 3042 est.
1266 3003 1315 3042 cf.
1337 3002 1378 3043 h.
1398 3004 1424 3043 1.
1441 3004 1605 3050 Martin.
