1768 3320
153 224 256 273 312

480 221 536 270 Ρ.
571 219 922 271 VIRGILII
965 217 1338 269 MARONIS

149 349 304 398 Esset
320 345 511 411 robigo
526 386 539 410 ‚
575 346 861 412 segnisque.
883 343 1133 395 horreret
1152 345 1206 394 in
1230 345 1362 395 arvis

154 416 418 469 Carduus:
455 417 728 466 intereunt
747 423 978 479 segetes3
1015 415 1158 465 subit
1179 433 1362 483 aspera
1383 414 1523 479 silva,

150 491 474 554 Lappaeque
493 485 805 552 tribulique3
841 484 1090 552 interque
1112 485 1334 535 nitentia
1357 485 1493 536 culta

150 556 342 609 Infelix
363 556 552 607 lolium
579 565 632 606 et
653 554 858 605 steriles
885 553 1233 606 dominantur
1254 572 1463 607 avenae.

199 698 263 735 151
292 695 418 744 robigo
437 695 601 730 meliores
617 694 794 729 scribunt:
819 692 960 741 (robigo
980 694 1035 728 bis
1054 694 1091 728 in
1107 695 1220 730 Fastis
1237 696 1416 730 Praenest.
1434 707 1471 741 p.
1489 696 1571 733 326.
1591 697 1675 731 edit.

152 748 246 779 Suet.
266 744 379 779 Wolf.
410 744 504 787 er.)
537 743 686 776 dederat
711 742 781 775 hoc
809 741 878 775 iam
897 741 1100 775 Commelin.
1127 755 1146 776 e
1165 742 1274 776 Palat.
1299 749 1335 776 et
1355 743 1535 777 revocavit
1554 744 1676 779 Heius.

151 804 218 838 pro
240 791 383 839 rubigo.
433 791 621 824 horrescet
644 791 734 824 Ven.

845 789 911 825 153
936 787 1133 835 tribolique
1153 791 1255 823 Rom.
1275 790 1404 824 Medic.
1428 797 1462 824 et
1481 790 1571 825 Gud.
1620 791 1678 826 sic

153 840 259 873 etiam
292 841 423 882 Georg.
446 839 504 877 ΙΙΙ,
529 838 609 872 385.
660 837 787 881 (Quum
814 836 940 878 modo,
973 835 1100 870 iisdem
1124 837 1227 871 codd.
1251 837 1514 883 obtemperans,
1549 838 1678 886 robigo

151 886 309 932 Heynius
332 884 550 926 exhibuerit,
574 896 646 917 non
663 883 789 924 video,
825 895 885 916 cur
908 882 966 916 hic
986 882 1113 918 triboli
1130 884 1267 918 exarari
1287 884 1451 918 noluerit.
1483 885 1580 930 Wr.)
1617 888 1678 920 vi-

153 934 275 967 rentia
303 933 404 966 calta
421 931 582 964 Parrhas.
605 938 640 964 et
662 930 717 963 ed.
734 930 882 964 Mediol.

931 930 1002 964 Sed
1022 930 1091 964 vid.
1113 931 1227 965 Burm.
1256 931 1301 965 ad
1323 933 1453 977 Georg.
1471 934 1514 975 II,
1532 934 1601 969 211
1626 936 1678 968 Ab

152 981 258 1014 radis
278 981 413 1013 enituit
427 978 584 1024 impulso
604 990 749 1012 vomere
766 989 926 1024 campus.
976 977 1086 1011 Obvia
1105 985 1201 1020 sunt,
1231 980 1350 1012 nitere
1369 990 1458 1025 quae
1477 979 1570 1015 culta
1585 987 1677 1023 sunt,

151 1027 313 1073 squalere
333 1032 369 1060 et
388 1026 536 1058 horrere
553 1024 684 1058 inculta
698 1050 707 1066 ,
741 1024 809 1058 ista
833 1037 910 1058 esse
937 1024 1037 1058 laem
1060 1025 1250 1070 adspectu,
1274 1025 1363 1060 haec
1385 1026 1511 1061 tristia.

1609 1027 1679 1064 154

151 1082 357 1109 nascuntur
374 1074 503 1106 Moret.
526 1084 595 1106 sec.
615 1084 657 1106 ex
677 1071 750 1106 Ecl.
768 1073 814 1115 V,
836 1073 894 1108 37.
919 1070 981 1105 ubi
998 1071 1093 1106 idem
1114 1084 1245 1107 versus.

150 1193 232 1232 late
274 1205 433 1245 serpere
462 1198 503 1231 et
534 1205 668 1231 semen
702 1205 887 1244 quaqua-

150 1265 292 1291 versus
312 1250 568 1290 disseminare
586 1251 707 1300 solet3
738 1263 789 1289 ex
802 1263 886 1289 uno

152 1309 259 1348 enim
284 1309 445 1347 seminis
470 1323 596 1362 grano
624 1308 767 1363 viginti
784 1321 886 1359 qua-

150 1373 247 1406 tuor
282 1367 408 1405 millia
431 1397 442 1417 ,
490 1368 623 1421 primo
644 1398 655 1417 ,
707 1366 887 1418 adeoque

151 1425 363 1477 quinquies
380 1426 520 1464 millies
542 1425 750 1465 ducenties
769 1438 887 1463 sexa-

150 1484 232 1536 gies
246 1490 414 1522 centena
430 1484 554 1523 millia
566 1481 884 1538 (526‚000,000)

150 1555 370 1594 granorum
389 1542 640 1581 seminalium
657 1542 785 1580 altero
811 1555 886 1579 an-

151 1614 205 1638 no
242 1599 416 1652 produci
452 1614 568 1653 posse
614 1600 759 1639 aiunt:
801 1599 884 1638 vid.

150 1657 315 1696 Martin.
343 1660 497 1709 segnis,
528 1658 599 1710 qui
630 1658 752 1698 efficit
769 1670 885 1708 segne

152 1729 223 1754 seu
252 1715 436 1754 retardat
455 1746 466 1766 ,
507 1717 559 1754 ad
599 1716 885 1768 quodcumque

153 1773 404 1812 adhaerescit
414 1788 425 1824 3
454 1780 592 1813 tenax.
633 1774 803 1823 Quoties
821 1779 888 1812 ta—

151 1845 244 1871 men
267 1826 331 1869 ad*
347 1829 388 1870 h.
405 1831 432 1870 l.
461 1832 607 1881 redeo,
637 1832 889 1884 interpreta—

150 1890 303 1929 tionem
313 1889 441 1928 sentio
457 1890 646 1928 subtilem
664 1890 786 1942 magis
806 1902 889 1927 esse

153 1961 275 2000 quam
292 1960 443 1987 veram.
494 1948 566 1987 Vir
588 1947 754 1997 doctus,
783 1946 888 1986 Mei—

153 2011 301 2056 erotto,
333 2018 379 2044 eo
398 2006 631 2056 revocabat,
663 2005 774 2058 quod
794 2019 886 2044 car-

154 2063 260 2103 duus
287 2069 470 2102 aratrum
505 2077 576 2103 seu
608 2069 787 2103 rastrum
817 2077 883 2103 re-

153 2121 304 2160 tardat.
364 2122 444 2160 Sed
461 2128 642 2174 praestat
661 2135 822 2161 manere
842 2122 885 2160 in

153 2180 323 2232 simplici
367 2180 525 2219 ratione
564 2194 588 2218 a
623 2180 764 2220 Servio
804 2180 884 2218 iam

152 2238 325 2276 tradita:
355 2240 490 2289 segnis
519 2237 716 2289 car-duas,
755 2238 884 2277 inuti—

153 2295 226 2346 lis,
266 2295 520 2335 infecundus.
590 2296 691 2334 Nam
728 2298 880 2347 segnis,

155 2368 178 2391 a
206 2361 324 2392 motu
352 2353 543 2404 ductum,
582 2353 636 2392 ad
666 2360 803 2393 motus
824 2355 884 2392 es·-

154 2412 283 2450 fectus
325 2411 589 2452 traducitur:
647 2412 706 2451 sic
741 2426 885 2464 segnes

155 2477 280 2508 terrae
299 2468 368 2508 Ge.
390 2468 438 2517 Π,
458 2472 525 2519 37,
557 2483 659 2521 quae
689 2484 772 2508 non
792 2484 884 2508 mo-

154 2533 325 2577 ventur,
364 2526 576 2577 coluntur,
610 2527 789 2578 adeoque
810 2541 884 2566 nec

154 2586 285 2637 fruges
324 2585 475 2623 ferunt.
526 2586 621 2637 Sup.
650 2588 707 2627 72
750 2587 885 2638 segnis

154 2657 337 2694 campus.
405 2642 522 2681 Nunc
557 2644 600 2681 in
640 2643 759 2681 denso
805 2657 886 2681 non

154 2701 318 2752 segnior
355 2699 469 2739 ubere
507 2700 702 2739 Bacchus
734 2700 803 2738 Ge.
834 2700 883 2750 II,

155 2757 253 2807 275,
283 2764 499 2810 proventu.
537 2758 609 2796 Est
631 2757 731 2795 adeo
750 2771 884 2808 segne,

157 2815 269 2868 quod
294 2815 351 2854 nil
382 2815 518 2868 gignit.
565 2815 754 2864 horreret,
791 2818 886 2853 cum

156 2875 211 2924 vi,
240 2886 316 2926 pro
335 2879 546 2912 cresceret:
577 2878 776 2925 quatenus
790 2872 887 2910 hor-

156 2945 237 2969 rere
253 2930 382 2983 poetis
405 2930 597 2970 dicuntur
616 2930 763 2980 omnia,
787 2942 888 2981 quae

158 2995 290 3028 erecta
320 2994 450 3039 stant,
493 2995 565 3028 aut
599 2988 799 3037 eminent,
841 2993 890 3026 ut

944 1191 1015 1244 pili
1032 1191 1075 1230 in
1093 1191 1311 1231 metuentis
1330 1205 1511 1246 corpore,
1541 1192 1677 1246 itaque

946 1255 987 1288 et
1025 1250 1186 1303 spinosa
1225 1251 1413 1303 virgulta.
1478 1250 1571 1294 152.
1602 1252 1678 1289 sil-

944 1322 1042 1347 vam
1061 1315 1183 1348 vocat
1200 1308 1359 1362 lappas,
1390 1308 1484 1347 lolia
1512 1314 1600 1359 etc„
1631 1315 1678 1348 ut

946 1380 1005 1423 ys.
1026 1369 1080 1408 76
1097 1367 1343 1419 leguminum
1361 1367 1510 1406 silvam
1525 1382 1677 1405 sonan-

945 1432 1045 1474 tem,
1077 1438 1121 1462 ea
1140 1425 1265 1474 subit,
1299 1424 1479 1464 succedit
1506 1425 1550 1464 in
1565 1439 1676 1478 sege-

945 1482 997 1521 tis
1017 1482 1165 1523 locum.
1227 1483 1321 1526 153.
1353 1484 1507 1535 lappae
1530 1484 1677 1522 nostris

943 1541 1116 1580 Kletlen.
1185 1541 1335 1580 Plinius
1384 1538 1593 1596 ἀπαρίνην
1619 1542 1677 1580 ita

942 1597 1135 1638 reddidit.
1174 1599 1257 1639 vid.
1292 1599 1455 1638 Martin.
1497 1599 1551 1638 ad
1576 1598 1618 1639 h.
1649 1599 1676 1639 l.

943 1656 1102 1707 tribuli,
1147 1658 1283 1710 spinae
1305 1671 1448 1710 genus,
1487 1657 1531 1696 in
1560 1657 1677 1696 Italia

945 1715 1147 1766 frequens.
1177 1716 1320 1754 lolium
1345 1716 1494 1754 nostris
1524 1716 1676 1767 Liilch,

944 1772 1087 1811 lolium
1112 1774 1380 1813 temulentum
1409 1774 1536 1823 Linn.,
1568 1770 1675 1828 αἷρα.

946 1830 1029 1869 vid.
1061 1831 1240 1884 Geopon.
1266 1832 1324 1881 II,
1353 1830 1421 1873 43.
1461 1831 1599 1870 Galen.
1626 1831 1676 1870 de

946 1887 1066 1928 Alim.
1085 1890 1161 1928 fac.
1178 1890 1290 1929 Ιίι1ῒ.
1323 1889 1424 1928 Plin.
1442 1890 1586 1940 XVIII,
1606 1888 1675 1940 44,

947 1960 976 1985 s.
1002 1949 1069 1988 17.
1106 1947 1271 1998 infelix,
1311 1947 1468 1998 sterile,
1505 1954 1555 1987 ut
1562 1947 1676 2000 filix

945 2004 1068 2043 arbor
1092 2019 1167 2058 pro
1199 2005 1402 2057 frugifera.
1438 2005 1674 2059 vid.1ntpp.

944 2062 998 2100 ad
1017 2063 1131 2102 Grat.
1152 2064 1297 2116 Cyneg.
1324 2062 1409 2106 442
1431 2069 1472 2102 et
1498 2064 1546 2102 al.
1577 2064 1675 2116 Epi-

942 2119 1090 2160 theton
1110 2120 1209 2172 hoc,
1240 2128 1448 2173 tamquam
1466 2122 1675 2173 Virgilium

943 2185 1152 2218 auctorem
1176 2194 1403 2232 agnoscens,
1421 2179 1564 2218 laudat
1575 2180 1674 2219 Plin.

942 2237 1073 2288 XXII,
1093 2252 1122 2277 s,
1136 2241 1204 2280 77.
1235 2253 1368 2277 avena
1387 2252 1470 2291 pro
1481 2238 1676 2277 frumenti

941 2295 1044 2334 vitio
1083 2296 1181 2334 olim
1217 2295 1357 2335 habita
1376 2326 1387 2346 ,
1426 2302 1476 2335 ut
1505 2302 1546 2335 et
1573 2295 1675 2335 hor-

944 2353 1066 2391 deum
1091 2354 1133 2393 in
1163 2367 1250 2392 eam
1271 2354 1510 2407 degenerare
1532 2354 1674 2392 crede-

940 2418 1056 2461 rent,
1095 2412 1180 2451 vid.
1219 2413 1319 2451 Plin.
1347 2412 1498 2462 XVIII,
1526 2410 1604 2462 44,
1627 2415 1674 2463 13

941 2469 1012 2507 sed
1035 2470 1278 2521 peculiarem
1300 2469 1488 2519 herbam,
1528 2470 1589 2508 sui
1610 2482 1673 2507 se·-

940 2526 1079 2577 minis,
1128 2541 1210 2566 esse
1238 2528 1388 2566 docent
1416 2527 1672 2567 recentiores.

942 2585 1135 2636 Respexit
1157 2584 1198 2624 h.
1221 2585 1248 2624 1.
1269 2585 1369 2624 Plin.
1388 2584 1531 2635 XVIII,
1556 2588 1622 2635 17,
1645 2588 1673 2627 2

943 2643 1061 2680 Nam
1094 2643 1236 2680 lolium
1264 2651 1300 2680 et
1328 2642 1491 2681 tribulos
1519 2651 1556 2681 et
1579 2657 1672 2681 car—

942 2699 1043 2737 duos
1062 2700 1291 2752 lappasque
1310 2715 1390 2738 non
1401 2702 1537 2752 magis
1547 2715 1674 2753 qaam

942 2756 1058 2794 rubos
1086 2759 1188 2795 inter
1199 2758 1380 2809 frugum
1413 2758 1567 2797 morbos
1589 2773 1672 2810 po-

944 2816 1046 2863 tius,
1089 2829 1216 2867 qnam
1246 2817 1347 2854 inter
1376 2818 1504 2867 zpsius
1547 2824 1672 2855 terrae

937 2880 1089 2923 pestes,
1127 2875 1432 2912 numeraverim.
1498 2874 1673 2913 Caeleste

932 2929 1113 2982 smgnm
1162 2932 1448 2985 vinearumque
1496 2932 1668 2982 malum,

946 2988 1059 3026 nullo
1081 2989 1214 3027 minus
1231 2992 1399 3029 noxiam
1417 2998 1488 3040 est,
1520 2989 1670 3041 robigo.
