1768 3320
171 245 273 293 182
513 240 568 290 P.
606 237 965 289 VIRGILII
1008 233 1389 285 MARONIS

166 369 250 417 Ne
273 365 391 433 quis
417 365 483 415 sit
506 364 683 428 luem,
722 380 832 431 quo
854 379 911 412 se
933 361 1055 428 plus
1075 361 1236 411 iactet
1254 359 1481 428 Apollo..

171 435 316 500 Quid
336 435 541 503 loquar,
566 444 626 486 ut
639 433 869 499 Scyllam
887 432 1013 496 Nisi,
1046 448 1209 499 quam
1229 429 1372 482 sama
1395 437 1575 481 secuta
1600 438 1698 495 est,

215 565 264 601 73
287 564 366 599 Nec
387 565 493 599 Goth.
512 571 671 610 uterque.
722 562 801 597 Nec
828 561 891 608 qui
907 561 955 594 sic
973 560 1080 594 lucus
1097 561 1264 595 Rottend.
1286 573 1356 596 sec.
1380 567 1417 595 et
1436 560 1581 595 Mentel.
1608 560 1699 595 alter

171 625 191 647 a
218 625 262 646 m.
281 624 336 657 pr.
384 625 455 658 quo
481 612 572 659 plus
600 624 639 644 se
659 611 748 645 Ven.
780 615 816 642 et
833 607 966 642 Zulich.
995 619 1072 641 cum
1091 608 1201 643 Goth.
1226 620 1281 654 pr.
1377 607 1426 644 74
1449 608 1546 652 Quid
1566 608 1700 655 loquar

172 668 241 694 aut
257 659 420 705 Scyllam
439 660 524 693 Nisi
545 671 651 704 quam
667 655 702 703 f
752 655 809 690 Sic
830 654 959 688 Medic.
984 666 1060 688 cum
1080 655 1159 689 aliis
1180 662 1289 698 vett„
1313 661 1354 689 ut
1371 662 1407 690 et
1425 655 1553 696 Goth„
1579 654 1700 701 sicque

173 706 254 740 edd.
271 706 375 740 Aldd.
394 718 447 750 pr.
470 712 506 739 et
522 717 608 746 sec„
628 710 667 737 ut
684 710 800 737 tamen
818 702 1092 746 interpungant:
1120 703 1216 746 Quid
1233 703 1393 757 loquar?
1418 710 1496 737 aut.
1531 704 1576 737 At
1591 703 1697 736 Nau-

173 765 246 799 ger.
277 753 314 786 in
339 753 446 786 tertia
474 751 672 786 emendavit
703 759 745 787 ἰιι
762 749 943 794 Scyllam:
978 756 1100 794 estque
1130 749 1163 783 ei
1189 749 1340 783 lectioni
1366 748 1558 784 auctoritas
1580 761 1600 783 e
1620 749 1699 783 cod.

172 802 273 834 Rom.
295 807 329 834 et
345 799 576 844 suffragantur
594 798 660 831 viri
678 797 795 838 docti,
820 796 855 829 in
873 795 928 829 his
948 796 1120 837 Brunck.;
1146 803 1183 830 et
1200 797 1382 831 fatendum
1403 803 1478 839 est,
1504 795 1703 831 orationem

173 848 223 881 ita
242 847 319 881 fieri
334 847 514 880 leniorem.
565 847 720 879 Gronov.
740 844 840 877 Obss.
862 845 888 885 Ι,
907 845 955 880 22
981 843 1084 877 etiam
1102 843 1313 889 ingeminat:
1349 844 1449 888 Quid
1470 843 1626 890 loquar,
1659 851 1703 877 ab

175 895 337 939 Scyllam
358 894 453 934 Nisi,
478 901 529 934 ut,
559 905 667 938 quam
679 890 716 939 f
765 890 934 935 Suppleri
955 890 1095 936 quidem
1116 897 1240 935 potest
1262 899 1322 934 ut,
1347 897 1426 925 toto
1448 891 1704 925 sententiarum

175 941 299 975 ordine
321 947 418 974 recte
439 939 599 972 instituto
612 965 620 981 ,
643 951 686 972 ex
701 951 733 972 v.
751 939 797 974 78
821 940 901 973 Aut
923 945 965 971 ut
981 951 1025 971 m.
1074 938 1196 972 Altera
1212 944 1334 972 tamen
1355 950 1398 971 ex
1420 945 1522 983 parte
1540 949 1613 971 non
1630 936 1702 972 mi-

173 1001 238 1022 nus
258 987 423 1032 proclivis
441 986 509 1020 fuit
529 986 649 1030 lapsus
661 1011 671 1029 ,
704 991 744 1018 ut
762 991 955 1018 mutaretur
977 993 1025 1018 ut
1039 983 1077 1018 iu
1094 993 1178 1019 aut:
1215 997 1287 1019 nec
1304 984 1420 1019 minor
1439 984 1631 1019 auctoritas
1647 990 1705 1026 est

174 1037 333 1069 Romano
363 1047 463 1080 quam
486 1033 648 1067 Mediceo
676 1031 802 1066 codici.
853 1031 951 1075 Quid
976 1032 1136 1078 loquar?
1169 1044 1219 1066 an
1248 1032 1378 1067 δικ-ΓΝ.
1405 1040 1473 1066 aut
1501 1043 1588 1065 unus
1608 1031 1701 1066 Pier-

174 1084 214 1117 in
232 1083 381 1117 Scillam
398 1082 488 1115 Nixi
506 1080 668 1114 Parrhas.
716 1080 828 1113 Porro
857 1087 925 1112 aut
947 1080 1005 1113 Sc.
1025 1079 1075 1113 N.
1099 1085 1161 1112 aut
1182 1091 1290 1125 quam
1304 1077 1340 1126 f
1368 1091 1398 1113 s.
1419 1078 1457 1112 in
1474 1078 1702 1113 Pulmannia-

175 1142 238 1163 nas
258 1129 412 1162 illatum:
437 1140 503 1161 nec
522 1133 663 1161 constat
684 1125 884 1160 auctoritas.
933 1127 1043 1160 Recte
1063 1125 1184 1172 itaque
1199 1126 1365 1160 Heinsius
1387 1126 1579 1160 secundum
1598 1123 1703 1161 codi—

177 1189 235 1210 ces
253 1176 387 1220 expulit
401 1175 554 1209 alterum⁴
567 1182 644 1207 aut.
691 1174 788 1207 Idem
805 1173 991 1215 observat,
1014 1172 1326 1218 interpolationem
1342 1173 1426 1207 hinc
1448 1180 1590 1216 ortam„
1607 1173 1704 1219 quod

176 1223 261 1257 duas
281 1223 414 1268 Scyllas
427 1249 436 1263 ‚
460 1221 539 1255 Nisi
558 1221 705 1254 alteram
717 1247 725 1263 ‚
757 1221 906 1254 alteram
920 1220 1051 1254 Phorci
1070 1227 1107 1254 et
1128 1221 1321 1254 Crataeidis
1341 1220 1450 1266 (apud
1468 1221 1613 1254 Homer.
1637 1221 1709 1254 Od.

176 1283 223 1313 μ,
250 1269 327 1306 124.
361 1270 404 1304 cf.
426 1269 514 1302 Ciris
534 1269 579 1304 65
599 1280 650 1313 sq.
675 1275 709 1301 et
727 1267 778 1301 ibi
798 1273 934 1301 notata.
969 1267 1100 1312 Hygin.
1122 1268 1150 1301 f.
1173 1269 1240 1304 199
1261 1275 1296 1302 et
1313 1267 1507 1312 Muneker),
1533 1267 1704 1302 confundi

176 1317 235 1351 hic
254 1318 422 1351 nolebant
438 1316 505 1350 viri
522 1315 636 1356 docti3
663 1315 758 1360 quod
777 1322 892 1348 tamen
911 1314 1043 1359 passim
1062 1315 1202 1350 factum.
1228 1314 1298 1349 vid.
1318 1315 1441 1349 Heius.
1466 1314 1568 1349 Ovid.
1587 1314 1709 1360 Epist.-

176 1364 297 1398 Sabini
314 1366 339 1405 Ι,
367 1365 423 1400 33.
470 1362 629 1396 Perizon.
653 1362 910 1396 Animadverss.
927 1361 1012 1395 hist.
1034 1374 1063 1395 c.
1084 1363 1124 1404 9‘,
1151 1368 1187 1395 et
1203 1362 1334 1407 passim
1351 1361 1431 1403 alii3
1455 1361 1523 1396 etsi
1540 1373 1614 1409 nou
1630 1368 1704 1396 tam

177 1412 391 1445 confundere
414 1410 555 1444 dicendi
571 1415 651 1442 sunt
666 1415 797 1454 poetae
816 1409 966 1451 fabulas,
989 1421 1092 1454 quam
1112 1408 1230 1454 potius
1252 1409 1371 1444 varios
1391 1409 1561 1443 narrandi
1578 1409 1704 1443 modos

177 1458 295 1503 sequi;
329 1458 424 1504 quod
452 1458 543 1491 bene
574 1456 711 1490 monuit
737 1456 882 1490 doctiss.
911 1459 1057 1489 Ouwens
1086 1457 1192 1490 Noct.
1219 1457 1354 1502 Hagan.
1384 1468 1420 1502 p.
1439 1457 1509 1493 389
1527 1468 1604 1502 sqq.
1653 1468 1704 1491 an

179 1506 340 1551 Scyllam
362 1505 447 1539 Nisi
472 1517 521 1538 an
541 1516 650 1550 quarn
671 1503 771 1537 fuere
791 1502 852 1549 qui
878 1503 1126 1546 emendarent,
1151 1504 1247 1548 apud
1268 1504 1545 1550 Taubmannum.
1589 1505 1707 1539 Fama

179 1553 336 1598 loquuta
358 1560 414 1585 est
438 1559 509 1585 tres
532 1563 588 1596 ap.
608 1552 745 1593 Burm.‚
771 1550 835 1584 sed
858 1550 951 1584 male
973 1556 1058 1595 post
1086 1550 1175 1597 qaid
1202 1551 1347 1597 loquar.
1394 1553 1426 1585 A
1440 1549 1572 1585 Medic.
1602 1550 1705 1585 abest

180 1608 254 1640 est3
280 1600 381 1633 Rom.
407 1606 645 1632 narraverat.
694 1598 855 1631 Ceterum
873 1597 911 1631 in
931 1598 1037 1632 Voss.
1060 1604 1095 1631 et
1114 1598 1201 1642 Reg.
1226 1604 1308 1631 ante
1335 1611 1367 1633 v.
1385 1596 1432 1634 74
1457 1604 1532 1632 erat
1558 1608 1706 1632 vacuum

180 1645 352 1690 spatium,
396 1657 465 1690 quo
493 1644 626 1690 apponi
656 1644 791 1679 scilicet
820 1643 890 1678 alio
918 1644 1102 1689 pigmento
1131 1644 1274 1679 fabulae
1301 1651 1543 1690 argumentum
1570 1651 1705 1690 posset.

182 1694 310 1738 (Quum
327 1704 399 1726 non
417 1704 483 1726 una
502 1692 641 1725 ratione
664 1692 757 1725 hunc
782 1703 921 1726 versum
941 1692 1128 1725 emendare
1149 1691 1274 1735 liceat,
1298 1703 1371 1726 non
1386 1691 1706 1738 potest·ad.liqui-

182 1740 264 1773 dum
285 1738 431 1782 adduci,
465 1739 549 1785 quid
571 1739 754 1784 scripserit
773 1739 964 1785 Virgilius;
989 1750 1056 1773 nec
1072 1738 1262 1785 quidquam
1277 1739 1322 1773 ha..
1335 1739 1361 1773 l.
1386 1735 1462 1785 pro‘·
1478 1745 1587 1774 certo«
1602 1738 1710 1773 affir-

184 1857 275 1896 add.
294 1858 431 1897 Burin.
453 1858 507 1897 ad.
520 1858 618 1897 Aen.
637 1859 703 1909 IV,
723 1857 820 1902 345.
863 1858 912 1897 In

184 1930 346 1968 magnas
365 1915 618 1955 difficultates
651 1917 815 1971 impegit
842 1916 912 1955 in-

184 1980 378 2026 terpretes
398 2004 408 2023 ,
448 1989 694 2028 quamquam
717 1975 792 2028 ipsi
821 1975 913 2014 satis

186 2032 349 2071 sensisse
372 2046 454 2071 non
483 2034 692 2084 videntur,
724 2034 914 2073 Serviana

187 2090 317 2141 aliqua
341 2090 484 2129 lacinia
510 2091 622 2131 adh.
645 2106 684 2132 v.
715 2094 811 2130 .Hoo
833 2106 915 2130 αα-

187 2156 266 2186 tem
300 2145 427 2201 (quod
463 2149 512 2187 de
549 2150 712 2203 Gryneo
750 2162 915 2189 nemore

187 2211 400 2244 narratum·
443 2207 593 2262 suerat)
645 2208 919 2259 Euphorionis

188 2266 385 2302 continent
403 2267 584 2304 carmina
597 2296 608 2316 ,
642 2281 745 2319 quae
768 2267 919 2305 Gallus

189 2323 390 2360 transtulit
414 2325 457 2360 in
487 2338 704 2362 sermonem
731 2325 918 2373 Zaitham,
938 2318 940 2320 V

190 2380 294 2418 uncle
314 2387 371 2417 est
390 2381 495 2418 illud
508 2383 551 2419 in
559 2382 649 2430 fine
664 2383 755 2420 ΕΟΖ.
783 2383 844 2432 Χ,
863 2382 919 2425 50

191 2436 264 2486 Ibo
286 2466 297 2486 ,
345 2445 381 2475 et
419 2438 649 2477 Chalcidico
685 2454 790 2492 qaae
827 2447 920 2478 sunt

190 2494 293 2532 milti
311 2495 471 2534 condita
487 2511 602 2535 versu
621 2498 823 2536 Carmina.
860 2497 919 2535 De

190 2550 254 2590 his
271 2565 310 2591 v.
332 2552 499 2592 Excurs.
549 2555 590 2592 Si
611 2561 758 2605 tamen,
788 2555 919 2594 inter-

191 2615 353 2662 pretum
398 2611 510 2649 nulla
563 2613 718 2651 ratione
765 2612 916 2663 habita,

192 2668 316 2706 verba
343 2668 428 2720 ipsa
453 2669 564 2721 sequi
588 2670 630 2708 in
654 2671 833 2709 animum
851 2672 921 2709 in·-

193 2726 377 2776 duxeris,
408 2725 508 2765 nihil
532 2727 642 2766 aliud
672 2728 751 2766 dici
768 2729 918 2778 videas,

194 2797 341 2835 quam,
382 2783 529 2822 Linum
554 2785 727 2823 fistulam
758 2786 923 2825 Hesiodi

195 2842 311 2881 Gallo
350 2841 505 2880 dedisse
529 2873 539 2892 ‚
593 2857 673 2894 quo
714 2844 923 2895 Gryneum

194 2912 337 2939 nemus
357 2905 543 2939 cantaret.
574 2901 668 2950 Quo
687 2900 789 2940 nihil
814 2902 927 2940 aliud

194 2957 406 3010 significari
435 2964 565 3010 potest
589 2973 732 3011 quam,
765 2959 924 2997 Gallum

194 3022 265 3055 aut
302 3015 480 3055 carmine
516 3022 705 3056 tractasse
749 3016 924 3055 fabulam

969 1858 1018 1897 ab
1046 1856 1224 1898 Hesiodo
1249 1858 1296 1897 in
1326 1864 1442 1911 parte
1470 1858 1604 1910 aliqua
1623 1859 1706 1898 τῶν

968 1912 1099 1970 ηὀιῶν
1125 1922 1412 1968 memoratam,
1454 1922 1523 1956 aut
1550 1916 1603 1955 ad
1619 1916 1706 1954 He·-

971 1974 1074 2014 siodi
1102 1974 1368 2014 imitationem
1406 1988 1478 2014 seu
1503 1974 1707 2027 scripsisse

970 2046 1042 2072 seu
1063 2034 1249 2072 molitum
1266 2047 1348 2072 esse
1367 2047 1482 2086 opus,
1513 2046 1593 2085 quo
1612 2046 1707 2071 ora-

972 2091 1055 2131 culi
1076 2091 1229 2145 Grynei
1249 2097 1321 2131 aut
1337 2090 1534 2144 Apollinis
1554 2090 1707 2143 Grynei

973 2149 1132 2189 fabulae
1155 2163 1226 2188 seu
1245 2149 1435 2188 historiae
1451 2161 1708 2202 exponeren-

973 2214 1054 2248 tur.
1113 2207 1347 2247 Praebuisse
1365 2213 1504 2247 autem·
1524 2220 1587 2246 eas
1613 2206 1710 2245 satis

975 2266 1164 2305 materiae
1183 2266 1236 2304 ad
1255 2279 1417 2305 carmen
1436 2265 1707 2312 condendum,

978 2324 1130 2363 discere
1149 2324 1247 2363 licet>
1262 2337 1313 2362 ex
1332 2324 1400 2375 iis,
1430 2337 1532 2376 quae
1550 2323 1593 2362 in
1612 2325 1709 2362 Ser-

976 2382 1106 2422 vianis
1122 2382 1177 2421 ad
1191 2395 1231 2422 v.
1252 2385 1309 2425 72
1339 2381 1523 2435 exposita
1539 2386 1636 2420 sunt
1657 2381 1709 2419 de

978 2441 1119 2494 Gryno
1149 2441 1347 2494 Eurypyli
1365 2441 1414 2491 fi,
1443 2440 1494 2479 de
1514 2440 1708 2492 Pergamo

976 2499 1228 2552 Neoptolemi
1255 2504 1295 2537 et
1323 2497 1633 2538 Andromaches*
1656 2496 1710 2535 fi-

974 2557 1053 2607 lio,
1087 2557 1137 2595 de
1163 2555 1378 2596 Calchante
1408 2561 1451 2595 st¹
1473 2556 1628 2608 Mopso.
1658 2555 1709 2593 cs.

975 2615 1133 2654 Not..ad
1149 2614 1336 2667 Apollod.
1355 2628 1396 2667 p.
1414 2613 1510 2657 655.
1551 2616 1578 2656 7
1581 2614 1711 2656 &Ne

976 2675 1067 2727 quis
1083 2675 1134 2711 sit
1152 2674 1267 2711 lucus
1279 2703 1290 2723 ,
1324 2687 1406 2727 quo,
1419 2687 1460 2710 se
1473 2672 1575 2723 plu-5
1591 2673 1715 2710 iactet

978 2732 1156 2783 Apollo5
1197 2730 1310 2782 quod
1341 2730 1560 2783 simplicius
1589 2728 1711 2767 Calli-

979 2788 1107 2828 mach.
1125 2789 1169 2827 in
1192 2789 1274 2828 Del.
1292 2791 1377 2831 269
1404 2784 1502 2830 ου’δέ,
1530 2802 1590 2836 τις
1611 2784 1712 2838 ἄλλη

983 2844 1148 2888 Γαιᾰων
1168 2842 1360 2889 τοσσόνδε
1379 2848 1467 2903 θεῷ
1486 2840 1712 2898 πεφιλήσε-
1753 2851 1759 2859 ·

980 2920 1046 2945 ται
1065 2902 1197 2957 ἄλλῳ..

1038 2962 1106 3004 74.
1130 2962 1242 3013 Qaid
1257 2962 1416 3014 loquar.
1448 2960 1580 3014 Pergit
1600 2972 1714 2998 oom-

982 3032 1213 3059 memorarer
1229 3019 1366 3059 Silenii
1385 3018 1574 3059 carminis
1591 3030 1707 3069 argu-
