1734 3320
135 217 238 267 358

474 216 529 266 P.
566 214 917 266 VIRGILII
951 213 1319 264 MARONIS

133 342 456 409 Praecipites
483 340 637 391 coelo
662 341 792 406 labi,
829 341 1112 408 noctisque
1137 357 1237 408 per
1257 339 1511 390 umbram

132 413 504 464 Flammarum
531 411 723 477 longos
748 429 775 461 a
800 420 952 477 tergo
980 411 1252 461 albescere
1275 419 1499 473 tractus3

137 486 310 551 Saepe
336 483 514 533 levem
538 482 748 549 paleam
774 491 828 532 et
852 480 1079 531 frondes
1103 481 1329 532 volitare
1356 480 1594 546 caducaS,

133 558 241 606 Aut
265 570 477 604 summa
500 553 674 602 nantis
698 553 754 602 in
780 570 915 620 aqua
942 551 1237 602 conludere
1265 551 1490 619 plumaS.

135 629 203 676 At
249 627 455 675 Boreae
504 622 574 673 de
628 632 780 691 parte
836 622 1000 681 trucis
1057 639 1226 689 quum
1271 620 1550 687 fulminat,
1613 629 1666 670 et

930 709 1102 758 quum
1562 696 1665 744 370

133 764 372 832 Eurique
398 762 740 830 Zephyrique
764 771 917 811 tonat
940 762 1162 814 domus:
1201 762 1384 811 omnia
1413 760 1588 828 plenis

133 837 278 887 Rura
301 842 485 884 natant
508 831 687 898 fossiS,
725 841 886 900 atque
913 833 1090 882 omnis
1115 833 1289 883 navita
1314 840 1488 900 ponto

179 964 251 998 366
270 976 342 1010 per
361 962 509 997 umbras
526 962 648 1007 plures
669 962 787 1005 sorte,
814 974 1020 1008 quamquam
1040 975 1060 996 a
1079 963 1195 996 Burm.
1214 961 1264 995 nil
1286 967 1449 996 notatum
1469 960 1534 1002 sit3
1561 960 1667 994 etiam

133 1010 253 1057 plures
272 1010 366 1055 apud
385 1010 526 1043 Max-tin.
552 1016 588 1043 et
610 1010 718 1043 Goth.
747 1022 822 1055 pr.,
853 1010 973 1055 sicque
993 1009 1126 1043 editum
1144 1021 1253 1055 usque
1278 1009 1323 1042 ad
1344 1007 1547 1042 Commelin.
1596 1008 1667 1042 Sed

134 1065 230 1091 recte
250 1057 319 1090 iam
335 1070 355 1090 a
376 1058 418 1091 G.
437 1056 601 1091 Fabricio
619 1057 889 1102 praeferebatur
910 1056 1091 1100 ambram,
1118 1057 1214 1102 quod
1230 1063 1267 1090 et
1281 1055 1412 1090 Medic.
1433 1054 1555 1098 habet,
1579 1054 1667 1089 Pie-

132 1105 247 1151 riique
268 1106 369 1138 Rom.
393 1112 427 1138 et
445 1105 575 1138 Medic.
601 1104 755 1150 (videtur
775 1104 898 1137 Heius.
921 1104 958 1138 in
976 1104 1046 1138 suis
1072 1105 1173 1138 codd.
1190 1102 1354 1137 umbram
1376 1102 1569 1144 invenisse3
1594 1103 1667 1137 hoc

135 1159 275 1186 tuentur
303 1151 411 1185 etiam
429 1153 462 1187 3.
481 1153 514 1187 8.
563 1153 608 1186 Et
637 1150 764 1185 umbra
787 1151 913 1196 singul.
939 1164 1032 1186 num.
1057 1151 1205 1197 proprie
1232 1151 1276 1184 de
1298 1158 1424 1191 nocte3
1459 1162 1667 1197 quamquam

133 1199 214 1233 loco
241 1199 417 1232 simillimo
446 1203 532 1234 Aen.
555 1201 598 1242 II,
616 1199 699 1234 693.
727 1212 797 1245 per
829 1198 977 1233 umbra-s
1004 1199 1123 1233 dicere
1151 1204 1262 1245 poeta
1286 1198 1426 1239 maluit3
1459 1197 1531 1232 vid.
1555 1199 1598 1240 Q.
1620 1198 1665 1232 V.

133 1248 242 1287 vnn,
259 1247 293 1289 3,
315 1248 392 1290 vn,
413 1247 449 1281 b.
480 1248 576 1290 Wr.)

673 1247 744 1282 367
769 1247 819 1280 Ita
841 1247 935 1290 apud
956 1249 1079 1280 Senec.
1100 1248 1147 1280 N.
1168 1248 1233 1288 Qu.
1258 1247 1284 1288 1,
1308 1245 1370 1288 14,
1401 1245 1471 1279 nisi
1498 1245 1594 1291 quod
1614 1244 1667 1278 ibi

134 1294 354 1336 Stellarum,
391 1301 429 1327 at
454 1296 539 1336 VII,
565 1296 612 1330 20
637 1293 819 1327 laudatur:
856 1296 1010 1341 Longos
1037 1307 1061 1327 a
1089 1302 1197 1340 tergo
1216 1294 1456 1340 flammarum
1482 1291 1667 1326 albescere

134 1349 288 1375 tractus.
336 1341 441 1387 Apud
463 1342 621 1375 Maerob.
639 1345 712 1376 Sat.
730 1342 792 1384 VI,
817 1342 855 1376 1:
880 1342 1074 1375 involvere
1092 1349 1247 1374 tractas.
1282 1340 1388 1374 Male.

133 1389 188 1422 les
206 1400 272 1433 pro
290 1390 420 1422 nantis
439 1389 539 1422 Leid.
557 1402 611 1434 pr.
631 1402 651 1423 a
670 1401 716 1421 m.
736 1400 790 1433 pr.
825 1389 1002 1422 collidere
1020 1388 1115 1422 Toll.

132 1438 212 1470 Aut
231 1443 302 1469 tres
329 1448 385 1480 ap.
404 1437 518 1470 Burm.
532 1463 541 1479 ,
576 1443 650 1470 tres
674 1448 731 1480 ap.
747 1435 890 1469 Martin.
912 1435 1022 1469 Goth.
1050 1448 1105 1480 pr.

1472 1341 1543 1376 369
1569 1339 1665 1373 mol—

1147 1388 1297 1434 palmas
1315 1387 1428 1421 Goth.
1449 1399 1504 1432 pr.
1578 1385 1579 1389 ’
1595 1387 1667 1422 370

1201 1436 1270 1471 371
1298 1435 1428 1469 domus
1446 1443 1555 1468 tonat
1574 1435 1665 1468 Ven.

131 1482 334 1516 Lucretium
353 1491 433 1517 ante
451 1484 572 1518 oculos
591 1484 628 1517 in
647 1483 702 1516 his
720 1495 828 1517 verss.
845 1482 955 1516 fuisse
972 1483 1120 1529 putabat
1131 1482 1277 1517 Wakef.
1295 1482 1341 1515 ad
1354 1483 1496 1515 Lucret.
1517 1483 1562 1525 V,
1581 1480 1665 1517 744.

134 1531 202 1576 (et,
226 1524 335 1564 minio
361 1530 515 1575 pictum,
547 1531 643 1565 inter
663 1531 827 1577 Eurique
848 1531 960 1578 Zeplz.
982 1529 1019 1563 in
1043 1529 1171 1563 Medic.
1192 1529 1368 1563 inseritur.
1401 1531 1458 1564 W
1452 1529 1497 1574 r.)

757 1586 875 1624 ponto
900 1578 1053 1611 humida
1071 1576 1250 1622 iungenda
1271 1589 1348 1610 esse
1368 1575 1555 1610 contendit
1571 1577 1623 1611 W
1624 1589 1666 1610 a—

136 1579 235 1612 omni
250 1591 288 1611 n.
307 1586 426 1625 ponto
443 1579 567 1623 fragm.
585 1580 713 1612 Moret.

1594 1529 1668 1564 372

132 1625 205 1659 kef.
224 1625 269 1658 ad
285 1625 427 1659 Lucret.
448 1627 475 1669 Ι,
499 1625 602 1662 1084.
638 1625 810 1659 imbribus
830 1631 867 1658 et
884 1624 1022 1658 nebulis
1043 1624 1190 1658 humere
1207 1624 1287 1659 vela
1309 1623 1436 1659 video:
1462 1623 1572 1667 mari,
1597 1623 1665 1657 nisi

132 1672 215 1706 naVi
229 1685 361 1715 mersa,
386 1684 460 1707 non
482 1685 662 1719 aSSeqUOI'.

133 1777 204 1816 des
229 1779 392 1816 Deserit
424 1787 546 1832 atque
577 1781 709 1819 altam
740 1794 867 1832 supra

133 1836 246 1875 volat
263 1835 422 1875 nubem.
485 1838 636 1877 Etiam:
673 1838 868 1890 Quodque

133 1908 240 1932 ausa
257 1895 391 1933 volare
409 1895 548 1934 Ardea
565 1896 748 1934 sublimis
761 1910 869 1948 pen—

133 1967 212 1990 nae
244 1952 399 2001 confisa
444 1956 607 1992 nalanti
641 1955 792 1993 Lucan.
820 1954 870 2004 V,

134 2010 231 2054 553.
254 2009 350 2062 5¹54.

193 2068 290 2111 365.
330 2068 393 2107 Ex
418 2067 544 2108 Arato
569 2069 624 2108 ib.
650 2084 690 2122 v.
719 2068 872 2112 194—-

133 2129 233 2168 200.
262 2127 366 2166 conf.
379 2127 527 2166 Lucan.
541 2128 589 2180 V,
608 2123 689 2172 561
704 2126 869 2171 -564.

134 2185 235 2224 Plin.
253 2185 398 2235 XVIII,
428 2187 502 2236 35,
536 2200 566 2225 s.
595 2188 662 2228 80.
723 2187 779 2224 De
806 2185 870 2224 his

137 2239 378 2296 ἄπορῤοίαις
415 2245 626 2283 stellarum
661 2245 744 2284 vid.
779 2245 870 2284 loca

135 2302 246 2354 apud
268 2301 451 2341 Cerdam.
510 2302 660 2342 Nostro
683 2304 773 2342 loco
802 2303 869 2341 in-

134 2365 200 2398 ter
247 2359 461 2399 diosemeia
501 2368 598 2400 sunt
618 2392 629 2412 ,
680 2368 723 2400 at
760 2362 870 2400 inter

137 2418 271 2457 omina
300 2424 342 2456 et
366 2418 548 2470 prodigia
578 2419 674 2458 Aen.
696 2419 743 2471 II,
772 2422 869 2462 693.

134 2477 183 2526 V,
203 2476 299 2519 527.
332 2477 380 2515 cf.
402 2477 454 2515 ad
473 2477 585 2517 Iliad.
606 2479 642 2528 δ,
662 2479 729 2521 75.
771 2480 868 2519 366.

141 2533 214 2576 Τοὶ
237 2529 279 2575 δ’
304 2531 454 2575 ὄπιθεν
477 2535 600 2588 ῥὐμοὶ
626 2534 870 2577 ’ὑπολευκαί-

135 2608 301 2634 νωνται.
337 2591 449 2631 Arat.
466 2594 519 2632 ib.
537 2594 694 2632 Lucret.
716 2594 763 2643 Π,
788 2592 867 2634 143

136 2652 448 2703 Nocturnasqae
469 2652 588 2702 faces
614 2653 720 2690 caeli
739 2650 875 2689 caldi-⁴

136 2723 199 2747 me
222 2709 404 2748 volantes
422 2710 571 2750 Nonne
591 2710 702 2749 vides
727 2711 870 2760 longos

127 2768 402 2819 flammarum
415 2767 554 2805 ducere
570 2776 733 2817 tractus,
750 2780 871 2818 quem

135 2826 272 2864 locum
300 2824 477 2864 Macrob.
497 2825 564 2875 VI,
595 2828 638 2875 1,
668 2839 756 2878 pag.
785 2823 869 2866 574

136 2882 296 2923 Maroni
315 2883 562 2936 praeluxisse
585 2883 653 2922 ait.
692 2882 870 2921 albesce-

137 2957 177 2979 re
191 2973 202 2991 ‚
237 2942 480 2993 elucescere,
513 2942 730 2994 elegantius
750 2954 872 2993 quam

138 3000 329 3051 existere,
361 3013 454 3039 esse.
516 3003 613 3043 368.
643 2999 735 3039 Vid.
756 2999 870 3038 Arat.

923 1779 978 1818 ib.
1026 1793 1066 1818 v.
1110 1780 1192 1820 190
1213 1800 1270 1807 —
1293 1779 1389 1820 192.

1460 1776 1560 1816 Plin.
1611 1776 1665 1817 ib.

926 1852 956 1876 s.
987 1839 1055 1879 86.

986 1897 1083 1937 370.
1105 1894 1192 1932 Iam
1207 1891 1412 1946 praesagia
1431 1892 1667 1944 pluviarum

929 1959 1186 1992 enarrantur.
1245 1951 1426 1990 Primum
1445 1957 1505 1989 est
1525 1951 1666 1990 fulmi-

929 2026 1029 2051 num
1057 2025 1109 2049 ex
1139 2009 1324 2049 omnibus
1356 2008 1455 2047 caeli
1480 2009 1665 2062 partibus

929 2083 1162 2109 concursus
1205 2067 1395 2117 Omnino,
1416 2068 1548 2120 pergit
1566 2070 1664 2117 373,

926 2128 1089 2182 pluviae
1121 2133 1321 2166 venturae
1350 2126 1581 2164 observatio
1620 2126 1666 2164 in

926 2193 1095 2240 promtu
1116 2191 1176 2224 est
1184 2201 1194 2236 3
1232 2191 1319 2223 tam
1346 2184 1561 2222 manifesta
1581 2184 1665 2222 eius

927 2245 1038 2298 signa
1066 2250 1186 2293 sunt,
1231 2256 1335 2295 quae
1364 2242 1460 2281 inde
1489 2242 1663 2292 subiicit,

926 2310 976 2342 ut
984 2303 1186 2342 neminem
1205 2301 1333 2351 facile,
1352 2315 1435 2340 non
1454 2307 1548 2339 ante
1562 2314 1665 2353 pro-

926 2362 1013 2401 visa
1036 2367 1076 2400 et
1096 2360 1377 2399 animadversa
1389 2390 1400 2410 ,
1430 2359 1571 2412 pluvia
1589 2372 1664 2412 op—

925 2420 1099 2473 primere
1115 2419 1252 2472 possit.

986 2480 1245 2520 370—372.
1278 2474 1455 2524 Quando
1477 2474 1527 2512 ab
1554 2474 1665 2512 omni

928 2536 1026 2574 caeli
1061 2541 1178 2588 parte
1214 2541 1333 2573 tonat
1354 2563 1364 2583 ,
1403 2532 1553 2571 imbres
1596 2532 1664 2572 in-

908 2599 1088 2647 ·gruunt.
1150 2592 1343 2631 Conversi
1378 2604 1427 2628 ex
1455 2589 1583 2629 Arato
1608 2590 1663 2629 ib.

927 2650 1193 2700 201—205,
1225 2650 1295 2701 qui
1324 2649 1492 2688 ultimus
1520 2662 1663 2688 versus

927 2707 1049 2750 ὕδατι
1065 2705 1142 2762 γάρ
1161 2707 1275 2746 haud
1302 2707 1423 2747 dubie
1442 2706 1663 2760 suppositi-

928 2767 1009 2806 tius
1035 2773 1106 2804 est.
1125 2766 1228 2804 cons.
1245 2766 1346 2805 Plin.
1367 2765 1511 2816 XVIII,
1541 2765 1609 2815 35,
1631 2779 1661 2803 s.

930 2827 981 2867 81
1003 2831 1044 2863 et
1074 2824 1124 2862 de
1146 2824 1310 2876 reliquis
1342 2838 1370 2862 s.
1392 2826 1460 2866 87.
1519 2823 1663 2861 domas

929 2884 1034 2921 Euri
1051 2882 1232 2921 suaviter
1253 2882 1359 2921 dixit
1371 2882 1420 2920 de
1432 2887 1549 2934 parte
1570 2893 1664 2919 cae-

929 2941 979 2991 li,
1011 2941 1122 2980 unde
1150 2941 1290 2993 spirat.
1350 2942 1470 2979 Rura
1497 2946 1658 2989 natant,

926 2999 1197 3040 inundantur.
