1768 3320
194 252 259 297 38
446 245 783 294 SPOHNII
818 239 1458 293 PROLEGOMENA

192 371 420 421 maxime
443 388 611 438 quum
631 370 836 420 Asinius
856 367 1027 418 Pollio
1055 365 1263 414 abesset
1281 362 1349 412 ad
1370 363 1711 429 Placentiam,

193 458 264 491 ne
286 439 510 507 amplius
532 449 708 490 essent
730 438 998 506 provincia
1012 434 1243 497 Antonii,
1254 433 1540 483 mittebant
1553 436 1714 484 Octa-

193 511 347 561 viano
371 511 656 576 pecuniam
682 518 735 558 et
756 508 948 557 milites
966 547 979 570 ,
1018 521 1086 554 ne
1114 505 1229 571 quis
1263 502 1392 553 alius
1424 505 1713 554 exercitum

195 597 293 648 per
311 581 545 647 speciem
568 577 946 645 gubernandae
966 573 1270 642 provinciae
1301 573 1482 626 aleret.

330 653 446 699 Hoc
466 659 714 716 tempore
738 646 979 712 Virgilius
1001 648 1210 695 Romae
1240 652 1378 705 erat3
1414 643 1539 694 huic
1566 644 1712 694 enim

192 720 425 786 tempori
462 719 785 769 conveniunt
808 733 970 784 poma
1001 723 1211 764 matura
1242 730 1314 766 vs,
1353 721 1418 766 37
1456 731 1530 781 sq.
1563 730 1714 764 com-

192 798 516 850 memorata3
564 798 680 837 tum
729 787 1044 836 Octavianus
1081 784 1187 834 hoc
1228 793 1480 852 tempore
1510 783 1715 834 facilior

195 859 262 909 ad
296 858 634 909 exorandum.
705 859 772 907 Et
805 855 1132 923 impetravit,
1181 854 1332 921 quod
1364 854 1558 919 voluit,
1595 854 1715 905 Vir-

192 928 344 990 gilius
370 969 382 990 ,
450 937 567 977 tum
623 926 771 993 quod
810 927 922 992 ipse
973 924 1094 973 civis
1141 924 1341 974 Galliae
1388 923 1714 992 Gisalpinae3

193 1008 309 1047 tum
341 997 488 1064 quod
525 998 637 1046 sine
663 995 827 1046 dubio
853 996 1034 1044 minor
1060 1003 1172 1044 erat
1195 1010 1345 1060 ager,
1395 993 1486 1046 cfr.
1522 1011 1620 1046 vss.
1647 999 1713 1046 47

192 1072 385 1128 -49.;
437 1085 539 1134 qua
573 1066 641 1115 de
674 1083 734 1116 re
758 1065 859 1117 vid.
900 1082 1039 1132 quae
1077 1081 1236 1131 supra
1274 1064 1524 1126 diximusg
1563 1064 1715 1116 deni-

194 1155 298 1204 que
325 1137 470 1204 quod
492 1145 693 1203 poeta
731 1145 865 1197 erat,
904 1135 994 1201 qui
1017 1134 1240 1202 quidem
1264 1152 1342 1187 ao,
1368 1141 1486 1187 712.
1523 1135 1578 1184 in
1601 1134 1715 1185 lau-

194 1208 287 1256 des
314 1208 544 1258 Caesaris
579 1206 685 1258 Ecl.
722 1209 782 1257 V.
820 1204 1043 1270 fecerat,
1089 1205 1290 1273 quique
1326 1222 1355 1255 a
1385 1208 1714 1270 Maecenate,

193 1278 466 1326 communi
494 1285 778 1343 poetarum
804 1276 1138 1342 omninoque
1159 1276 1400 1325 virorum
1425 1275 1714 1325 doctorum

189 1356 415 1413 patrono
442 1363 498 1396 ac
520 1344 730 1395 fautore
749 1386 761 1409 ,
800 1345 1297 1398 commendabatur.
1367 1348 1564 1413 Neque
1582 1363 1713 1395 vero

188 1433 286 1482 per
307 1415 479 1466 literas
503 1415 971 1465 commendaticias
987 1416 1148 1466 Asinii
1161 1415 1432 1481 Pollionis,
1453 1425 1516 1466 ut
1536 1416 1717 1465 'statuit

189 1487 424 1551 Vossius,
462 1486 702 1536 adiutum
743 1495 963 1553 poetam
988 1496 1179 1554 putare
1210 1486 1356 1548 licet3
1396 1486 1599 1554 quippe
1622 1487 1715 1554 qui

188 1556 402 1606 Antonii
445 1566 583 1606 esset
627 1555 927 1623 praefectus
949 1598 962 1622 ,
1012 1566 1065 1607 et
1101 1557 1156 1606 in
1200 1557 1474 1624 provincia
1519 1565 1714 1621 ageret,

190 1644 350 1692 quam
376 1627 690 1677 Octavianus
721 1627 928 1694 eripere
960 1627 1236 1692 studebat,
1275 1636 1436 1694 atque
1473 1625 1566 1676 illo
1592 1628 1713 1694 ipso

188 1704 436 1762 tempore
457 1707 790 1763 oppugnaret
804 1698 1078 1748 Octavia-ni
1102 1697 1264 1747 duces
1282 1697 1349 1747 ad
1362 1698 1714 1760 Placentiam3

187 1782 363 1832 neque
411 1767 568 1815 etiam
605 1784 703 1833 per
745 1766 1000 1818 Alfenum
1046 1771 1250 1820 Varum
1298 1777 1352 1817 et
1401 1767 1714 1818 Cornelium

189 1835 424 1899 Gallum,
446 1834 743 1902 praefectos
770 1839 1041 1888 Octaviani
1064 1839 1119 1888 in
1142 1837 1228 1888 illa
1251 1837 1551 1904 provincia,
1576 1855 1715 1906 quo-

189 1922 311 1955 rum
346 1905 493 1955 locus
531 1923 708 1973 neque
744 1917 956 1974 poterat
985 1908 1125 1959 ullus
1167 1925 1282 1958 esse
1304 1949 1317 1973 ,
1365 1924 1547 1975 neque
1586 1918 1713 1972 erat,

190 1975 265 2024 uti
303 1976 476 2024 statim
495 1977 805 2030 videbimus

325 2047 509 2095 Mense
543 2049 845 2113 Septembri
869 2048 1061 2098 Lucius
1097 2056 1151 2098 et
1185 2048 1505 2099 Octavianus
1537 2049 1714 2099 Roma

190 2114 451 2179 abierunt,
499 2115 583 2165 hic
614 2117 681 2166 ad
707 2117 1050 2168 deducendas
1086 2117 1349 2182 colonias,
1388 2117 1477 2167 ille
1510 2117 1578 2167 ad
1610 2120 1714 2168 mi-

189 2183 306 2233 lites
358 2185 604 2235 visendos
650 2196 703 2237 et
746 2189 978 2238 colonias
1026 2189 1352 2239 Antonianas
1398 2188 1454 2236 in
1497 2189 1713 2241 Bruttia.

188 2254 458 2304 Discordia
483 2258 644 2306 crevit
675 2258 1064 2311 calumniando,
1102 2259 1293 2309 Lucius
1316 2258 1534 2308 recessit
1553 2262 1714 2309 Prae-

188 2333 351 2375 neste.
420 2327 631 2376 Frustra
653 2329 996 2379 reconciliare
1022 2329 1346 2379 studuerunt
1368 2329 1713 2379 concordiam

191 2392 352 2443 duces
384 2393 656 2459 legionum
686 2399 739 2447 in
763 2399 985 2448 concilio
1016 2400 1296 2451 Teanensi.
1369 2398 1561 2449 Lucius
1598 2399 1714 2449 bel-

188 2462 302 2512 lum
328 2481 512 2529 parare
536 2468 722 2533 coepit.
795 2469 1055 2519 Abierunt
1087 2470 1154 2519 ad
1184 2487 1312 2520 eum
1345 2471 1523 2520 Roma
1557 2487 1714 2537 prae-

187 2541 271 2582 ter
310 2533 548 2584 Fulviam
596 2535 903 2606 liberosque
950 2541 1167 2590 Antonii
1214 2541 1402 2605 ingens
1453 2555 1714 2590 numerus

187 2611 497 2652 senatorum
529 2614 581 2653 et
615 2609 881 2672 equitum;
922 2609 1173 2660 confluxit
1207 2610 1274 2660 ad
1308 2608 1549 2660 eundem
1571 2611 1712 2660 mul—

187 2672 359 2722 titudo
386 2690 753 2739 possessorum
783 2677 1050 2729 laesorum
1079 2690 1132 2729 et
1156 2680 1465 2731 eiectorum.

327 2743 646 2799 Octavianus
668 2764 854 2796 mense
881 2750 1102 2800 Octobri
1121 2768 1220 2817 per
1243 2750 1441 2799 amicos
1465 2750 1709 2816 privatim

187 2814 475 2861 Praeneste
506 2815 693 2863 missos
716 2855 729 2879 ,
776 2817 937 2867 duces
963 2828 1016 2868 et
1056 2836 1309 2886 proceres
1347 2836 1447 2886 per
1494 2818 1713 2885 legatos,

189 2881 386 2931 deinde
421 2883 736 2933 Octavianus
780 2904 877 2952 per
908 2887 1108 2953 legatos
1149 2908 1209 2939 ex
1244 2890 1475 2940 exercitu
1506 2890 1712 2953 missos,

188 2950 369 3018 paullo
389 2961 511 3018 post
539 2970 598 3002 ex
624 2957 956 3006 senatoribus
972 2999 984 3019 ,
1023 2959 1153 3010 nihil
1181 2959 1504 3024 effecerunt,
1527 2969 1590 3010 ut
1608 2963 1713 3010 Lu—
