1734 3320
197 203 300 254 588

537 203 592 254 P.
629 203 988 254 VIRGILII
1022 205 1395 258 MARONIS

195 327 477 394 Unguibus
502 327 779 380 infodiunt
801 329 1000 396 frugeS,
1020 333 1332 402 montisque
1354 353 1456 402 per
1475 335 1607 387 altos
1628 340 1731 391 535

197 402 467 452 Contenta
491 401 695 450 cervice
714 400 935 451 trahunt
956 403 1234 454 stridentia
1255 405 1502 472 plaustra.
1528 441 1543 460 ψ,

193 474 318 522 Non
347 470 506 538 lupus
529 470 743 521 insidias
767 471 1006 538 explorat
1030 473 1188 523 ovilia
1215 475 1446 542 circum,
1516 497 1517 501 ¹

191 544 305 593 Nec
324 541 574 607 gregibus
597 540 897 591 nocturnus
922 542 1260 607 obambulat;
1299 547 1473 597 acrior
1494 546 1647 597 illum

194 614 333 664 Cura
357 611 557 661 domat.
617 611 818 661 Timidi
844 611 1033 663 damae
1060 616 1312 683 cervique
1335 615 1551 683 fugaces

190 686 347 735 Nunc
370 683 620 749 interque
645 698 801 731 canes
832 691 884 731 et
911 683 1111 733 circum
1136 694 1275 735 tecta
1295 698 1566 753 vagantur.
1623 692 1726 741 540

190 755 305 804 Iam
325 754 486 802 maris
508 753 740 801 inmensi
762 752 978 819 prolem
999 763 1053 804 et
1069 769 1240 819 genus
1262 773 1428 809 omne
1446 769 1726 810 natantum

189 825 372 875 Litore
398 824 452 873 in
481 831 746 883 extremO,
788 839 887 873 ceu
911 823 1164 890 naufraga
1191 843 1442 895 corpora,
1478 828 1672 880 fluctus

187 894 420 954 Proluit;
458 892 701 943 insolitae
727 891 940 958 fugiunt
961 895 1015 944 in
1037 893 1263 947 flumina
1287 898 1510 965 phocae.

187 965 379 1015 Interit
402 972 455 1014 et
478 964 650 1013 curvis
674 961 870 1022 frustra
897 963 1119 1015 defensa
1144 966 1361 1018 latebris

186 1036 410 1102 Vipera,
450 1043 503 1084 et
523 1033 750 1084 adtoniti
776 1036 1012 1102 squamis
1038 1036 1367 1089 adstantibus
1392 1038 1563 1105 hydri.
1619 1044 1722 1095 545

185 1106 319 1172 Ipsis
347 1114 427 1155 est
453 1121 544 1155 aer
569 1104 751 1154 avibus
777 1122 891 1155 non
918 1123 1146 1174 aequuS,
1187 1118 1240 1158 et
1265 1109 1384 1161 illae
1434 1149 1437 1152 -

183 1175 509 1243 Praecipites
532 1175 634 1225 alta
657 1176 821 1225 vitam
843 1176 943 1227 sub
966 1175 1115 1229 nube
1138 1178 1467 1249 relinquunt.

255 1273 371 1323 541.
407 1284 648 1334 PROLEM,

228 1400 297 1437 535
334 1399 518 1446 effodiunt
544 1400 652 1434 Goth.
680 1413 749 1434 sec.
784 1400 1013 1448 (montesque
1040 1401 1170 1437 Medic.
1203 1403 1301 1448 Wr.)

181 1448 252 1482 duo
265 1475 274 1491 ,
300 1454 338 1481 ut
354 1449 430 1481 fere
451 1460 590 1494 semper
611 1448 767 1481 variatur
788 1448 825 1480 in
846 1448 881 1482 h.
901 1461 933 1482 v.
981 1452 1146 1484 Extenta
1172 1451 1343 1496 Legnich.
1364 1463 1429 1484 ms.

180 1496 291 1530 dians
315 1497 493 1529 Romanus
524 1502 558 1529 et
582 1495 731 1529 Gudian.
770 1496 820 1538 (et
852 1495 961 1529 Paris.
997 1498 1031 1532 7.
1084 1499 1206 1543 Wr.),

490 1543 560 1578 538
593 1543 680 1577 Non
711 1543 808 1576 Toll.
839 1549 875 1576 et
906 1545 1032 1578 Franc.
1060 1545 1170 1579 Goth.
1197 1558 1250 1590 pr.

178 1543 250 1578 vid.
280 1545 366 1577 Not.

721 1284 1019 1321 NATANTUM
1031 1313 1044 1337 ,

1406 1404 1476 1440 536
1503 1406 1719 1452 Contempta

1527 1451 1597 1487 537
1621 1453 1717 1486 insi-

1242 1511 1308 1544 per
1336 1510 1374 1532 se
1405 1510 1476 1532 non
1505 1499 1611 1533 male.
1670 1502 1717 1533 At

1357 1546 1426 1582 539
1463 1547 1630 1580 Timidae
1653 1547 1715 1581 alt.

179 1585 359 1632 Rottend„
387 1597 424 1624 at
451 1589 522 1624 vid.
552 1590 720 1624 Servium.
771 1591 938 1625 dammae
962 1591 1076 1625 multi.
1127 1592 1313 1640 morbique
1335 1593 1499 1641 fugaces
1521 1594 1714 1628 comment.

178 1638 304 1683 Cruqu.
335 1638 380 1672 ad
410 1639 535 1671 Horat.
566 1639 631 1682 Ep.
660 1635 703 1680 II,
730 1639 761 1679 1,
789 1638 867 1673 136.

176 1685 322 1719 Martin.
352 1685 534 1731 (displicet
547 1686 712 1731 prolait3
740 1692 924 1730 exspectes
939 1687 1101 1733 proiicit,
1126 1694 1186 1721 aut
1205 1687 1319 1722 simile
1339 1688 1435 1733 quid.
1464 1690 1522 1723 W
1517 1688 1562 1733 r.)

964 1637 1034 1674 543
1059 1640 1109 1673 ad
1129 1642 1296 1687 flumina
1319 1641 1484 1686 Longob.
1519 1647 1555 1674 et
1582 1642 1715 1687 Regius

1644 1687 1715 1725 544

178 1746 221 1767 an
231 1732 382 1780 sarvzs,
409 1732 523 1778 inquit
540 1734 669 1774 Burm.‚
706 1733 770 1766 sed
794 1739 847 1766 est
876 1745 942 1778 pro
958 1733 1062 1768 cavis.
1095 1734 1165 1769 vid.
1185 1736 1318 1781 Georg.
1338 1737 1381 1779 ΙΙ,
1403 1736 1475 1771 216
1495 1742 1531 1770 et
1559 1736 1611 1770 ibi
1632 1738 1713 1771 No—

178 1787 259 1814 tam.

175 1894 329 1927 terram
357 1888 546 1938 fodiunt,
587 1894 628 1926 et
652 1888 827 1940 fruges,
872 1887 910 1927 h.

175 1947 325 1985 semina
339 1977 349 1996 ,
390 1946 596 1998 unguibus
615 1977 625 1996 ,
661 1946 813 1998 digitis,
846 1948 913 1984 in·-

160 2005 335 2058 sodizmt
350 2036 361 2055 ,
395 2011 507 2044 terra
542 2005 748 2044 occulunt.
805 2005 913 2043 Con-

174 2072 283 2102 tenta
313 2065 463 2102 cervice
477 2094 488 2113 ,
534 2076 638 2115 quae
666 2062 910 2103 intenditur.

172 2122 276 2161 Usus
293 2122 406 2161 vocis
431 2122 711 2161 Lucretianus.
773 2122 910 2171 Quam

173 2188 318 2220 ornate
336 2181 438 2219 haec
458 2181 612 2220 omnia!

229 2240 314 2283 537
331 2262 389 2269 —-
412 2238 510 2283 540.
549 2239 681 2278 Etiam
699 2239 805 2278 seras
820 2239 907 2279 lues

171 2304 314 2337 tentat.
356 2298 527 2336 insidias
565 2299 750 2350 explorat
779 2300 906 2337 ovilia

169 2359 321 2395 ciream
340 2386 351 2406 ,
393 2355 630 2408 exquisitius
670 2370 792 2408 quam
831 2370 906 2395 ex-

168 2415 352 2468 plorare,
392 2414 605 2467 exquirere
629 2415 784 2453 insidiis
814 2415 905 2455 ovi-

167 2474 234 2523 lia,
255 2480 326 2512 aut
347 2474 563 2512 observare
582 2473 688 2512 circa
707 2473 830 2513 ovilia
846 2474 903 2524 id,

169 2532 235 2571 cui
246 2532 411 2570 insidias
432 2532 565 2570 facere
582 2532 722 2585 possit,
744 2538 784 2570 et
803 2533 904 2570 insi-

168 2590 307 2630 diandi
327 2591 475 2629 locum.
488 2589 654 2629 Aeneid.
667 2591 737 2640 IX,
749 2591 804 2633 59
816 2604 900 2643 sqq.

166 2651 231 2689 Ac
255 2650 381 2689 velati
396 2650 521 2700 pleno
542 2650 665 2701 lupas
682 2649 900 2687 insidiatus

166 2709 266 2748 ovili
295 2708 397 2747 Cam
409 2707 557 2759 sternit
582 2708 642 2746 acl
657 2707 801 2745 caulas
825 2713 898 2746 etc.

163 2774 400 2817 nocturnus,
432 2771 583 2815 noctu,
624 2772 674 2804 ut
695 2765 815 2804 toties
831 2765 899 2806 vi-

165 2825 310 2865 dimus.
340 2826 473 2863 acrior
496 2838 594 2862 cura
610 2854 620 2873 ‚
654 2823 799 2862 morbi.

221 2882 297 2927 541
310 2915 318 2923 .
331 2882 590 2922 Aristotelem
603 2882 755 2921 Histor.
765 2882 897 2921 Anim.

164 2942 263 2992 VIII,
289 2945 355 2984 19.
375 2945 431 2985 20
461 2955 606 2994 negare
620 2971 630 2991 ,
660 2941 789 2994 pisces
812 2940 897 2980 ullo

160 3000 360 3054 pestilenti
402 3000 547 3040 morbo
587 2999 735 3040 tentari
757 3030 767 3050 ,
817 2999 897 3038 iam

355 1780 424 1816 545
451 1779 686 1814 exstantibus
702 1780 802 1814 malit
819 1782 868 1814 Io.
890 1781 1075 1815 Schrader.

973 1888 1105 1927 Cerda
1132 1891 1293 1929 notavit
1302 1905 1313 1941 3
1352 1897 1394 1930 et
1423 1890 1555 1929 videri
1581 1897 1713 1944 potest

973 1947 1218 1987 castissimus
1241 1955 1364 2001 poeta
1393 1949 1532 2001 potius
1549 1949 1710 2002 ingenio

969 2005 1196 2056 indulsisse,
1229 2021 1351 2059 quam
1370 2021 1512 2047 rerum
1531 2009 1708 2059 veritati,

970 2070 1077 2102 certe
1097 2064 1141 2103 in
1164 2065 1252 2115 illis,
1284 2079 1388 2118 quae
1409 2066 1459 2105 de
1477 2073 1710 2120 serpentum

967 2137 1008 2162 V·
1041 2121 1138 2165 544-
1174 2123 1259 2168 545
1306 2131 1439 2178 strage
1486 2131 1707 2176 memorat,

969 2194 1071 2233 quae
1092 2180 1172 2233 q'ua
1200 2182 1305 2234 fide,
1346 2197 1426 2236 qua
1445 2184 1707 2235 auctoritate,

966 2241 1173 2292 posuerit,
1211 2240 1368 2294 ignoro.
1429 2242 1510 2281 Sed
1545 2242 1707 2282 infectis

968 2298 1081 2351 aquis
1114 2299 1241 2352 pisces
1277 2300 1516 2353 contagiosis
1552 2301 1706 2340 morbis

964 2357 1132 2407 vexari,
1175 2371 1239 2397 res
1266 2365 1325 2398 est
1365 2360 1473 2398 inter
1513 2358 1705 2399 historiae

964 2416 1162 2454 naturalis
1179 2423 1363 2457 auctores
1383 2431 1494 2456 nunc
1516 2419 1610 2457 satis
1629 2431 1707 2457 exa·

962 2475 1134 2527 plorata.
1176 2475 1254 2527 (de
1286 2477 1329 2516 vi
1365 2476 1589 2528 particulae
1617 2479 1704 2516 iam

962 2533 1046 2572 vid.
1093 2533 1144 2582 Q.
1177 2534 1225 2573 V.
1262 2535 1443 2584 XXIIII,
1486 2537 1524 2577 9.
1570 2533 1700 2590 Wr.)

961 2592 1142 2641 Plzocae,
1164 2592 1288 2631 vituli
1307 2593 1465 2632 marini.
1514 2591 1612 2636 543.
1634 2596 1700 2632 in-

959 2650 1102 2688 solitae
1140 2650 1323 2702 fugiant
1338 2681 1349 2701 ‚
1399 2665 1477 2703 pro
1532 2652 1699 2693 insolito

957 2721 1082 2746 more.
1117 2706 1333 2760 (insolitae,
1361 2709 1387 2748 i.
1411 2723 1442 2749 e.
1469 2710 1582 2760 mari,
1614 2725 1698 2750 non

957 2765 1194 2804 fluminibus
1214 2767 1407 2806 adsuetae
1418 2783 1429 2819 3
1459 2768 1543 2808 vid.
1561 2768 1711 2808 Wun-

958 2823 1058 2863 derl.
1094 2825 1266 2865 Praefat.
1302 2840 1391 2879 pag.
1419 2827 1527 2866 XVI.
1564 2827 1694 2883 Wr.)

956 2881 1054 2926 545.
1082 2883 1274 2934 adtoniti,
1304 2891 1529 2938 torpentes,
1558 2886 1695 2938 rigen-

955 2946 1028 2980 tes.
1059 2943 1242 2995 squamis
1266 2943 1541 2995 adstantibus,
1581 2950 1694 2984 stan-

955 2999 1085 3051 tibus,
1115 3001 1281 3053 erectis,
1309 3000 1586 3043 horrentibus.
