1768 3320
159 242 264 291 294
492 241 546 290 Ρ.
584 240 948 291 VIRGILII
982 242 1366 292 MARONIS

157 366 257 416 Hic
277 373 485 431 segetes
498 407 510 431 ‚
548 365 651 416 illic
669 375 893 417 venlunt
912 365 1120 418 felicius
1137 385 1289 433 uvae,

157 435 388 487 Arborei
407 434 549 486 fetus
570 436 717 500 alibi3
757 447 918 505 atque
939 438 1133 488 iniussa
1157 439 1428 490 virescunt
1622 443 1691 492 55

160 507 428 558 Gramina.
464 509 663 558 Nonne
683 507 859 571 videS,
897 524 1118 559 croceos
1138 518 1198 559 ut
1219 508 1448 560 Tmolus
1473 508 1690 576 odoreS‚

157 577 311 628 India
333 577 498 627 mittit
518 577 670 643 ebur,
705 577 900 628 molles
927 595 1020 630 sua
1041 588 1159 630 tura
1185 579 1406 640 Sabaei3

228 661 310 712 54.
345 674 512 733 UvAe3
586 661 668 711 55.
705 674 867 724 ALIBI,

202 776 251 813 54
283 777 374 811 illuc·
400 777 572 811 Rottend.
628 779 701 812 Ηιο
728 786 892 825 segetes,
933 779 1091 812 veniunt
1122 790 1219 812 uvae
1243 776 1399 825 felicius
1423 776 1503 812 illic
1528 778 1568 812 in
1596 790 1692 814 non-

158 825 263 858 nullis
287 824 376 858 vidit
399 824 546 858 Pierius.
605 826 636 858 A
666 837 699 858 v.
726 826 772 861 53
800 825 846 858 ad
872 825 919 861 58
948 825 1070 859 laudat
1093 828 1174 859 Sen.
1205 837 1248 872 ep
1252 826 1347 861 ..87
1452 825 1499 862 55
1530 827 1601 860 Pro
1628 828 1692 861 in—

157 872 262 906 iussa
284 872 376 906 male
405 872 500 917 apud
515 870 608 905 Pier.
640 878 676 905 et
692 872 813 905 Heius.
835 871 896 905 alii
920 873 1066 915 i',nvzsa
1099 873 1253 906 iniusta.
1348 873 1397 908 56
1423 872 1553 916 Mola-5
1579 874 1691 909 multi.

156 931 189 953 v.
212 919 335 953 Heius.
378 919 499 964 (etiam
517 918 665 961 Medic„
694 920 758 953 sed
785 918 822 953 in
849 918 919 953 hoc
947 922 982 954 T
1001 918 1110 953 minio
1143 931 1251 964 supra
1275 919 1429 967 appicta.
1468 919 1563 975 Wr.)
1600 934 1691 955 cru-

156 979 242 1001 ceos
267 967 324 1000 uti
344 966 463 1000 molus
486 967 589 1000 Rom.
636 967 783 1000 Tmolos
810 965 883 1000 alii.
927 967 1063 1000 adores
1091 966 1202 1000 Goth.
1225 979 1280 1021 pr.
1376 968 1424 1003 57
1448 969 1572 1002 nutrit
1599 967 1692 1003 ebur

156 1020 230 1048 tres
259 1025 316 1059 ap.
344 1012 465 1054 Heins.
513 1014 638 1047 mittat
663 1013 793 1048 Medic.
837 1013 947 1060 (apud
976 1013 1147 1059 Foggin.‚
1188 1014 1284 1048 cuius
1311 1014 1399 1048 fides
1426 1013 1497 1048 iam
1523 1026 1692 1061 compro-

156 1061 261 1096 batur
285 1060 469 1120 Freytagii
494 1060 719 1103 testimoni03
749 1067 846 1096 tacet
870 1061 1050 1095 Heinsius.
1090 1061 1186 1106 Wr.)
1232 1061 1395 1106 Scilicet,
1423 1062 1521 1108 quod
1549 1062 1691 1108 saepis-

156 1157 230 1210 dry
251 1158 305 1210 of
323 1157 389 1196 the
416 1158 597 1195 ancients
618 1158 663 1196 T.
682 1157 712 1207 Ι,
730 1172 769 1211 p.
793 1160 892 1207 217,

157 1216 247 1267 qui,
296 1215 408 1267 quod
446 1216 577 1254 faeere
618 1228 777 1254 necesse
808 1230 893 1255 non

157 1280 238 1323 est,
266 1273 535 1326 repetendum
564 1287 647 1313 esse
669 1275 893 1314 arbitratus

157 1332 369 1385 epitheton
392 1334 553 1383 patrios
579 1333 711 1371 cultus
740 1339 781 1371 et
805 1348 892 1384 pa-

157 1393 252 1429 trios
277 1390 440 1428 habitus
457 1391 635 1429 locorum
660 1391 823 1430 laborat
848 1392 891 1431 in

155 1449 322 1487 notione
342 1449 508 1488 alterius
522 1448 595 1499 rei,
626 1450 792 1501 quinam
810 1463 896 1488 esse

155 1508 312 1560 possint
329 1506 493 1546 habitus
502 1509 636 1558 patrii
648 1525 659 1547 .·
694 1522 768 1547 cur
787 1508 894 1548 enim

155 1566 215 1605 illi
262 1566 466 1605 maiorum
509 1571 642 1605 aetate
678 1566 829 1606 diversi
870 1581 894 1605 a

154 1624 358 1678 praesenti
376 1625 459 1675 agri
476 1625 655 1664 natura?
676 1625 792 1664 Dicas
810 1636 893 1664 esse

156 1689 346 1724 naturam
366 1713 376 1732 ,
415 1682 575 1735 qualem
609 1684 781 1722 maiores
814 1698 894 1723 usu

157 1747 445 1793 cognoverant.
514 1741 732 1781 Enimvero
772 1742 895 1780 habi-

157 1807 220 1837 tus
236 1799 413 1838 locorum
432 1811 505 1852 per
517 1811 557 1837 se
577 1806 674 1838 sunt
690 1800 894 1839 sumendi:

157 1863 199 1896 et
249 1870 392 1897 eorum
441 1856 576 1895 cultus
623 1864 684 1896 est
726 1858 894 1910 pati-ius.

156 1916 225 1958 53.
266 1916 367 1956 Plin.
406 1914 556 1964 XVIII,
593 1914 650 1958 47
688 1922 791 1955 extr.
842 1919 895 1955 In

158 1974 269 2012 omni
304 1972 468 2028 quidem
489 1981 611 2026 parte
640 1975 820 2013 culturae
836 1997 895 2004 —

157 2032 266 2071 valet
325 2032 537 2070 oraculum
600 2033 708 2071 illud
730 2049 741 2071 :
795 2033 897 2085 quid

159 2104 342 2143 quaeque
362 2091 474 2142 regio
488 2091 692 2142 patiatur.
739 2091 825 2129 Iam
848 2091 894 2129 in

156 2148 229 2198 iis,
269 2161 372 2200 quae
423 2155 674 2199 sequuntur,
726 2163 893 2203 agnosce

157 2206 358 2259 poeticam
382 2205 604 2257 rationem,
645 2208 893 2260 propositio-

157 2277 251 2305 nem
279 2265 503 2317 generalem
531 2278 604 2317 per
630 2266 786 2319 singula
816 2279 891 2304 ex—

158 2323 291 2376 empla
341 2323 575 2362 declarandi
626 2330 665 2362 et
705 2325 891 2364 ornandi.

158 2379 215 2423 54
247 2394 332 2434 sqq.
370 2381 571 2421 Convenit
630 2383 743 2421 locus
799 2397 892 2421 cum

158 2438 290 2478 Aetna
331 2439 416 2482 258
446 2453 530 2491 sqq.
591 2440 658 2483 55.
688 2441 765 2479 Per
787 2455 892 2493 gra-

157 2498 272 2536 mina
297 2497 494 2537 declarari
512 2504 614 2550 puta
634 2512 795 2551 pascua.
826 2501 891 2537 in-

158 2556 271 2594 iussa
292 2586 304 2605 ,
347 2561 510 2608 sponte,
558 2556 712 2596 Colum.
743 2558 803 2607 X,
838 2559 891 2600 16

158 2619 308 2653 natura
329 2613 415 2663 soli,
448 2628 552 2666 qaae
566 2615 775 2653 -iniussi
793 2630 892 2654 con-

159 2673 346 2710 sternitur
355 2671 469 2709 abere
490 2672 604 2710 mali.
664 2672 733 2715 56.
766 2674 892 2711 Νοη-

159 2744 208 2768 ne
224 2729 358 2769 vides.-
381 2734 442 2767 est
457 2728 566 2767 inter
585 2729 779 2768 formulas
789 2743 892 2769 enu—

159 2787 460 2827 merationum:
506 2801 582 2840 pro
602 2817 613 2837 ‚
661 2794 891 2840 praeterea,

159 2859 303 2899 porro:
334 2851 375 2883 et
399 2843 525 2884 habet
553 2841 778 2900 ἐνάργειαν.
820 2841 894 2899 οὐχ

162 2900 292 2960 ὁράᾳς
310 2902 423 2942 Arat.
441 2902 546 2943 Dios.
564 2917 626 2955 pr.
647 2905 775 2942 crocei
791 2903 893 2941 odo-

160 2977 221 3000 res
244 2975 320 3015 pro
352 2975 484 3000 croco.
549 2962 713 3000 Tmolus
743 2961 893 3014 Lydiae

160 3034 277 3059 mons
296 3050 306 3070 ‚
342 3019 440 3059 vino
493 3031 684 3072 generoso
735 3019 891 3070 nobilis,

951 1171 991 1197 v.
1014 1157 1062 1207 ΙΙ,
1084 1159 1162 1208 983
1194 1170 1287 1196 eum
1304 1170 1465 1208 nucem,
1497 1164 1539 1197 et
1558 1165 1691 1198 casta-

951 1229 1090 1266 neam,
1130 1215 1279 1266 vitem,
1322 1216 1477 1255 malum
1510 1223 1551 1255 et
1584 1217 1691 1256 mala

950 1274 1103 1313 Punica
1154 1275 1259 1313 serre
1306 1274 1448 1314 asserit
1485 1274 1689 1329 Theophr.

910 1330 912 1334 ’
950 1332 1002 1372 Η.
1032 1333 1074 1371 Ρ.
1093 1332 1170 1382 IV,
1193 1336 1231 1375 6.
1264 1339 1306 1372 at
1333 1332 1508 1372 eundem
1527 1347 1550 1371 a
1570 1348 1690 1374 croco

951 1390 1279 1430 commendatum
1333 1405 1444 1430 nunc
1492 1391 1690 1432 videmus.

952 1449 1136 1488 Succinit
1169 1449 1336 1502 Virgilio
1376 1449 1596 1489 Columella
1622 1451 1690 1502 ΙΙΙ,

953 1510 993 1558 8,
1011 1507 1051 1549 4.
1081 1507 1152 1559 qui
1181 1514 1319 1547 tamen
1340 1507 1550 1547 Maronem
1577 1509 1692 1562 sequi

951 1566 1111 1619 potuit3
1131 1566 1257 1605 Solini
1278 1572 1319 1605 et
1332 1566 1526 1605 Marciani
1545 1574 1691 1607 aucto-

951 1625 1074 1675 ritas,
1115 1639 1139 1662 a
1176 1625 1306 1663 Cerda
1338 1631 1561 1664 memorata
1579 1656 1590 1677 ,
1629 1632 1690 1665 est

952 1683 1078 1722 nulla.
1139 1684 1292 1722 Contra
1320 1683 1365 1722 in
1392 1683 1528 1722 Cilicia
1545 1698 1688 1724 crocus

953 1741 1143 1793 frequens
1176 1741 1466 1794 proveniebat,
1505 1742 1687 1795 inprimis

954 1799 1008 1837 ad
1072 1799 1290 1852 Corycium
1345 1801 1686 1852 promontorium.

954 1857 1120 1896 Servius
1156 1858 1345 1896 Tmolum
1381 1858 1540 1896 Ciliciae
1567 1873 1688 1898 mon-

952 1921 1037 1954 tem
1058 1929 1141 1953 esse
1162 1916 1335 1966 dixerat,
1353 1916 1464 1955 unde
1484 1917 1686 1955 Burman-

952 1987 1030 2012 nus
1058 1974 1246 2013 Tmolum
1274 1970 1351 2027 pro
1376 1975 1513 2014 Cilicia
1532 1974 1687 2014 dictum

953 2033 1153 2082 censebat,
1184 2032 1279 2084 quia
1296 2039 1454 2072 veteres
1468 2033 1512 2072 in
1530 2034 1687 2072 Ciliciae

951 2090 1115 2129 nomine
1144 2098 1357 2141 errarunt,
1390 2105 1483 2130 cum
1500 2092 1688 2131 viderent

951 2149 1092 2187 Cilicas
1132 2149 1242 2202 apud
1281 2149 1504 2189 Homerum
1531 2163 1688 2190 memo-

948 2207 1032 2246 rari
1054 2207 1098 2246 in
1115 2207 1263 2260 Mysia3
1292 2208 1469 2260 potuisse
1499 2208 1599 2248 adeo
1620 2222 1687 2248 eos

950 2265 1073 2304 etiam
1109 2265 1294 2316 credere,
1325 2266 1495 2319 Lydiam
1518 2267 1687 2306 Cilicum

949 2324 1070 2363 fuisse
1090 2330 1131 2362 et
1149 2324 1287 2363 Cilices
1302 2337 1430 2376 usque
1447 2325 1500 2363 ad
1517 2325 1687 2378 Lydiam

949 2382 1049 2420 fines
1071 2382 1344 2435 protendisse,
1375 2383 1433 2421 ita
1451 2389 1501 2422 ut
1520 2384 1686 2422 Tmolus

949 2454 1025 2492 pro
1073 2440 1232 2479 Ciliciae
1281 2446 1421 2479 monte
1470 2441 1684 2481 diceretur.

949 2498 1052 2537 Vide
1071 2499 1209 2538 Burm.
1239 2498 1291 2537 ad
1315 2497 1401 2538 h.1.
1429 2505 1471 2537 et
1493 2499 1546 2537 ad
1563 2499 1684 2539 Ovid.

948 2556 1046 2596 Met.
1064 2556 1154 2606 XII,
1176 2558 1270 2598 109.
1300 2555 1424 2607 Atqui
1442 2555 1543 2596 haec
1563 2570 1686 2609 quam

947 2614 1066 2666 longe
1084 2614 1214 2666 petita
1233 2615 1314 2653 sint
1331 2614 1466 2665 vides3
1489 2629 1564 2654 nec
1581 2616 1685 2654 bene

950 2685 996 2710 ea
1018 2672 1115 2710 olim
1133 2677 1327 2724 sequutus
1362 2685 1484 2712 eram.
1542 2674 1685 2713 Potuit

949 2736 991 2768 et
1035 2729 1201 2768 Tmolus
1245 2743 1411 2769 crocum
1447 2731 1554 2771 ferre
1591 2746 1684 2771 cum

951 2787 1038 2826 aliis
1073 2787 1194 2826 terris
1232 2788 1342 2840 apud
1370 2788 1544 2829 Plinium
1569 2790 1682 2841 XXI,

952 2848 1000 2895 6,
1026 2847 1080 2887 17
1109 2846 1340 2884 memoratis
1363 2876 1374 2896 ‚
1416 2854 1458 2886 et
1495 2847 1684 2901 Virgilius

952 2903 1154 2942 Graecum
1199 2903 1373 2956 aliquem
1411 2912 1574 2958 poetam
1607 2919 1682 2945 ex—

949 2961 1135 3014 primere.
1196 2962 1264 3005 57.
1286 2963 1493 3001 molles—
1503 2963 1655 3003 Sabaei
1667 2980 1679 3002 :

950 3025 1192 3073 perpetuum
1211 3019 1422 3073 epitheton
1437 3022 1681 3076 populorum
