1734 3320
275 206 641 270 GEORGIC
653 205 1227 271 0NLIB.11‚23—
1240 213 1310 262 32

1449 216 1551 265 397

28 339 373 418 Exspectant,
410 343 470 386 et
484 335 600 385 viva
623 350 717 384 sua
738 333 999 402 plantaria
1016 341 1184 396 terra3

28 407 117 459 Nil
134 404 328 458 radicis
349 413 511 470 egent
529 403 686 468 aliae,
722 419 1111 472 summumque
1128 411 1347 471 putator

28 475 189 529 Haud
209 474 419 531 dubitat
437 484 612 527 terrae
634 472 880 525 referens
898 473 1158 524 mandare
1185 490 1456 525 cacumen.

31 547 177 612 Quin
202 554 257 597 et
280 545 587 596 caudicibus
611 545 768 597 sectis
795 544 1064 610 (mirabile
1090 543 1260 612 dictu)

1486 550 1554 596 30

32 614 293 668 Truditur
311 631 346 666 e
368 615 508 666 sicco
534 614 683 665 radix
707 613 950 681 oleagina
968 614 1130 680 lign0.

28 690 99 739 Et
118 702 279 754 saepe
300 685 514 737 alterius
534 701 715 736 ramos
736 685 941 753 inpune
966 683 1214 736 videmus

98 775 181 824 28.
214 782 399 828 Anam

83 888 131 925 28
150 888 325 936 putatiam
339 887 464 932 fragm.
482 887 613 920 Moret.

30 985 85 1018 Ae
107 994 219 1030 saepe
237 982 376 1027 Menag.
400 987 439 1015 et
452 980 587 1016 Zulich.

32 1090 193 1118 necesse
223 1084 308 1129 est,
352 1083 396 1116 et
417 1078 462 1116 in
484 1085 588 1116 terra
620 1091 710 1126 wa,
725 1076 768 1116 h.

33 1150 105 1186 ea,
134 1135 180 1175 in
206 1149 288 1189 qua
294 1107 446 1176 ma'ter
467 1136 618 1186 crevit,
648 1136 769 1189 plan-

34 1201 136 1234 tare.
192 1193 285 1234 Non
322 1193 487 1246 quidem
511 1193 646 1233 nescio
677 1199 770 1247 post

35 1252 244 1303 Servium,
274 1252 448 1292 Cerdam
467 1259 663 1305 quartum
691 1253 768 1292 ali-

35 1324 157 1364 quem
176 1310 346 1351 modum
372 1313 695 1363 transposition&
714 1324 768 1350 ex

35 1369 190 1410 verbis.
229 1378 267 1408 et
307 1383 406 1408 νινα
443 1383 520 1408 sua
554 1370 770 1422 plantaria

36 1437 163 1478 terra,
195 1428 359 1467 inferre.
417 1427 523 1467 Tum
549 1428 692 1466 saltem
708 1429 770 1467 le-

35 1485 213 1539 gendum
240 1486 374 1525 soret:
413 1494 487 1524 aut
521 1486 629 1526 viva.
667 1486 769 1526 Plin.

37 1544 173 1595 XVII,
204 1546 273 1594 20,
292 1558 324 1583 s.
340 1541 397 1586 34
423 1553 517 1583 sunt
548 1553 586 1582 et
609 1558 770 1597 pmpa-

35 1605 154 1655 gines
171 1608 517 1642 castanearum—
536 1602 618 1641 Sed
636 1611 770 1641 tmns-

38 1662 127 1699 lata
161 1662 288 1700 nescit
325 1659 525 1711 hospitari
564 1669 770 1714 pavetque

38 1721 270 1758 novitatem.
305 1718 354 1757 cs.
382 1718 536 1757 Colum.
556 1718 623 1768 IV,
642 1721 710 1769 33,
728 1718 768 1761 4.

96 1779 166 1820 28.
194 1779 264 1819 29.
302 1776 373 1815 Est
403 1775 485 1816 hoc
515 1776 681 1816 sationis
698 1790 769 1830 ge-

38 1849 139 1885 nus,
169 1849 263 1874 cum
287 1847 340 1874 ex
365 1848 522 1874 summa
538 1835 683 1874 arbore
700 1849 769 1875 re-

39 1893 161 1932 scissa
179 1893 293 1946 virga
308 1906 380 1932 seu
396 1894 507 1932 talea
519 1924 530 1943 ,
560 1900 770 1946 tamquam

39 1952 236 2001 surculus,
254 1952 395 1991 scrobe
410 1952 521 1990 facto
540 1952 582 1990 in
601 1951 773 1992 humum

42 2009 244 2062 defigitur.
311 2012 383 2052 29.
418 2010 591 2062 mfirens·
603 2041 614 2059 ,
666 2011 772 2062 quia,

41 2073 212 2107 notante
230 2067 395 2107 Reiskio
408 2099 420 2118 ,
449 2069 530 2107 iam
550 2074 643 2107 ante
664 2069 775 2108 illinc

42 2132 209 2165 enatum
246 2127 391 2165 fuerat.
469 2126 554 2165 Nisi
610 2127 773 2166 omnino

43 2190 188 2223 ornate
226 2183 395 2230 dictum,
418 2184 669 2236 putandum:
710 2199 775 2223 re-

30 2242 173 2294 firma
191 2242 363 2280 mandat
378 2255 454 2294 pro
474 2242 643 2295 simplici
654 2257 777 2281 man-

43 2300 127 2339 dat.
171 2299 275 2338 Nam
301 2300 397 2349 sert,
455 2300 610 2351 defert,
660 2301 779 2352 refert

42 2357 147 2397 illud
161 2372 376 2408 cacumen,
405 2359 573 2408 taleam,
602 2359 647 2397 in
664 2358 779 2398 illum

43 2415 191 2455 locum.
230 2413 437 2470 (putator,
476 2417 546 2468 qui
575 2416 628 2456 ad
656 2417 779 2456 arbo—

44 2487 132 2513 rem
142 2474 370 2527 putandam
388 2476 554 2524 exierat,
574 2475 779 2514 referre

46 2532 253 2571 surculum
271 2533 436 2586 proprie
452 2534 616 2583 dicitur,
636 2539 684 2572 ut
701 2546 780 2572 re-

0 2588 1 2617 1
45 2595 260 2643 portare
287 2591 318 2641 1,
336 2591 434 2634 275.
469 2590 621 2644 Welz.)

0 2659 2 2676 f
107 2650 175 2689 30.
213 2650 282 2690 31.
323 2649 550 2689 Nonnullae
591 2649 777 2700 arbores,

49 2711 88 2743 et
113 2705 221 2744 inter
247 2704 322 2744 has
361 2707 544 2760 inprimis
574 2709 682 2758 olea,
720 2709 780 2747 ita

47 2769 335 2816 procreantur,
365 2774 409 2803 ut
431 2767 588 2805 caudex
614 2780 685 2805 seu
704 2766 780 2805 sfi-

47 2834 142 2874 pes,
183 2827 339 2860 resecta
364 2823 501 2862 radice
530 2831 572 2863 et
604 2824 783 2863 abscissis

48 2879 190 2928 ramis,
219 2878 406 2930 idemque
426 2881 619 2921 dissectus
647 2897 695 2921 ac
710 2883 783 2921 fis-

49 2950 139 2986 sus,
180 2944 305 2974 terrae
331 2938 567 2988 infodiatur.
639 2941 702 2980 Ita
731 2954 783 2979 ex

48 2993 137 3047 ipso
154 2994 287 3047 stipite
306 2994 428 3034 radix
444 2996 629 3037 truditur
640 3028 651 3049 ‚
681 3011 783 3050 quae

690 886 736 924 31
762 899 808 920 ex
824 887 877 920 si
858 894 916 920 cto
932 885 1077 920 volebat
1092 884 1293 919 Pontedera
1310 883 1452 929 Antiqq.
1469 894 1554 928 pag.

34 935 103 972 153
125 901 179 969 etp
182 934 220 968 in
238 934 369 980 Script.
388 935 432 968 R.
451 935 493 968 R.
515 945 598 979 pag.
619 934 733 976 1297,
757 933 902 979 antique
922 945 989 979 pro
1012 940 1123 968 secto.
1170 935 1216 966 At
1234 931 1306 965 vid.
1330 932 1414 965 Not.

1509 930 1558 965 32

825 1082 961 1116 terrae
975 1089 1016 1115 se
1037 1076 1195 1128 affigat.
1246 1073 1413 1114 Caudex
1428 1080 1559 1111 sectus

825 1148 899 1188 per
921 1148 962 1173 se
980 1134 1215 1187 simpliciter
1232 1145 1314 1172 esse
1331 1137 1479 1185 posset,
1488 1143 1559 1169 re-

825 1199 959 1232 sectus
984 1199 1026 1231 et
1055 1192 1273 1242 abscissus5
1303 1190 1375 1230 sed
1401 1189 1560 1228 obtem-

825 1251 1052 1304 perandum
1071 1257 1133 1290 est
1150 1250 1247 1290 viris
1265 1249 1419 1302 peritis,
1435 1260 1558 1301 prae-

825 1316 947 1349 eunte
962 1310 1044 1348 iam
1063 1309 1203 1348 Servio
1225 1314 1266 1347 et
1286 1305 1428 1355 cerda,
1459 1319 1560 1345 cau-

829 1367 959 1407 dicem
1007 1380 1079 1407 seu
1114 1373 1309 1406 truncum
1347 1364 1477 1404 scindi
1515 1364 1559 1403 in

826 1426 964 1479 plures
982 1432 1139 1479 partes,
1172 1424 1331 1465 diffindi
1351 1437 1398 1463 ac
1420 1421 1560 1462 conci-

830 1483 894 1534 di,
923 1484 981 1523 ita
998 1491 1047 1523 ut
1076 1498 1127 1523 ex
1155 1483 1332 1522 medulla
1358 1495 1467 1521 nova
1490 1494 1560 1520 ar-

828 1542 905 1581 bor
928 1549 1179 1595 procreetur.
1229 1556 1250 1580 e
1288 1543 1394 1580 sicco
1432 1541 1560 1591 ligno,

829 1601 924 1652 quia
939 1607 1110 1640 truncus
1134 1596 1326 1640 rescissus
1357 1604 1430 1637 est.
1458 1597 1559 1636 Plin.

826 1658 952 1709 XVII,
977 1674 1008 1698 s.
1032 1662 1058 1702 9
1089 1659 1198 1698 inter
1221 1670 1367 1711 genera
1394 1654 1561 1695 sationis

826 1716 1039 1756 arborum:
1096 1725 1134 1756 et
1179 1724 1358 1755 consecto
1410 1713 1562 1753 arboris

826 1784 979 1814 manco.
1038 1776 1161 1815 Plura
1189 1775 1233 1814 in
1268 1787 1429 1813 omnem
1454 1771 1562 1810 hanc

825 1846 913 1873 rem
940 1839 1039 1873 sunt
1066 1848 1129 1887 ap.
1163 1833 1265 1872 Plin.
1292 1831 1417 1881 XV]I‚
1442 1845 1473 1869 s.
1491 1833 1561 1873 27.

829 1893 899 1934 28-
930 1895 998 1934 29.
1066 1891 1273 1931 Laudatus
1317 1890 1398 1929 iam
1432 1894 1494 1927 est
1539 1901 1564 1925 a

831 1950 963 1989 Cerda
977 1949 1181 2004 Theophr.
1200 1946 1509 1996 Hist.Plant.11‚
1525 1949 1563 1988 1

832 2015 874 2047 et
898 2012 938 2051 7.
997 2008 1059 2047 Ab
1085 2009 1155 2048 illo
1180 2008 1308 2047 altero
1329 2006 1453 2046 modo
1475 2018 1563 2057 sup.

831 2066 901 2108 24.
918 2067 974 2110 25
1002 2073 1227 2106 memorato
1248 2056 1316 2104 hic
1338 2066 1397 2104 ita
1414 2064 1563 2112 differt,

831 2131 882 2163 ut
909 2125 1073 2164 infossio
1100 2125 1174 2164 fiat
1197 2124 1355 2164 truncis
1383 2134 1565 2162 cumra-

833 2182 988 2222 d1c1bus
996 2199 1008 2234 3
1036 2184 1202 2235 quintus
1222 2181 1292 2221 hic
1307 2181 1466 2230 modus,
1495 2192 1565 2219 re-

834 2241 953 2280 sectis
970 2241 1184 2280 radicibus.
1216 2241 1254 2295 (e
1273 2242 1378 2279 sicco
1398 2238 1498 2292 quid
1512 2237 1566 2278 sit

834 2298 877 2341 h.
901 2299 927 2338 l.
939 2329 950 2349 ,
988 2300 1213 2352 quaeritur.
1282 2298 1433 2338 Siocior
1471 2310 1565 2350 pars

836 2358 992 2397 arboris
1011 2365 1072 2397 est
1087 2364 1273 2407 truncus,
1292 2369 1478 2396 succosae
1494 2369 1566 2394 ra·-

837 2416 944 2455 dices
966 2423 1007 2455 et
1023 2431 1179 2456 summa
1194 2430 1288 2469 pars
1299 2415 1468 2464 arboris,
1494 2427 1565 2452 ra-

835 2475 935 2514 muli
965 2489 1013 2514 ac
1037 2475 1216 2514 frondes.
1277 2475 1383 2527 Apte
1402 2471 1566 2512 Vossius

837 2540 1047 2586 comparat
1063 2533 1215 2573 Pallad.
1235 2533 1308 2583 XI,
1326 2532 1387 2575 5.:
1426 2529 1567 2581 „radi-

837 2592 950 2630 culae
975 2606 1061 2631 non
1094 2592 1146 2631 ad
1174 2604 1375 2630 siccum
1418 2589 1567 2628 debent

835 2650 981 2690 recidi:
1000 2672 1059 2680 —
1085 2674 1144 2682 —
1170 2649 1396 2689 recidemus
1423 2648 1567 2687 relicto

838 2708 952 2760 digiti
968 2709 1136 2762 spatio.“
1175 2707 1288 2748 Idem
1305 2714 1443 2747 tamen
1454 2706 1567 2745 Voss.

815 2766 977 2806 *laudat
1015 2767 1116 2806 Plin.
1150 2766 1203 2806 H.
1239 2766 1287 2805 N.
1325 2765 1452 2814 XVII,
1478 2765 1568 2805 30.:

841 2824 958 2874 „Non
977 2824 1191 2864 inhumare
1209 2824 1346 2875 taleas,
1377 2829 1450 2861 aut
1470 2821 1568 2860 sic—

841 2896 964 2922 care
1011 2884 1148 2935 prius,
1194 2896 1315 2934 quam
1355 2885 1567 2927 serantur,

839 2941 980 2980 ufilius
995 2942 1292 2994 compertum.“
1339 2937 1456 2977 Unde
1472 2935 1568 2974 Iah-

839 2999 932 3038 nius
948 2998 1076 3039 verba
1109 3013 1131 3037 e
1159 3000 1263 3037 sicco
1290 2996 1331 3036 h.
1359 2997 1386 3035 l.
1404 2994 1569 3049 proprie
