1734 3320
254 233 355 283 GE
370 232 626 310 onem
641 232 749 284 oN
788 234 1360 300 LIB.1V‚4o6—418

1468 248 1569 295 667

107 361 254 411 Haec
289 359 384 424 ait,
420 367 478 410 et
507 357 779 427 liquidum
807 360 1110 414 ambrosiae
1142 364 1401 418 diffundit
1431 368 1572 419 odo-

834 448 978 484 rem:
1467 442 1572 493 415

41 501 168 564 Quo
191 506 373 549 totum
395 499 506 549 nati
530 493 726 567 co'rpus
747 501 1022 568 perduxit3
1060 503 1205 553 atilli

0 591 15 642 ζ’
37 568 221 622 Dulcis
242 569 536 637 conpositis
555 571 770 637 spiravit
788 572 1023 623 crinibus
1043 588 1196 637 aura,

0 651 2 688 ἓ
40 642 221 709 Atque
248 639 440 691 habilis
467 640 732 692 membris
761 643 910 693 venit
935 644 1100 709 vigor.
1169 645 1265 695 Est
1283 661 1472 712 specus
1492 648 1573 697 in-

839 728 971 779 gens

87 839 161 896 415
184 841 269 876 Hoc
303 841 436 876 Moret.
469 852 563 884 sec.,
595 842 668 875 Hic
699 854 756 888 qu.
811 843 898 878 Mox
927 843 1105 890 diffundit
1130 842 1277 878 Heinsio
1304 843 1474 886 debetur,
1516 845 1575 891 qui

38 887 173 923 Medic.
201 887 296 924 Gud.
332 894 371 923 et
393 888 534 934 Meuag.
560 895 747 935 utrumque
776 902 842 936 pro
880 902 917 924 se
948 891 1082 925 laudat.
1130 890 1224 925 Addi
1250 897 1400 937 possunt
1422 891 1504 934 alii,
1538 899 1576 926 ut

39 935 152 971 Goth.
178 948 250 971 sec.
275 935 397 982 (etiam
415 938 514 970 Serv.
543 936 669 970 Dresd.
692 943 728 970 et
751 937 786 973 3.
825 938 922 982 Wr.)
971 937 1123 984 diffudit
1155 940 1254 982 Reg„
1288 944 1438 983 uterque
1458 934 1575 973 Mead.

39 983 117 1020 Erf.
149 989 187 1018 et
214 982 297 1018 edd.
323 983 408 1017 inde
437 983 483 1017 ab
512 984 618 1017 Aldd.
667 983 841 1029 defundit
866 984 988 1020 Heius.
1020 997 1062 1018 ex
1087 985 1175 1019 edit.
1196 985 1320 1019 laudat
1336 985 1456 1020 nescio
1486 998 1575 1032 qua;

42 1030 164 1078 eicque
180 1029 284 1066 multi
299 1030 404 1065 codd.
444 1030 481 1064 in
501 1031 628 1076 quibus
647 1034 679 1067 1.
704 1032 739 1067 7.
761 1032 795 1067 8.
828 1031 935 1076 Wr.),

959 1033 1188 1078 praefertque
1212 1032 1251 1066 id
1267 1033 1413 1067 Wakef.
1434 1033 1480 1067 ad
1498 1034 1576 1067 Lu-

44 1084 133 1114 eret.
162 1078 226 1122 IV,
261 1078 319 1115 88.
367 1077 415 1112 de
434 1077 539 1112 endit
564 1078 712 1112 Mentel.
745 1087 779 1113 et
807 1079 976 1114 nottend.
1024 1078 1172 1126 defudit
1199 1079 1300 1113 Leid.
1323 1087 1357 1113 et
1381 1080 1492 1114 Goth.
1519 1093 1574 1127 pr.

62 1125 141 1162 et5.
154 1127 210 1163 11·
224 1123 284 1162 14.
311 1126 366 1161 W
364 1125 411 1171 r.)
459 1128 507 1159 At
524 1126 626 1160 Rom.
646 1127 828 1173 depromit
849 1133 886 1160 et
903 1138 985 1160 mox
1003 1138 1138 1173 corpus
1154 1126 1323 1174 perfudit
1341 1138 1360 1159 e
1379 1127 1510 1172 glossa,
1536 1134 1576 1161 ut

77 1174 163 1208 urm.
194 1171 330 1208 docuit.
387 1171 561 1207 ambr-osa
585 1173 644 1207 vel
667 1173 852 1208 ambrosia
875 1175 975 1207 Rom.
1006 1180 1043 1207 et
1070 1173 1117 1207 al.

1227 1173 1300 1209 416
1332 1176 1410 1217 Quo
1437 1183 1575 1208 tactum

41 1220 170 1303 fiffm.
190 1221 333 1263 Moret„
363 1220 537 1254 concinne
557 1220 699 1255 omnino
712 1222 730 1263 ‚'
743 1221 858 1267 inquit
874 1221 995 1254 Heius.
1043 1221 1149 1264 Quod
1167 1229 1283 1255 totum
1309 1220 1401 1255 alter
1420 1222 1575 1267 Menag.‚

42 1280 79 1303 m
117 1279 149 1303 e.
190 1267 376 1317 pet-music
407 1267 463 1302 ed.
489 1269 583 1303 Ven.
635 1267 808 1316 perfudit
846 1269 947 1302 Rom.
982 1273 1019 1301 et
1054 1268 1200 1303 Vratisl.
1243 1269 1420 1315 producit
1449 1269 1574 1303 Franc.

41 1315 226 1364 produxit
238 1315 313 1349 Erf.
330 1320 368 1348 et
382 1314 449 1349 1111.
470 1315 553 1350 Sab.
597 1316 823 1371 perducere,
854 1326 930 1349 voc.
948 1326 1031 1348 mox
1048 1327 1069 1349 a
1088 1315 1233 1349 medicis
1252 1315 1478 1361 adoptatum:
1504 1327 1574 1361 quo

43 1361 236 1409 aliquoties
257 1365 410 1398 Serenus
432 1365 673 1397 Sammonicus
689 1363 811 1397 utitur.
858 1365 988 1396 Auson.
1006 1361 1156 1396 Mosella
1183 1363 1251 1398 112
1265 1361 1426 1396 Lubrica
1442 1375 1575 1396 caeru-

44 1409 130 1446 leue
172 1410 318 1445 erdueit
335 1417 490 1458 tergora
497 1408 618 1457 fucus
642 1410 687 1444 de
708 1410 883 1444 mustella.
931 1408 1002 1446 417
1026 1408 1182 1443 naribus
1205 1416 1288 1443 tert.
1315 1410 1482 1443 Rotteud.
1506 1420 1574 1454 pro

0 1479 3 1484 ·
44 1469 120 1494 var.
167 1463 248 1502 ect.,
277 1456 391 1501 male,
423 1458 610 1493 Burmann.
658 1470 776 1492 auras
800 1459 903 1492 Rom.

43 1564 94 1606 V.
116 1565 296 1617 XXXX,
313 1567 356 1609 8.
391 1563 513 1621 Wr.)
570 1564 670 1608 409.
686 1562 785 1607 410.

44 1622 137 1664 Fiet
156 1623 323 1664 flamma
345 1623 413 1664 vel
428 1637 546 1676 aqua.
593 1623 648 1662 At
663 1637 786 1675 quam

44 1683 210 1722 ornate!
273 1681 373 1725 410.
411 1683 608 1733 Excidet,
647 1682 786 1720 elabe-

0 1772 6 1782 .
44 1746 144 1792 tur,
174 1734 356 1794 effugiet,
386 1747 437 1782 ut
453 1740 666 1783 ἐκπίπτειν
676 1758 690 1792 ,·
719 1740 786 1779 (ἰί-

0 1838 2 1842 ,
45 1799 191 1851 lapsus
223 1799 375 1850 abibit,
433 1799 619 1839 ornatius
649 1812 784 1852 quam,

46 1857 267 1898 dilabetur.
327 1856 428 1901 412.
468 1857 659 1897 contende
674 1887 686 1907 ,
719 1857 790 1895 in-

44 1915 191 1968 tende,
230 1915 451 1967 contrahe,
488 1915 640 1965 πιέζειν
667 1915 789 1955 Hom.

0 2012 3 2013 γ
46 1986 89 2016 v.
107 1973 207 2018 419.
265 1973 365 2017 414.
397 1974 661 2014 communior
681 1974 787 2012 ratio

46 2033 204 2073 fuerat:
234 2047 330 2072 cum
356 2036 521 2071 somnus
550 2040 702 2084 tegeret
718 2032 788 2070 la-

47 2105 175 2131 nana.

105 2148 205 2193 415.
234 2147 314 2188 Hic
330 2160 431 2187 vero
461 2161 556 2187 cum
573 2147 789 2186 Homerica

0 2203 2 2205 ’
44 2207 303 2261 simplicitate
323 2212 366 2246 et
380 2206 556 2246 veritate
575 2205 789 2244 contendit

5 2291 7 2294 ·
50 2265 207 2319 Virgilii
245 2265 441 2318 elegantia
486 2271 528 2303 et
561 2264 787 2317 ingenium3

4 2334 8 2342 ’
46 2339 146 2365 nam
160 2325 205 2364 in
221 2324 403 2377 Odyssea
422 2337 462 2363 v.
484 2321 570 2365 444
590 2336 675 2374 sqq.
694 2335 787 2359 am·-

47 2383 206 2423 bmsiae
224 2383 323 2421 odor
339 2382 410 2433 iis,
441 2382 510 2434 qui
537 2381 612 2420 sub
631 2379 789 2434 phoca-

0 2446 4 2462 ²
46 2455 146 2483 rum
198 2441 372 2495 pellibus
410 2440 586 2479 laterent
605 2468 619 2488 ,
667 2452 790 2491 quam

48 2500 228 2540 maxime
263 2505 353 2539 erat
381 2498 546 2551 quidem
568 2497 701 2547 utilis,
731 2495 792 2535 rei

3 2559 11 2580 ²
46 2565 190 2599 -tamen
200 2558 325 2612 ipsius
340 2571 488 2611 parum
503 2555 686 2596 iucunda
699 2569 792 2594 nar-

0 2618 5 2662 }
45 2617 177 2669 πῶς
218 2622 262 2655 at
289 2616 334 2656 in
359 2622 501 2656 nostro
522 2613 681 2654 iuvenis
699 2627 793 2652 cor-

47 2689 130 2730 «pus
157 2676 359 2715 ambrosia
389 2673 623 2727 inungitur,
647 2677 697 2711 ut
725 2671 793 2710 ille

48 2747 210 2774 novum
240 2734 393 2784 robur,
443 2745 572 2773 novas
600 2731 709 2772 vires
740 2729 793 2768 ad

9 2799 11 2802 “
52 2792 318 2833 vinciendum
360 2798 402 2831 et
443 2789 696 2831 domandum
727 2801 793 2826 se-

996 1456 1067 1493 418
1090 1459 1139 1491 Et
1162 1469 1293 1504 specus
1320 1457 1444 1491 Franc.
1472 1458 1574 1490 Rom.

841 1564 879 1605 ri
901 1570 1069 1604 ornatus
1099 1577 1237 1602 caussa
1253 1563 1438 1616 apposita
1459 1569 1556 1602 sunt
1563 1577 1576 1614 3

843 1623 1016 1662 alterum
1033 1622 1195 1674 quidem
1212 1622 1310 1660 satis
1322 1622 1459 1661 otiose.
1486 1620 1576 1660 Ali-

841 1687 908 1721 ter
927 1694 993 1722 res
1016 1694 1057 1719 se
1075 1679 1201 1719 habet
1220 1679 1317 1719 Aen.
1338 1680 1369 1730 I,
1392 1680 1489 1730 589,
1506 1680 1577 1718 ubi

842 1739 1000 1779 Aeneae
1019 1739 1194 1778 iuvenile
1213 1739 1336 1777 decus
1358 1737 1577 1778 afflandum

845 1804 946 1838 erat.
1005 1795 1104 1840 415.
1144 1796 1369 1835 ambrosiae
1399 1797 1573 1846 odorem,

844 1856 886 1896 h.
916 1855 1158 1895 ambrosiam
1186 1855 1423 1904 odoratam,
1474 1854 1579 1893 odo-

846 1928 933 1955 rem
950 1914 1219 1963 emittentem,
1262 1912 1476 1967 diffundit,
1506 1925 1579 1965 per

845 1973 1029 2012 membra
1047 1972 1129 2011 filii.
1189 1970 1287 2014 416.
1308 1971 1514 2022 perduxit,
1537 1970 1578 2009 h.

843 2031 996 2080 illevit,
1035 2029 1252 2083 perunxit3
1294 2034 1336 2067 at
1364 2028 1476 2067 istud
1504 2041 1580 2067 ex—

845 2088 1044 2141 quisitius.
1097 2088 1226 2126 Porro
1245 2086 1403 2138 vulgari
1422 2086 1579 2125 ratione

839 2147 1013 2199 perduci
1035 2145 1282 2184 ambrosiam
1300 2159 1380 2196 per
1407 2158 1550 2195 corpus
1559 2159 1577 2192 ;

845 2203 1080 2256 exquisitius
1100 2233 1111 2254 ‚
1169 2217 1313 2254 corpas
1358 2201 1575 2251 ambrosia,

846 2262 1010 2302 dicitur.
1075 2260 1174 2303 417.
1212 2275 1317 2299 aura
1350 2260 1503 2310 duleis,
1535 2259 1578 2298 h.

848 2321 963 2360 odor.
1024 2318 1122 2361 418.
1152 2318 1303 2358 habilis
1332 2321 1475 2370 vigor,
1509 2317 1578 2368 qui

844 2378 983 2419 reddit
1015 2376 1192 2416 habilem
1210 2407 1222 2427 ,
1273 2382 1437 2429 aptum,
1485 2375 1579 2413 ido-

847 2450 971 2477 neum
1017 2436 1140 2475 rebus
1190 2434 1374 2488 agendis,
1422 2433 1579 2472 sortem.

849 2496 1042 2535 caussam
1063 2495 1223 2546 itaque,
1264 2506 1338 2532 cur
1369 2492 1581 2544 inungeret

849 2559 982 2594 mater
1014 2551 1087 2591 filii
1115 2552 1319 2601 membra,
1360 2555 1480 2602 poeta
1498 2550 1582 2602 ipse

850 2611 1047 2666 apposuit,
1077 2616 1128 2650 ut
1145 2611 1253 2650 vires
1271 2608 1497 2661 impertiret
1515 2621 1582 2645 sa—

850 2670 903 2710 tis
939 2668 1094 2710 validas
1135 2668 1188 2707 ad
1223 2666 1484 2708 vinciendum
1517 2677 1581 2703 se-

848 2741 954 2768 nem.
1024 2725 1212 2766 Alienum
1255 2726 1393 2776 itaque
1413 2754 1424 2774 ,
1471 2721 1583 2775 quod

849 2786 1012 2826 Servius
1027 2784 1172 2824 habet:
1202 2783 1348 2834 „unxit
1367 2795 1471 2831 eum,
1501 2794 1582 2832 quo

52 2864 149 2891 nem
187 2851 417 2904 acciperet:
477 2858 600 2902 atque
647 2846 798 2887 habilis
856 2850 993 2899 posset
1021 2856 1105 2882 esse
1134 2841 1300 2883 videndi
1317 2839 1493 2879 numinis
1513 2852 1583 2877 ca-

54 2908 244 2949 membn‘s
281 2910 390 2948 venit
428 2909 572 2959 vigo&
626 2912 671 2945 at
708 2905 798 2945 illa:

855 2905 976 2957 pax.“
1013 2901 1097 2941 Nisi
1115 2914 1207 2940 cum
1223 2899 1314 2938 viro
1336 2897 1457 2936 docto
1473 2895 1583 2949 apud

0 2960 17 2972 ἢ
52 2966 169 3020 quod
201 2967 337 3006 duleis
377 2967 551 3018 spiravit
583 2978 716 3014 aura,
758 2969 800 3001 et
856 2962 1075 3000 Burmann.
1095 2960 1218 3011 legas:
1247 2954 1462 2996 vinciendi.
1502 2954 1583 2993 Nec

53 3025 224 3078 quidem
245 3023 421 3064 crisu‘bus
442 3024 687 3076 compositis,
711 3034 798 3061 me-
859 3019 909 3059 de
929 3032 975 3057 eo
998 3016 1217 3057 ambrosiae
1234 3028 1311 3054 usu
1328 3014 1472 3066 agitur,
1502 3025 1583 3064 quo
