1768 3320
175 189 344 223 LXXXII

611 171 761 220 TIB.
810 168 920 218 CL.
966 163 1285 216 DONATI

178 303 367 354 viatoris,
403 301 522 341 initio
549 299 868 349 mercenarium,
900 310 999 336 mox
1026 295 1077 334 ob
1108 291 1355 333 industriam
1375 301 1569 342 generum
1583 318 1594 339 ,
1623 294 1716 328 tra-

181 363 398 413 diderunt3
428 373 548 412 quem
568 373 660 399 cum
682 356 960 410 agricolationi
980 355 1119 406 reique
1137 351 1314 392 rusticae
1330 355 1372 388 et
1391 347 1578 401 gregibus
1591 360 1717 401 prae-

182 421 345 461 fecisset
370 432 503 458 socer:
542 418 652 457 silvis
680 415 914 456 coemundis
940 419 980 452 et
1010 412 1151 466 apibus
1173 408 1364 448 curandis
1381 407 1563 446 reculam
1585 406 1716 446 auxit.

149 481 313 522 2Natus
343 484 405 516 est
431 478 503 516 Cn.
529 476 718 529 Pompeio
745 474 914 526 Magno,
955 471 1008 511 M.
1032 469 1184 509 Licinio
1217 468 1360 506 Crasso
1388 466 1568 520 primum
1594 465 1716 516 Coss„

183 539 333 578 Iduum
352 535 591 575 Octobrium
613 534 690 584 die,
721 533 764 572 in
782 546 895 585 pago,
925 530 995 583 qui
1013 528 1150 568 Andes
1171 526 1322 566 dicitur
1335 556 1346 576 ,
1387 524 1460 577 qui
1475 530 1534 563 est
1552 538 1576 562 a
1595 523 1717 564 Man-

152 603 258 640 3tua
281 609 366 635 non
391 593 547 648 procul.
606 593 832 644 Praegnans
864 603 910 628 eo
942 594 1071 627 mater
1099 584 1318 625 somniavit
1334 583 1463 634 Maia,
1492 583 1655 622 enixam
1674 595 1717 622 se

185 656 370 694 laureum
388 666 561 701 ramum,
592 663 711 703 quem
731 654 920 688 contacta
939 654 1051 686 terra
1076 644 1287 684 confestim
1307 648 1493 682 cerneret
1508 641 1716 692 coaluisse,

187 720 229 754 et
247 711 471 752 excrevisse
496 709 605 749 illico
626 709 669 748 in
691 707 863 761 speciem
889 712 1075 746 maturae
1097 702 1276 753 arboris,
1306 702 1478 742 refertae
1497 700 1622 742 variis
1638 714 1717 754 po-
1734 754 1751 763 f(

186 849 334 886 Aeneidi
353 849 429 883 fere
446 847 614 894 praefixa,
636 846 701 880 sub
721 844 833 880 Servii
849 855 919 877 no—

185 898 279 932 mine
296 897 550 931 circumfertur.
596 895 773 928 Habemus
802 891 919 932 aliam,

187 958 276 992 quae
295 943 415 978 Probo
432 943 608 976 tribuitur.
642 941 713 975 Sed
734 939 831 973 nulla
854 945 919 980 est,

187 994 224 1026 in
241 1004 309 1038 qua
324 1003 396 1025 non
413 988 715 1036 interpolatricem
733 993 792 1021 aut
806 985 918 1020 muti—

186 1040 348 1074 latricem
383 1050 521 1071 manum
555 1036 661 1070 foede
699 1040 918 1081 grassantem

188 1098 368 1132 agnoscas.
393 1087 491 1127 Quae
509 1083 568 1118 alii
586 1084 631 1117 de
651 1083 792 1117 Donati
807 1092 917 1127 opere

187 1133 395 1175 iudicarint,
426 1132 507 1166 vide
539 1130 576 1164 in
601 1131 645 1164 iis
660 1157 668 1173 ,
701 1129 760 1175 qui
779 1142 799 1163 a
824 1130 917 1162 Bur—

187 1184 314 1215 manno
345 1179 392 1214 ad
419 1177 673 1223 Anthologiam
704 1178 783 1211 Lat.
817 1178 860 1210 T.
891 1177 918 1218 I,

186 1242 223 1276 p.
233 1229 304 1264 369
320 1226 518 1261 laudantur.
566 1226 658 1259 Mihi
676 1225 817 1270 quidem
834 1235 917 1257 sor—

187 1282 260 1309 tem
277 1286 481 1319 magnorum
503 1273 657 1307 virorum
678 1279 714 1306 et
741 1272 917 1305 fortunam

189 1334 296 1367 saepe
322 1321 442 1355 mirari
465 1320 590 1363 subiit,
627 1331 773 1366 quorum
789 1330 916 1352 nomen

188 1370 234 1404 ad
250 1369 394 1403 multam
421 1367 666 1413 posteritatem
681 1373 916 1413 propagatum

188 1416 328 1462 quidem
357 1422 430 1458 est,
454 1415 503 1449 ita
531 1421 569 1447 ut
588 1415 713 1460 dignus
741 1421 839 1448 tanto
863 1413 924 1446 in-

187 1464 292 1509 genio
322 1470 381 1496 aut
399 1470 493 1496 tanta
513 1461 645 1497 virtute
671 1460 922 1495 immortalita-

186 1511 232 1545 tis
264 1511 398 1544 fructus
428 1509 472 1543 iis
502 1510 668 1552 tandem,
712 1508 771 1554 qui
805 1507 924 1542 meriti

188 1564 325 1600 essent,
349 1557 554 1602 contingere
574 1557 775 1598 videretur3
798 1556 841 1590 iis
860 1562 922 1590 ta-

187 1617 269 1639 men
283 1604 523 1650 temporibus,
556 1617 637 1638 cum
662 1615 771 1649 genus
792 1604 921 1637 huma—

188 1664 270 1685 num
305 1652 467 1697 gravibus
505 1651 814 1696 superstitionibus
857 1663 920 1685 ca—

189 1706 289 1745 ptum
324 1705 419 1741 erat,
459 1705 596 1733 tantum
625 1711 732 1744 saepe
765 1698 921 1732 sordium

191 1757 318 1779 nomen
350 1745 441 1780 illud
474 1758 515 1779 ex
545 1746 756 1791 contagione
791 1745 922 1780 saeculi

191 1792 383 1835 contraxit,
408 1800 447 1826 ut
471 1794 540 1827 iam
570 1793 632 1828 illa
660 1793 847 1827 celebritas
876 1793 922 1827 ad

192 1840 314 1886 inepta
331 1852 447 1874 rerum
465 1840 632 1874 miracula
646 1867 654 1881 ‚
678 1847 834 1875 monstra
847 1867 857 1883 ,
881 1853 922 1875 ac

190 1894 355 1933 portenta
368 1887 511 1922 rediret.
559 1889 599 1921 In
618 1888 759 1933 Virgilii
785 1900 923 1922 memo-

193 1934 282 1968 riam
319 1934 446 1969 fabulis
484 1935 643 1969 absurdis
678 1936 922 1970 contaminan—

193 1981 274 2015 dam
297 1993 417 2015 omnes
434 1983 686 2016 monachorum
704 1983 815 2017 tribus
831 1995 922 2018 con-

195 2028 347 2074 spirasse
374 2029 556 2073 videntur,
582 2030 661 2075 qui,
686 2041 762 2064 cum
778 2039 922 2065 sancto-

193 2087 272 2109 rum
292 2087 433 2110 suorum
457 2078 610 2111 virorum
637 2079 840 2112 memoriam
866 2085 923 2112 tot

192 2121 366 2169 pudendis
390 2130 424 2157 et
443 2124 558 2158 stultis
578 2124 821 2160 miraculorum
837 2138 924 2160 nar-

194 2169 389 2204 rationibus
427 2172 632 2212 foedarent,
670 2173 755 2218 quid
787 2174 924 2218 mirum,

195 2217 280 2251 siin
299 2224 428 2262 poetae
449 2218 598 2253 Romani
625 2219 787 2255 laudibus
814 2221 924 2256 ador-

195 2263 318 2298 nandis
343 2276 409 2299 nec
438 2266 549 2299 minus
576 2266 761 2310 miracula,
796 2269 923 2312 omina,

195 2310 361 2356 prodigia
389 2318 426 2345 et
457 2313 627 2358 reliquam
654 2315 756 2349 huius
783 2318 923 2360 generis

197 2358 463 2403 τερατολογίαν
480 2361 525 2395 ad
535 2361 690 2395 taedium
707 2375 816 2409 usque
835 2376 925 2398 con—-

196 2412 392 2450 gesserunt.

246 2453 276 2498 ᾗ.
301 2454 333 2488 1.
357 2465 461 2498 quem
478 2455 810 2500 quidam—auxit.
832 2458 926 2492 Pos—

197 2506 280 2534 sunt
310 2499 398 2533 haec
427 2501 470 2533 ab
503 2501 762 2547 interpolatore
792 2505 926 2540 inserta

196 2545 320 2580 videri.
367 2547 526 2592 Figulum
554 2557 688 2595 patrem
709 2550 795 2585 facit
820 2553 926 2587 etiam

977 855 1008 876 v.
1032 843 1073 877 11
1094 841 1218 884 Polla,
1246 841 1371 889 Magii
1386 853 1463 876 non
1478 840 1609 886 infima
1620 853 1717 888 pro—-

978 890 1045 932 les,
1071 889 1224 931 dicitur,
1249 888 1312 922 alii
1329 888 1406 923 viro
1431 888 1623 934 aliquando
1645 899 1718 922 nu-

975 944 1038 982 pta
1058 949 1135 970 esse
1154 937 1290 979 debuit,
1315 949 1394 970 cum
1409 935 1502 970 infra
1522 937 1553 982 §.
1573 937 1622 972 56
1636 937 1717 971 Va·-

978 985 1095 1018 lerius
1106 984 1292 1018 Proculus
1310 998 1354 1018 ex
1373 984 1449 1018 alio
1460 992 1574 1031 patre
1585 982 1716 1031 stater
1734 1021 1739 1025 ,

974 1031 1119 1077 Virgilii
1146 1038 1384 1073 memoretur,
1419 1043 1523 1077 quem
1550 1030 1581 1065 is
1605 1031 1717 1064 here·
1747 1031 1751 1033 ’

976 1079 1055 1112 dem
1079 1079 1283 1125 scripserat.
1329 1079 1458 1124 Neque
1477 1091 1531 1122 ea,
1556 1090 1646 1124 quae
1667 1078 1714 1112 de

974 1127 1121 1172 magicis
1157 1133 1289 1173 poetae
1317 1126 1454 1160 artibus
1487 1138 1530 1160 ex
1553 1125 1717 1161 Elinandi

973 1174 1140 1208 monachi
1167 1178 1339 1220 (mortuus
1359 1173 1389 1208 is
1410 1180 1465 1208 est
1495 1174 1588 1209 circa
1609 1173 1715 1218 1227)

975 1222 1140 1256 Chronic.
1169 1222 1233 1255 lib.
1254 1223 1384 1256 XXVI
1409 1229 1529 1256 narrat
1549 1221 1717 1257 Vincent.
1754 1242 1757 1246 »

977 1269 1156 1304 Bellovac.
1189 1269 1332 1316 Specul.
1371 1270 1454 1304 hist.
1480 1269 1544 1303 lib.
1569 1270 1649 1311 VII,
1685 1281 1716 1303 c.

975 1319 1033 1360 61,
1060 1324 1096 1351 et
1123 1324 1248 1351 auctor
1272 1317 1436 1363 Append.
1465 1317 1511 1351 ad
1532 1317 1654 1352 Vitam
1681 1319 1716 1351 S.

976 1364 1143 1399 Gulielmi
1166 1364 1204 1398 in
1232 1365 1330 1399 Actis
1352 1368 1412 1399 SS.
1435 1366 1481 1399 Τ.
1509 1366 1553 1399 V.
1580 1366 1654 1399 Iun.
1708 1389 1717 1398 .
1756 1380 1768 1397 w

983 1413 1051 1449 125
1080 1411 1185 1446 aliam
1229 1411 1426 1457 originem,
1474 1425 1578 1459 quam
1608 1377 1718 1446 modb
1762 1415 1765 1416 ⁷

981 1467 1211 1494 memoratam
1232 1460 1385 1494 nominis
1412 1459 1625 1507 scripturam
1646 1460 1717 1494 ha-

978 1508 1098 1542 buisse
1116 1507 1294 1542 videntur.
1316 1508 1478 1543 Accessit
1494 1507 1601 1552 forte,
1621 1507 1719 1553 quod

977 1555 1145 1589 monachi
1184 1567 1227 1588 ex
1265 1555 1400 1601 Ecloga
1433 1557 1518 1591 VIII
1554 1554 1718 1601 inprimis

977 1616 1047 1637 vss.
1067 1604 1114 1639 96
1145 1615 1222 1648 sqq.
1252 1614 1352 1637 sacra
1380 1603 1518 1649 magica
1543 1602 1718 1637 memine-
1764 1643 1766 1645 v

978 1657 1069 1685 rant.
1100 1650 1273 1695 'copiose
1303 1663 1345 1684 ea
1376 1651 1435 1685 dex
1447 1663 1487 1684 re
1517 1650 1592 1696 egit
1610 1651 1715 1685 Nau·
1761 1657 1763 1659 ’

979 1699 1079 1740 deus,
1098 1698 1283 1745 Apologie
1302 1698 1369 1732 des
1383 1698 1530 1745 grands
1557 1698 1719 1733 hommes
1761 1727 1764 1734 .

979 1745 1213 1793 soupponne's
1237 1745 1284 1779 de
1309 1747 1441 1793 Magie
1469 1745 1525 1779 ch.
1546 1746 1652 1789 XXI,
1681 1752 1719 1779 et
1746 1770 1757 1794 ³.

979 1794 1121 1839 Baylius
1163 1794 1414 1837 Dictionaire,
1453 1804 1532 1828 voc.
1573 1795 1611 1828 V
1606 1793 1719 1841 irgile
1752 1826 1755 1828 .

978 1841 1050 1874 litt.
1072 1843 1101 1875 J.
1146 1841 1244 1874 Haec
1270 1841 1393 1875 eadem
1422 1840 1546 1887 opinio
1565 1840 1611 1875 de
1639 1853 1719 1875 ma—
1755 1847 1757 1850 “

981 1889 1059 1934 gica
1088 1888 1232 1933 Virgilii
1267 1887 1417 1922 scientia
1448 1888 1591 1923 videtur
1627 1887 1740 1922 effe—'

979 1936 1091 1979 cisse,
1136 1943 1175 1969 ut
1200 1947 1266 1982 pro
1309 1936 1463 1971 amuleto
1498 1936 1719 1970 haberentur
1757 1938 1764 1970 J

978 1984 1073 2017 numi
1099 1983 1316 2018 contorniati
1347 1996 1425 2018 cum
1456 1983 1531 2021 eius
1565 1983 1718 2028 imagine
1748 2017 1758 2029 ‚v

979 2031 1116 2066 efficta:
1158 2032 1202 2065 cf.
1228 2031 1329 2066 Misc.
1349 2032 1452 2066 Obss.
1479 2043 1594 2067 novae
1622 2032 1667 2065 T.
1690 2032 1719 2075 1,
1753 2037 1762 2074 ,j

979 2092 1015 2125 p.
1047 2080 1104 2121 16,
1133 2079 1305 2113 Boulacre
1333 2079 1371 2113 in
1401 2081 1512 2114 Me'm.
1544 2080 1592 2113 de
1622 2081 1720 2114 Tre-
1753 2108 1758 2119 2

979 2139 1079 2161 voux
1102 2127 1206 2169 1743,
1228 2127 1353 2161 Avril.

1037 2175 1152 2208 Silvis
1187 2175 1401 2209 coemundis
1418 2201 1428 2217 ,
1474 2172 1716 2210 conducendis
1760 2215 1765 2217 „

982 2227 1019 2254 et
1043 2221 1259 2256 redimendis
1277 2222 1489 2267 mancipum,
1514 2229 1553 2257 ut
1572 2221 1718 2269 quipe-
1752 2221 1755 2246 ἶ

982 2281 1044 2302 cua
1065 2270 1270 2315 pascebant.
1319 2270 1377 2304 sic
1394 2269 1463 2305 iam
1481 2271 1639 2304 Gronov.

1029 2317 1059 2362 §-
1080 2318 1114 2352 3.
1152 2319 1249 2359 Quae
1275 2317 1335 2352 hic
1362 2318 1408 2352 ad
1433 2318 1492 2353 fin.
1520 2318 1551 2363 §.
1571 2317 1593 2353 5
1618 2317 1715 2351 forte
1753 2353 1762 2364 ἲ

982 2376 1025 2397 ex
1062 2364 1341 2410 interpolatione
1359 2391 1369 2409 ‚
1426 2365 1472 2400 de
1510 2363 1720 2411 praesagiis,
1748 2369 1765 2406 2512,

982 2423 1129 2456 quorum
1157 2412 1327 2458 pleraque
1348 2425 1368 2446 e
1393 2412 1658 2451 narrationibus
1674 2411 1728 2453 de>
1746 2409 1758 2445 5

981 2471 1186 2504 magnorum
1201 2460 1377 2503 virorum,
1402 2467 1442 2495 ut
1461 2460 1562 2507 Cyri,
1582 2461 1746 2494 Romu-„

982 2506 1027 2548 li,
1073 2507 1248 2541 natalibus
1286 2508 1516 2552 adumbrata,
1549 2505 1730 2548 nonnulla
1748 2523 1768 2555 εἰ

984 2566 1027 2587 ex
1048 2553 1127 2600 ipso
1149 2554 1295 2600 Virgilii
1320 2555 1464 2590 nomine
1491 2555 1599 2590 ducta
1625 2561 1720 2596 sunt,

194 2593 332 2628 Phocas
353 2606 385 2628 v.
407 2595 441 2629 6.

244 2641 367 2687 Magii
387 2642 593 2684 cuiusdam,
636 2644 802 2678 viatoris.
844 2647 926 2680 Ma-

197 2686 259 2733 gii,
278 2688 337 2733 qui
357 2700 440 2722 avus
458 2688 600 2734 Virgilii
620 2697 797 2725 maternus
816 2693 925 2727 fuisse

193 2734 365 2777 traditur,
389 2746 517 2769 nomen
545 2749 621 2770 cum
638 2738 763 2772 ceteris
782 2739 926 2786 ineptiis

195 2782 308 2816 malae
327 2781 424 2815 haud
450 2782 556 2816 dubie
583 2784 776 2829 scripturae
799 2786 835 2820 in
856 2799 926 2821 no-

195 2828 289 2863 mine
310 2828 433 2862 matris
459 2831 597 2877 Magne
626 2838 659 2864 et
677 2834 828 2879 DIagiae
859 2847 925 2879 pro

196 2877 324 2913 Maiae
341 2876 502 2910 debetur.
539 2879 734 2912 Secundum
754 2880 823 2914 hoc
843 2894 926 2915 avus

194 2930 373 2957 maternus
402 2924 530 2957 Maius·
551 2924 663 2958 dictus
694 2939 770 2960 esse
796 2929 927 2972 potuit.

194 2972 330 3014 Mater,
364 2983 452 3016 quae
482 2971 600 3006 Probo
626 2973 754 3017 Polla,
787 2975 927 3011 Phocae

982 2609 1219 2636 memorantur
1240 2630 1249 2646 ,
1308 2609 1445 2638 tantum
1485 2614 1557 2637 non
1602 2597 1735 2643 omnia?
1752 2629 1757 2641 η

983 2649 1295 2684 Grammaticorum
1317 2650 1462 2685 somniis
1484 2656 1567 2684 sunt
1589 2661 1720 2684 accen-

984 2696 1103 2730 senda.
1126 2699 1243 2742 Auget
1262 2697 1370 2732 etiam
1390 2698 1578 2741 eaPhocas
1590 2698 1760 2742 Gra-mys.

983 2743 1130 2777 maticus
1155 2744 1191 2777 in
1209 2745 1293 2780 Vita
1313 2745 1459 2792 Virgilii
1486 2758 1520 2780 v.
1548 2743 1746 2787 13—4azs

983 2790 1130 2824 Poetica
1174 2793 1348 2827 suavitate
1383 2793 1474 2829 haec
1508 2792 1720 2827 condierunt
1739 2797 1765 2835 ξς

984 2838 1056 2871 Ιον.
1086 2839 1265 2874 Pontanus
1293 2840 1448 2876 Uraniae
1474 2840 1539 2875 lib.
1567 2841 1612 2883 ΙΙ,
1634 2838 1759 2886 pagsr

984 2885 1090 2920 2968.
1103 2888 1192 2931 Opp.
1210 2889 1254 2922 T.
1266 2889 1317 2923 IV
1319 2913 1328 2923 .
1353 2888 1550 2923 Politianus
1565 2887 1604 2921 in
1613 2888 1730 2921 Man-.

983 2937 1045 2973 to,
1071 2932 1178 2977 digno
1204 2935 1379 2979 carmine,
1417 2935 1513 2982 quod
1538 2947 1616 2970 cum
1641 2933 1719 2981 ipsa

984 2979 1140 3013 Maronis
1158 2981 1310 3017 lectione
1331 2983 1572 3029 coniungatur.
