1734 3320
172 248 276 299 450
501 248 557 297 Ρ.
594 245 957 298 VIRGILII
997 244 1370 296 MARONIS

170 377 402 425 Possunt
427 382 588 441 atque
612 373 719 423 ima
740 372 941 423 similes
965 372 1291 422 revirescere
1312 380 1477 423 terra:
1545 383 1547 385 ’

169 442 360 494 Infelix
383 453 600 511 superat
622 442 765 494 soliis
793 443 1022 494 oleaster
1046 442 1250 494 amaris,

239 518 352 566 Nec
381 514 479 564 tibi
511 524 623 564 tam
658 513 900 582 prudens
931 513 1216 581 quisquam
1250 510 1573 579 persuadeat
1597 528 1701 632 ἐξ

962 592 1102 647 ctor‚

172 652 448 704 Tellurem
472 657 645 704 Borea
669 652 897 718 rigidam
919 643 1161 720 spirante‘
1175 667 1416 702 movere.

168 726 314 775 Rura
335 723 461 789 gelu
483 734 601 774 tum
628 723 824 774 claudit
846 723 1048 785 hiems;
1086 739 1188 772 nec
1214 722 1422 773 semine
1446 721 1583 770 iacto

241 823 358 869 313.
396 821 668 886 PossuN'r,
742 803 860 868 3'16.
897 830 1110 867 Movmu

215 958 285 994 313
309 958 383 991 ima
406 958 535 992 valent
565 957 786 991 reviviscere
811 956 884 990 Erf.
933 965 1059 990 terras
1082 955 1212 990 Medic.
1244 967 1265 989 a
1289 968 1336 989 m.
1354 966 1409 1000 pr.
1504 952 1576 990 314
1591 951 1702 1000 foliis

170 1013 325 1051 superat
349 1005 480 1043 Moret.
510 1016 566 1049 pr.
663 1004 734 1039 316
768 1016 913 1038 movere
947 1015 1090 1046 omneS‚
1126 1009 1269 1048 praeter
1305 1000 1636 1049 RomanumlPierii
1664 1005 1701 1033 et

168 1051 315 1085 Mentel.
340 1047 419 1097 pr.'‚
452 1051 530 1097 qui,
566 1063 644 1086 cum
673 1050 794 1085 Nonio
821 1050 859 1083 in
888 1052 1072 1098 Rigidas,
1101 1050 1237 1084 habent
1267 1051 1425 1094 moveri,
1454 1048 1552 1095 quod
1577 1047 1698 1082 Heins-

167 1098 315 1143 recepit.
363 1098 508 1133 Scilicet
527 1105 581 1132 est
599 1099 689 1132 haec
706 1098 824 1131 forma
841 1098 1047 1144 exquisitior
1079 1097 1186 1131 etiam
1209 1110 1312 1143 quam
1341 1097 1465 1130 altera.
1490 1096 1535 1130 cf.
1563 1095 1609 1129 ad
1625 1094 1698 1128 Ecl.

167 1148 229 1187 VI,
254 1145 310 1181 85.
338 1146 422 1191 (Sed
440 1142 529 1179 nihil
549 1146 604 1179 his
624 1157 810 1179 commune
831 1158 909 1179 cum
927 1145 1008 1179 illis.
1058 1147 1244 1190 Nunquam
1264 1151 1382 1178 autem
1413 1142 1540 1178 adduci
1555 1149 1699 1189 potero,

167 1199 206 1226 ut
226 1192 417 1226 lectionem
435 1194 574 1227 moveri
590 1206 611 1226 a
629 1192 784 1237 Virgilio
804 1193 1005 1238 profectam
1025 1205 1102 1225 esse
1122 1192 1274 1226 credam.
1320 1191 1473 1225 Primum
1490 1189 1583 1224 enim
1604 1189 1700 1223 aliud

169 1246 245 1281 est,
265 1241 496 1287 persuadeat
513 1241 672 1283 moveri,
697 1240 794 1273 aliud
809 1253 939 1287 persa.
961 1252 1122 1281 movere5
1158 1239 1247 1272 illud
1269 1251 1310 1272 ex
1326 1238 1470 1284 linguae
1486 1237 1568 1283 lege
1586 1237 1631 1271 de
1655 1244 1698 1270 eo

168 1287 317 1329 dicitur,
343 1288 439 1333 quod
460 1288 606 1321 credere
625 1287 804 1328 iubemur;
831 1287 927 1333 quod
947 1287 1099 1320 alienum
1119 1293 1174 1320 est
1194 1287 1238 1320 ab
1260 1285 1296 1320 h.
1318 1285 1356 1329 L,
1381 1292 1479 1320 certe
1495 1284 1598 1318 nimis
1617 1284 1699 1318 lan—

167 1334 320 1379 guidum.
369 1336 462 1369 Tum
486 1335 596 1368 Nonii
624 1334 818 1368 auctoritas
833 1361 842 1376 ,
879 1334 971 1368 hunc
996 1346 1135 1368 versum
1164 1345 1237 1367 non
1261 1345 1331 1367 una
1359 1345 1436 1367 cum
1459 1332 1699 1379 praecedente

166 1381 363 1424 laudantis,
398 1382 504 1427 plane
537 1381 634 1416 nulla
660 1388 725 1415 est.
783 1383 906 1427 Itaque
941 1394 960 1415 e
994 1381 1123 1415 Medic.
1151 1380 1368 1427 reliquisque
1398 1391 1527 1425 magno
1551 1389 1698 1413 numero

167 1429 270 1462 codd.
293 1429 458 1463 revocavi
475 1442 640 1471 movere,
663 1429 756 1462 nihil
777 1429 925 1462 duorum
941 1429 1116 1462 librorum
1133 1428 1338 1462 mendosam
1365 1428 1576 1474 scripturam
1592 1437 1699 1460 reve-

166 1476 275 1517 ritus,
301 1488 405 1522 quam
423 1489 469 1510 ne
488 1477 564 1522 quis
584 1483 727 1510 tueatur
746 1488 789 1509 ex
809 1479 894 1509 Aen.
923 1478 982 1518 III,
1008 1477 1084 1518 61.,
1111 1482 1251 1509 cautum
1271 1481 1326 1509 est
1346 1487 1413 1520 per
1438 1487 1499 1516 ea,
1537 1486 1627 1520 quae
1647 1472 1698 1507 ibi

167 1522 420 1557 adnotavimus.
454 1523 548 1561 WrA
645 1524 716 1559 317
741 1524 827 1557 dum
849 1523 945 1557 Toll.
982 1531 1072 1557 tunc
1091 1523 1201 1556 Goth.
1223 1535 1278 1568 pr.
1300 1523 1402 1556 Rom.
1429 1521 1551 1568 (etiam
1568 1521 1697 1555 Medic.

166 1570 262 1614 apud
287 1570 455 1615 Foggin.;
491 1571 556 1604 sed
583 1570 653 1604 vid.
679 1572 723 1612 Q.
750 1571 795 1604 V.
828 1571 959 1611 XXV,
985 1570 1027 1612 5,
1064 1570 1099 1604 b.
1132 1570 1196 1603 sub
1223 1570 1281 1603 fin.
1322 1571 1416 1614 Wr.)
1465 1569 1700 1610 necere-mina

166 1618 266 1650 iacta
289 1620 504 1652 Concretam
517 1619 665 1665 patitur
688 1617 830 1662 elegans
861 1624 916 1651 est
937 1617 1141 1651 coniectura
1166 1616 1324 1651 Reiskii:
1358 1617 1411 1651 ita
1438 1616 1531 1650 enim
1558 1615 1700 1650 tollitur

166 1664 354 1698 difficultas
380 1666 534 1710 vulgaris
554 1664 739 1707 lectionis,
772 1665 810 1698 in
839 1677 907 1710 qua
935 1665 1037 1698 deest
1060 1664 1274 1706 subiectum,
1312 1664 1408 1710 quod
1434 1664 1568 1709 adfigat
1596 1662 1699 1697 radi-

166 1723 242 1745 cem
256 1718 392 1746 terrae:
426 1725 458 1747 v.
478 1714 565 1748 Not.
593 1724 685 1746 nunc
718 1718 830 1746 esset:
855 1724 921 1745 nec
945 1711 1028 1757 gelu
1055 1712 1193 1757 patitur
1223 1723 1344 1745 semen
1364 1711 1520 1758 adfigere
1541 1707 1699 1745 radicem

164 1764 295 1792 terrae.

166 1864 236 1903 des
265 1870 412 1917 agunt,
452 1863 634 1916 adeoque
666 1866 740 1905 soli
772 1872 904 1905 totam
960 1879 1002 1903 re
1038 1873 1175 1904 ventos
1213 1866 1383 1904 sationis
1422 1864 1488 1903 die
1525 1865 1697 1904 utilis-‹512-

164 1923 334 1962 tandem
358 1922 519 1962 vineam
551 1922 747 1963 obtinent.
795 1924 904 1975 (Me-

164 1981 268 2020 liora
293 1987 405 2034 petes
434 1993 485 2020 ex
515 1980 583 2030 iis,
624 1995 727 2032 quae
746 1982 790 2021 in
809 1982 903 2022 Not.

166 2039 219 2078 ad
237 2053 297 2079 vs,
314 2042 412 2081 299.
435 2052 492 2091 sq.
511 2045 552 2077 et
569 2039 613 2077 in
636 2040 683 2079 V.
703 2040 746 2079 L.
771 2040 824 2079 ad
841 2054 902 2080 vs.

165 2100 263 2139 302.
282 2097 525 2150 scripsimus,
559 2096 679 2152 Wr.)
740 2099 787 2137 In
805 2112 904 2138 ver-

163 2155 225 2194 bis
245 2155 360 2208 copia
384 2161 463 2206 est,
502 2168 578 2194 nec
597 2161 734 2195 tamen
756 2157 903 2196 otiosa:

163 2228 244 2252 non
271 2214 409 2252 valent
439 2228 468 2252 a
500 2215 622 2265 stirpe
631 2230 647 2262 ‚·
687 2214 729 2254 h.
764 2228 797 2254 e.
832 2228 903 2254 ae—

163 2277 329 2324 grotant
358 2277 400 2310 et
421 2278 638 2325 corruptae
670 2279 768 2313 sunt
787 2273 902 2312 radi—

164 2329 269 2368 citus
298 2336 339 2368 et
360 2330 535 2382 penitus.
575 2345 743 2381 caesae,
775 2345 900 2384 prae-

164 2387 286 2437 cisae,
318 2388 453 2440 stipite
472 2401 544 2426 seu
558 2394 706 2428 trunco
729 2390 899 2430 combu-

164 2451 227 2484 sto
251 2445 400 2495 acciso,
437 2446 580 2485 reciso.
602 2455 792 2499 superat,
826 2462 898 2488 su-

162 2509 298 2556 perest
316 2503 491 2543 incendii
512 2504 754 2556 calamitati,
785 2506 898 2547 revi-

163 2562 297 2600 rescit.
329 2561 498 2614 infelix,
531 2563 786 2603 infecundus.

222 2619 306 2661 315
327 2642 385 2649 -
404 2619 500 2662 345.
543 2621 599 2659 De
626 2627 810 2674 tempore
831 2635 897 2660 se-

162 2676 383 2715 rendarum
423 2677 571 2716 vitium
616 2679 700 2718 vid.
741 2680 896 2719 Colum.

162 2734 239 2784 111,
273 2733 345 2784 14,
373 2740 414 2772 et
444 2735 519 2785 XI,
548 2739 598 2785 2,
629 2740 696 2778 22.
729 2740 797 2779 26.
827 2741 896 2780 79.

162 2791 366 2846 Theophr.
388 2792 437 2830 de
461 2793 594 2832 Causs.
618 2794 745 2833 Plant.
761 2795 832 2844 III,
856 2794 896 2836 4.

164 2851 268 2890 conf.
298 2849 340 2890 h.
366 2851 392 2890 l.
424 2850 635 2890 Martinus.
655 2851 760 2890 adde
786 2853 895 2891 Geo—

162 2922 256 2961 pon.
285 2908 341 2959 V,
364 2911 403 2951 6.
464 2909 599 2948 Primo
621 2923 706 2948 non
726 2923 808 2948 esse
826 2924 893 2948 sa—

161 2967 314 3006 tionem
339 2966 567 3006 faciendam
601 2967 727 3006 flante
756 2968 891 3008 borea.

161 3025 263 3064 Plin.
283 3025 411 3076 XVII,
430 3027 499 3076 22,
522 3039 552 3065 s·
572 3028 641 3076 33,
662 3027 689 3068 8
709 3028 890 3079 quiesce-

961 1937 1099 1961 mum:
1137 1923 1323 1977 plerique
1352 1931 1509 1962 austros
1535 1931 1693 1975 optant,

964 1981 1064 2019 Calo
1087 1980 1265 2021 abdicat.
1298 1981 1393 2020 add.
1412 1981 1556 2031 XVIII,
1577 1980 1646 2032 34,
1664 1995 1695 2021 ε.

961 2042 1031 2090 77,
1054 2042 1090 2081 1.
1121 2040 1170 2078 cf.
1192 2039 1306 2079 Voss,
1364 2040 1470 2079 Tum
1497 2053 1614 2090 vere,
1655 2045 1697 2078 et

961 2103 1183 2136 auetumno
1226 2098 1502 2137 vitisationem
1524 2098 1696 2137 facien-

962 2155 1056 2195 dam
1090 2156 1289 2209 praecipit
1318 2162 1474 2196 noster:
1520 2162 1561 2195 et
1586 2157 1695 2196 inter

959 2213 1062 2253 haec
1079 2215 1123 2253 in
1144 2214 1282 2254 locum
1311 2214 1361 2253 de
1383 2228 1480 2255 vere
1497 2215 1693 2255 excurrit.

957 2273 1075 2311 Nova
1093 2273 1321 2312 variatione
1338 2280 1603 2327 praeceptum
1622 2287 1694 2313 or-

960 2330 1092 2370 ditur:
1131 2345 1180 2369 ne
1228 2330 1301 2370 tibi
1344 2333 1562 2385 quisquam
1591 2346 1693 2383 per·-

956 2390 1153 2438 saadeat5
1186 2390 1234 2428 cf.
1251 2403 1339 2443 sup.
1360 2389 1454 2440 adl,
1472 2390 1557 2433 456
1589 2391 1693 2429 Non

956 2448 1034 2486 illa
1056 2449 1275 2500 quisquam
1290 2460 1353 2486 me
1372 2456 1486 2487 nocte
1503 2471 1561 2477 —
1578 2447 1691 2499 quod

957 2505 1072 2543 addit
1088 2535 1098 2555 ,
1128 2505 1173 2543 id
1203 2506 1376 2545 orationi
1404 2505 1583 2558 vulgaris
1602 2506 1690 2545 for-

944 2576 1044 2601 inae
1062 2563 1271 2602 fastidium
1300 2564 1508 2615 abstergit,
1550 2572 1693 2602 auctor

955 2629 1042 2659 tam
1063 2621 1264 2673 prudens,
1305 2622 1375 2674 qui
1403 2622 1510 2660 enim
1531 2621 1687 2671 suadet,

954 2678 988 2717 is
1005 2684 1063 2717 est
1085 2685 1252 2730 auctor,
1283 2685 1324 2719 et
1349 2679 1538 2719 tellurem
1563 2681 1686 2719 borea

955 2737 1136 2789 spirante
1168 2737 1341 2790 rigidam
1370 2753 1550 2788 movere,
1595 2752 1685 2791 pru,

952 2800 1001 2833 ut
1019 2807 1193 2834 moveas.
1241 2798 1436 2835 Movetur
1455 2797 1572 2836 tellus
1592 2810 1686 2835 ara-

953 2858 1044 2902 tro,
1095 2853 1256 2903 rastris,
1303 2854 1454 2907 ligone,
1503 2855 1685 2905 sarculo;

950 2908 992 2949 h.
1022 2910 1048 2949 l.
1078 2910 1176 2950 dum
1205 2912 1365 2951 scrobes
1392 2913 1436 2951 in
1474 2913 1684 2966 superficie

950 2982 1022 3006 sua
1037 2969 1315 3021 refodiuntur3
1348 2985 1443 3009 nam
1457 2971 1542 3014 258
1561 2984 1684 3024 prae-
1732 2971 1734 2978 ²

949 3034 1140 3067 cesserat:
1171 3036 1317 3068 terram
1340 3030 1466 3068 multo
1486 3038 1579 3068 ante
1595 3043 1682 3068 me-
1725 3048 1734 3085 ,ᾗ
