1734 3320
121 198 225 247 424

447 194 501 244 P.
537 170 899 244 vmfflffl
934 191 1312 243 MARONIS

118 320 390 371 Inbellem
411 319 602 369 avertis
619 319 878 370 Romanis
900 318 1107 368 arcibus
1126 318 1340 370 Indum.
1454 363 1457 365 ,

122 391 278 441 Salve
294 432 306 455 ‚
348 405 541 455 magna
560 406 754 456 parens
777 387 1019 454 frugum,
1059 390 1304 439 Saturnia
1322 387 1497 452 tellus,

118 466 311 527 Magna
331 461 532 523 virum,
569 460 667 509 tibi
688 476 774 509 res
796 460 1045 526 antiquae
1071 459 1242 509 laudis
1265 468 1317 509 et
1341 458 1464 508 artis

119 531 433 598 Ingredior‚
472 539 683 579 sanctos
705 546 861 579 ausus
882 529 1166 580 recludere
1185 529 1367 593 fontis,

1549 530 1648 579 175

120 606 520 668 Ascraeumque
541 616 674 650 cano
699 602 946 650 Romana
964 616 1064 666 per
1087 599 1288 681 oppida
1311 614 1542 650 carmen.

189 676 346 725 Nunc
402 671 553 721 locus
618 686 872 720 arvorum
927 670 1182 734 ingeniis:

1254 685 1393 737 quae
1447 656 1649 719 robora

916 740 997 789 CUl
1004 756 1126 807 que,

170 862 238 897 172
262 861 309 895 In
329 859 462 893 bellam
494 858 569 892 adv
561 858 663 891 ertia
680 856 1017 891 Vratisl.art1bas
1039 857 1109 891 duo
1141 857 1236 902 apud
1253 856 1462 898 Mai-tinum,
1496 856 1592 901 quod
1608 868 1650 889 ex

119 911 205 942 Aen.
222 909 282 950 VI,
307 907 374 942 853
399 906 553 951 probare
575 904 687 947 velle,
725 904 829 937 ludus
851 910 956 938 esset.
1003 904 1184 938 Probabat
1212 911 1330 938 tamen
1351 903 1496 939 Wakef.
1518 903 1556 936 in
1588 915 1651 937 sua

120 955 379 1010 Georgicorum
402 953 579 993 editione3
618 964 636 985 e
658 964 725 997 qua
741 958 859 985 tamen
876 951 961 984 nolo
983 952 1168 997 quicquam
1186 951 1335 994 afferre,
1368 950 1651 996 quandoquidem

121 1003 256 1037 seriore
278 1001 430 1034 omnium
449 999 639 1034 carminum
658 998 815 1032 Maronis
844 999 1003 1032 editione
1024 1011 1065 1032 ea
1091 999 1186 1032 haud
1214 998 1356 1043 attigit,
1391 998 1583 1043 adeoque
1572 1010 1650 1043 1pse

121 1050 305 1083 damnasse
326 1048 476 1081 videtur.

120 1097 204 1131 dtor
231 1095 305 1129 Pris
292 1095 396 1129 scian.
427 1095 490 1128 lib.
520 1095 604 1136 VII,

119 1144 245 1188 fragm.
263 1144 393 1176 Moret.
414 1142 507 1176 conf.
524 1142 639 1174 Burm.
675 1141 874 1175 excludere
887 1140 1022 1174 Zulich.
1071 1139 1220 1188 (fontes
1238 1140 1369 1174 Medic.
1400 1139 1495 1184 Wr.)

120 1191 304 1238 ingentia,
326 1203 358 1236 q.
379 1203 409 1223 r.
429 1201 525 1224 cano
544 1188 635 1222 Gud.

121 1299 164 1336 in
185 1299 263 1335 oris
283 1298 423 1347 Asiae,
453 1309 580 1348 usque
599 1296 651 1335 ad
668 1295 858 1349 Euphra-

119 1361 203 1394 tem
220 1368 455 1408 progressus
467 1386 476 1404 ‚
507 1361 549 1393 et
568 1355 721 1393 Indum
737 1369 857 1393 aver—

121 1416 169 1452 tic
182 1444 193 1464 ,
228 1413 328 1453 dum
346 1413 555 1466 praesidiis
571 1413 686 1462 fines,
721 1411 762 1451 h.
781 1426 857 1451 ur—

119 1472 190 1511 bes
208 1473 252 1511 in
270 1472 431 1522 finibus,
461 1471 610 1510 firmat.
643 1469 732 1525 (sed
747 1471 854 1521 vide,

121 1544 224 1582 quae
238 1531 376 1583 paullo
401 1536 495 1584 post
513 1531 714 1582 leguntur.
746 1530 855 1579 Indi,

121 1589 148 1628 i.
180 1602 213 1628 e.
236 1589 401 1628 orientis
430 1589 591 1642 populi,
632 1589 702 1640 qui
723 1587 857 1626 Anto-

120 1647 235 1687 nium
270 1647 315 1686 in
357 1648 507 1686 bellum
546 1648 675 1686 secuti
716 1652 856 1696 erant3

121 1706 206 1746 vid.
231 1704 330 1744 Aen.
351 1706 461 1755 VIII,
494 1705 590 1748 685.
614 1718 698 1757 sqq.
735 1703 854 1758 Wr.)

122 1764 274 1803 Indum
303 1764 521 1813 imbellem,
564 1769 613 1802 ut
643 1764 712 1802 Ge.
742 1763 771 1813 I,
800 1763 857 1805 57

122 1823 263 1860 molles
286 1822 437 1861 Sabaei
449 1828 489 1860 et
510 1835 647 1860 omnes
664 1821 780 1860 Asiae
804 1820 857 1859 ad

122 1879 322 1919 Austrum
346 1894 488 1920 versae
526 1880 693 1933 populi:
738 1879 858 1932 petiit

122 1938 220 1977 hinc
245 1939 397 1978 Nemes.
430 1939 575 1991 Cyneg.
606 1937 662 1980 74
704 1937 858 1976 Imbel-

124 1998 203 2036 lem
207 1996 371 2049 sagam
387 1997 647 2036 Parthorum.
695 1996 858 2035 Novum

124 2061 228 2093 esset
263 2055 463 2094 imbellem
497 2055 697 2108 accipere,
747 2054 860 2092 nulla

122 2113 202 2152 iam
252 2114 421 2168 amplius
468 2114 575 2152 bella
619 2118 859 2162 tentantem,

124 2172 298 2222 scilicet,
325 2171 437 2224 quod
459 2186 570 2211 arma
598 2178 673 2211 tua
693 2184 859 2211 revere-

123 2236 218 2281 tur3
247 2231 297 2269 ut
316 2231 500 2269 Reiskius
534 2231 656 2269 etiam
687 2230 860 2282 accipie—

123 2288 208 2328 bat.
265 2290 391 2327 Arces
411 2289 460 2327 de
482 2289 630 2327 finibus
650 2289 748 2338 dici,
781 2288 858 2326 do-

126 2352 191 2385 cet
219 2347 376 2385 Burm.:
416 2347 499 2385 scil.
521 2354 721 2398 quatenus
742 2346 770 2384 ii
789 2361 858 2385 ar-

126 2405 240 2444 cibus
260 2411 300 2443 et
317 2405 526 2457 praesidiis
547 2405 695 2444 muniri
715 2405 858 2444 solent.

125 2463 300 2502 Omnino
318 2471 454 2502 tamen
472 2463 685 2516 imperium
706 2464 859 2501 Roma-

125 2535 225 2560 num
244 2522 435 2560 declarat.
460 2519 610 2574 (potius
628 2522 755 2574 ipsam
773 2523 859 2560 Ro-

125 2594 255 2630 mam,
295 2580 339 2626 in
361 2586 515 2631 septem
544 2580 734 2629 collibus,
772 2580 798 2618 i.
826 2593 858 2618 e.

127 2638 337 2676 arcibus
368 2638 495 2675 sitam.
524 2636 636 2692 Wr.)
668 2638 742 2676 Ins.
760 2637 858 2676 Aen.

125 2697 201 2746 IV,
232 2696 317 2738 234
349 2702 410 2734 est
434 2696 520 2747 ipsa
561 2696 690 2733 Roma
724 2696 860 2733 Asea-

125 2757 243 2793 nione
278 2762 402 2806 pater
448 2755 664 2791 Romanas
712 2754 862 2792 invidet

127 2812 268 2852 arces?

188 2872 270 2912 173
293 2891 352 2899 -—
372 2871 467 2911 176.
498 2869 720 2920 Tamquam
744 2868 861 2906 deam

127 2927 304 2981 appellat
333 2927 499 2968 Italiam.
542 2926 637 2975 ahi,
670 2926 711 2964 in
740 2932 857 2964 tuum

125 2985 344 3036 honorem,
374 2991 447 3025 aut
463 2984 525 3024 tui
550 2984 690 3037 gratia,
721 2986 858 3037 ingre-

573 1046 641 1082 174
666 1055 783 1080 artem
801 1046 891 1080 Gud.
927 1054 1028 1080 arces
1045 1046 1137 1080 coni.
1162 1046 1308 1080 Wakef.

1406 1045 1474 1081 175
1498 1048 1651 1092 Aggre-

639 1094 735 1140 quod
757 1100 812 1127 est
839 1093 983 1138 vulgare
1013 1094 1158 1127 verbum
1183 1092 1254 1127 hoc
1285 1104 1400 1126 sensu.
1448 1093 1651 1140 Ingrediar

1582 1140 1650 1175 177

914 1296 1018 1346 dior,
1053 1294 1279 1349 adgredior,
1311 1294 1444 1335 dicere
1465 1294 1649 1345 instituo,

914 1369 976 1393 res
992 1357 1185 1407 antiquae
1202 1354 1340 1393 laudis
1358 1362 1394 1392 ει
1413 1355 1512 1392 artis
1523 1384 1533 1403 ‚
1563 1366 1650 1392 rem

913 1413 1107 1452 rusticam
1121 1412 1231 1465 apud
1250 1412 1421 1451 maiores
1431 1412 1473 1450 in
1494 1411 1651 1450 honore

915 1470 1110 1511 habitam.
1135 1479 1294 1510 sanctos
1312 1485 1437 1509 ausas
1453 1470 1651 1509 recludere

902 1530 1038 1583 sontis
1050 1561 1061 1580 ,
1104 1529 1199 1581 quia
1228 1529 1383 1582 primus
1422 1530 1531 1569 inter
1564 1529 1650 1567 Ro-

915 1602 1057 1627 manos
1085 1587 1168 1626 hoc
1206 1593 1487 1639 argumentum
1520 1588 1651 1635 versi-

914 1647 991 1686 bus
1021 1652 1183 1685 tractat.
1251 1647 1309 1684 De
1349 1646 1526 1685 formula
1573 1644 1652 1684 hac

915 1705 1075 1758 poetica
1102 1704 1296 1756 loquendi
1325 1704 1408 1744 vid.
1432 1703 1651 1747 Mitscherl.

916 1764 969 1802 ad
979 1764 1124 1802 Horat.
1146 1763 1164 1800 I
1184 1763 1315 1802 Carm.
1330 1766 1400 1812 26,
1414 1765 1452 1805 6.
1472 1770 1647 1812 sanctos,

915 1836 1016 1874 quos
1033 1821 1222 1860 accedere
1242 1821 1501 1871 metuebant,
1531 1834 1652 1860 reve—

913 1880 1047 1919 rentia
1095 1879 1210 1931 quasi
1247 1879 1423 1918 numinis
1467 1879 1651 1925 alicuius,

917 1938 1097 1990 adeoque
1115 1951 1256 1977 novos.
1314 1938 1540 1976 Ascraeum
1557 1952 1652 1975 car-

916 2012 1007 2035 men
1027 1996 1191 2035 omnino
1214 2010 1289 2049 pro
1307 1995 1489 2048 georgico
1502 2027 1513 2046 ,
1558 1995 1653 2047 quia

915 2055 1138 2105 Hesiodus,
1178 2067 1230 2093 ex
1262 2054 1388 2093 Ascra
1402 2084 1412 2104 ,
1461 2053 1652 2093 Boeotiae

917 2114 1008 2154 vico
1025 2144 1035 2163 ,
1068 2112 1289 2164 oriundus,
1331 2126 1432 2166 opus
1461 2113 1511 2151 de
1531 2125 1652 2165 opere

916 2172 1068 2225 rustico
1083 2171 1266 2210 condidit
1274 2187 1284 2223 3
1301 2186 1385 2210 non
1405 2184 1518 2221 vero,
1540 2171 1652 2223 quod

915 2227 1258 2286 Vulgo‘putatur,
1291 2244 1342 2268 ex
1370 2230 1548 2268 Hesiodo
1575 2229 1651 2268 ad·-

915 2289 1153 2328 umbratum
1170 2294 1242 2327 aut
1260 2301 1507 2341 expressum.

978 2350 1072 2390 177.
1103 2347 1221 2385 Nunc
1238 2347 1373 2386 locum
1395 2347 1444 2384 de
1465 2348 1584 2385 varia
1601 2361 1651 2384 ac

916 2405 1077 2444 diversa
1106 2406 1184 2443 soll]
1214 2414 1251 2443 ec
1280 2419 1474 2457 agrorum
1515 2404 1650 2443 indole

917 2472 954 2502 et
982 2472 1153 2513 natura,
1192 2469 1234 2501 et
1266 2477 1288 2501 a
1315 2477 1354 2502 v.
1384 2466 1470 2504 226
1489 2463 1650 2505 —258

917 2522 966 2559 de
990 2524 1094 2560 notis
1115 2537 1165 2560 ac
1182 2523 1347 2571 criteriis
1364 2522 1651 2573 cuiuscumque

917 2580 995 2618 soli
1009 2585 1179 2629 tractat3
1211 2584 1250 2616 et
1268 2578 1432 2630 quidem
1450 2579 1649 2629 universe,

917 2643 964 2675 ut
986 2651 1069 2676 non
1089 2637 1211 2675 modo
1233 2637 1426 2675 arborum
1449 2637 1650 2690 culturam

918 2695 1129 2748 respiciat,
1169 2695 1241 2732 sed
1279 2700 1319 2733 et
1349 2695 1650 2734 frumentorum

922 2767 969 2791 ac
1015 2766 1260 2806 pascuorum
1305 2767 1378 2791 cur
1382 2767 1446 2792 am
1488 2751 1649 2792 habeat.

919 2811 1038 2849 Nunc
1056 2812 1188 2860 locus,
1219 2811 1373 2876 inquit,
1405 2817 1466 2850 est
1498 2825 1650 2864 oppor-

919 2874 1045 2907 tunus
1077 2883 1123 2907 ac
1151 2869 1342 2934 prop-iius
1370 2868 1580 2908 doctrinae
1600 2869 1651 2908 de

918 2941 963 2965 al
967 2941 1040 2965 νοι
1043 2941 1109 2966 um
1122 2927 1286 2979 ingeniis
1299 2927 1533 2993 tradendae,
1545 2943 1650 2980 qaae

916 2985 1081 3035 robora,
1125 2958 1187 3024 hf'
1194 2999 1296 3038 quae
1336 2986 1554 3038 praecipua
1586 2986 1649 3026 vis
