1734 3320
265 237 754 323 GssoitfflcON
791 270 933 320 LIB.
960 270 1038 333 11,
1078 274 1371 323 406—417
1481 277 1583 326 469

51 399 314 464 Exiguum
339 395 517 448 colito,
589 398 702 447 Nec
721 411 835 444 non
859 395 1020 445 etiam
1044 411 1227 462 aspera
1249 399 1387 447 rusci

51 468 272 521 Vimina
288 483 390 534 per
411 465 596 515 silvam
611 506 625 530 ‚
665 473 718 515 et
739 466 869 532 ripis
893 463 1117 516 fluvialis
1141 466 1350 516 arundo

55 536 336 600 Caeditur,
374 535 670 603 incultique
695 544 905 586 exercet
930 552 1055 585 cura
1079 535 1256 604 salicti.
1479 542 1580 590 415

50 610 165 659 Iam
183 608 391 657 vinctae
413 606 571 667 vites;
608 606 715 655 iam
737 604 933 655 falcem
957 606 1167 656 arbusta
1188 606 1489 672 reponunt3

50 680 166 729 Iam
189 678 328 728 canit
352 675 580 727 effectos
605 684 874 726 extremus
900 677 1099 727 vinitor
1124 685 1297 728 antes:

120 775 237 824 417.
273 784 557 820 EXTREMOS
581 784 813 820 EFFETUS

95 911 167 948 413
192 912 290 946 rusci
308 911 470 946 nonnulli
490 912 656 946 scribunt.
680 911 751 946 vid.
776 910 898 945 Heins.
938 909 1123 958 frusilnl.
1143 911 1316 955 Pompon.
1332 909 1413 942 Sab.
1447 920 1579 956 aspere

39 957 170 1006 stu-sci
194 971 214 993 a
241 971 287 1006 m.
307 971 360 1004 pr.
390 959 518 993 Medic.
545 960 596 1005 (et
625 959 731 993 litera
751 957 787 1006 f
797 958 895 1004 prius
915 967 930 992 t
947 959 1086 1001 fuerat,
1120 964 1158 991 ut
1175 964 1278 991 notat
1299 956 1447 1002 Foggin.
1479 956 1574 999 Wr.)

47 1005 84 1039 in
105 1005 231 1052 quibus
250 1006 436 1052 argutandi
457 1006 562 1052 copia
581 1014 685 1040 esset.
779 1005 851 1041 414
873 1018 943 1053 per
962 1005 1080 1039 silvas
1098 1006 1228 1038 Moret.
1249 1011 1363 1050 quart.
1393 1009 1429 1036 et
1446 1001 1576 1047 Regius

47 1052 204 1087 Martini.
252 1062 290 1088 et
318 1066 339 1087 a
362 1055 484 1087 Franc.
507 1054 618 1087 abest.
707 1053 792 1089 -415
829 1053 1001 1087 Creditur
1030 1054 1170 1097 Menag.
1201 1064 1255 1097 pr.
1358 1051 1429 1086 416
1455 1051 1577 1083 victae

47 1099 176 1134 Medic.
198 1112 219 1134 a
238 1113 283 1134 m.
301 1113 355 1147 pr.
376 1107 413 1134 et
435 1102 522 1146 Reg.
548 1114 568 1134 a
586 1113 630 1134 m.
649 1113 720 1134 sec.
745 1102 896 1134 iunctae
913 1100 1043 1133 Moret.
1064 1111 1135 1133 sec.
1156 1105 1193 1133 et
1210 1099 1281 1132 duo
1300 1109 1356 1142 ap.
1377 1097 1576 1131 Martinam.

46 1149 197 1181 iunctae
215 1148 330 1190 vites,
354 1148 475 1192 iugata
497 1147 599 1181 vinea
617 1148 679 1181 Iul.
697 1147 816 1181 Sabin.
857 1145 1068 1193 falcemque
1097 1146 1208 1179 Goth.
1238 1158 1308 1179 sec.
1402 1144 1472 1179 417
1496 1145 1576 1177 Iam

47 1195 149 1228 canit
166 1193 317 1240 effectos
336 1203 522 1228 extremus
543 1196 684 1229 vinitor
702 1196 895 1235 Romanus;
922 1200 959 1226 et
974 1193 1023 1227 sic
1043 1194 1171 1227 Medic.
1192 1191 1460 1237 Fogginii,.nisi
1481 1190 1576 1236 quod

47 1254 68 1274 a
87 1253 133 1275 m.
165 1253 236 1275 see.
249 1240 412 1322 aejffectus
440 1248 534 1284 erat,
570 1242 737 1288 (effectus
755 1249 808 1275 est
823 1241 936 1275 altera
956 1240 1075 1275 lectio.
1108 1241 1203 1284 Wr.)
1236 1240 1276 1272 it.
1302 1235 1376 1273 Erf.
1422 1237 1575 1283 effoeto-5·

47 1296 231 1322 extremus
284 1288 310 1321 ii
330 1300 407 1322 cum
429 1289 509 1322 edd.
529 1295 629 1331 vett„
662 1296 700 1322 ut
718 1291 873 1334 Argent„
906 1294 942 1320 et
959 1287 1028 1321 hoc
1056 1288 1157 1321 etiam
1178 1286 1315 1321 Nonius
1333 1285 1521 1319 Marcellus
1537 1284 1574 1317 in

47 1343 155 1368 antes
182 1335 355 1380 agnoscit.
404 1335 523 1370 Possit
540 1337 610 1370 hoc
633 1336 720 1369 ferri
734 1363 743 1378 ,
772 1336 803 1369 si
823 1335 920 1368 nulla
942 1341 1036 1368 esset
1056 1334 1216 1368 variatio.
1263 1337 1310 1367 At
1327 1333 1388 1367 alii
1414 1331 1573 1377 plerique

47 1381 199 1427 effictus
215 1390 408 1417 extremos.
457 1382 548 1416 Hinc
568 1383 638 1416 alia
655 1382 879 1417 librariorum
898 1381 1068 1415 ludibria:
1095 1382 1251 1428 effoetus
1265 1380 1321 1414 vel
1342 1379 1491 1426 effectos
1507 1391 1574 1412 ex·-

46 1437 204 1470 tremus‚
229 1429 382 1475 effectu-s·
400 1439 602 1471 extremos,
628 1430 777 1476 eff'ectos
795 1438 997 1470 extremo-e,
1024 1429 1179 1475 effoetus
1198 1436 1396 1470 extremos,
1422 1425 1574 1472 effoeto-s

45 1477 220 1510 extremis
235 1477 272 1510 in
293 1477 402 1510 Goth.
427 1489 481 1522 pr.
530 1476 671 1511 Scilicet
689 1477 836 1521 primam
857 1476 1044 1510 lectionem
1066 1476 1173 1510 fuisse
1186 1502 1195 1517 ,
1227 1475 1361 1520 effitus
1381 1482 1572 1513 extremos,

44 1522 235 1557 verisimile
257 1523 317 1565 fit,
352 1536 455 1569 quam
480 1531 658 1558 mutarunt
676 1523 900 1558 Grammatici
914 1550 922 1566 ,
958 1523 1017 1569 qui
1036 1523 1152 1557 brevis
1173 1522 1331 1567 syllabae
1360 1519 1574 1566 productio-

42 1570 125 1604 nem
142 1582 216 1604 non
234 1571 418 1613 ferebant,
451 1578 487 1604 ut
514 1583 605 1605 nune
624 1572 672 1605 sit
696 1572 792 1617 quod
814 1583 881 1616 per
901 1583 1021 1604 omnes
1047 1571 1092 1604 ab
1118 1569 1223 1604 Aldd.
1244 1569 1326 1602 inde
1347 1568 1428 1602 edd.
1445 1567 1573 1611 vulga-

44 1623 135 1651 tum:
181 1626 362 1652 extremos
390 1618 533 1664 effetus.
576 1618 724 1664 (effetus
748 1627 930 1652 extremos
957 1624 1076 1651 tuetur
1106 1617 1245 1651 Cottius
1275 1616 1320 1649 ad
1342 1616 1473 1649 Lucan.
1494 1614 1572 1656 VII,

42 1665 125 1700 770.
151 1696 154 1699 ,
172 1662 301 1698 Facilis
325 1665 489 1699 traiectio
510 1665 760 1699 adiectivorum
782 1666 826 1699 ab
850 1665 972 1698 eadem
991 1664 1105 1698 vocali
1129 1663 1371 1709 incipientium
1384 1689 1394 1705 ‚
1427 1660 1573 1695 eandem

44 1722 185 1757 quoque
204 1711 411 1746 habentium
429 1725 635 1746 mensuram.
683 1711 979 1746 Praestantissimi
998 1711 1081 1745 libri
1104 1723 1181 1745 voc.
1209 1719 1394 1744 extremus·
1420 1708 1478 1742 vel
1505 1721 1572 1741 ex-

43 1767 181 1792 tremos
198 1759 404 1803 posteriore
432 1760 517 1792 sede
538 1760 726 1794 collocant.
773 1759 937 1806 Effectos
957 1768 1143 1792 extremus
1160 1757 1265 1791 etiam
1291 1757 1327 1790 in
1342 1756 1452 1790 Paris.
1483 1757 1516 1790 2.
1536 1754 1571 1790 3.

41 1804 76 1840 4.
87 1806 122 1841 7.
135 1806 191 1841 12.
212 1805 285 1851 legi
304 1812 458 1840 testatur
466 1807 613 1840 Pottier.
635 1809 708 1840 Iam
718 1819 803 1840 vero
815 1819 876 1840 cur
895 1813 1038 1851 praeter
1050 1805 1295 1839 necessitatem
1305 1810 1413 1849 poeta
1422 1809 1571 1836 metrum

41 1851 206 1895 violarit,
231 1853 353 1887 dicens
372 1852 543 1899 effictus,
568 1854 627 1888 vel
648 1853 781 1900 effetus
798 1862 997 1895 extremos,
1024 1865 1130 1898 quum
1155 1859 1294 1886 servata
1321 1851 1400 1895 lege
1428 1848 1572 1884 metrica

42 1907 226 1934 extremos
236 1900 369 1947 effetus
389 1900 508 1934 dicere
527 1902 699 1946 potuerit,
717 1901 813 1935 nulla
828 1900 978 1945 cogitari
999 1906 1122 1946 potest
1138 1911 1262 1940 causa;
1289 1898 1334 1931 de
1355 1909 1423 1943 qua
1438 1909 1478 1930 re
1498 1895 1570 1930 vid.

41 1946 186 1980 omnino
208 1949 252 1989 Q.
271 1948 316 1982 V.
336 1948 418 1990 XII,
442 1947 496 1983 14.
548 1949 643 1982 Hinc
661 1948 894 1983 accusativum
916 1947 1065 1994 effectos
1085 1947 1143 1980 vel
1160 1946 1288 1992 eff'etos
1305 1943 1438 1990 requiri
1458 1949 1569 1989 patet.

40 1992 157 2039 Effeti
175 2000 292 2028 autem
314 2003 422 2028 antes
439 2007 579 2029 sensum
604 1997 756 2040 praebet
774 1997 818 2030 ab
844 1995 880 2029 h.
902 1996 926 2028 l.
947 2006 1093 2039 prorsus
1113 1993 1283 2034 alienum,
1308 1992 1431 2038 effecti
1448 1998 1570 2025 contra

42 2041 384 2083 commodissimum3
410 2042 628 2086 significatur
650 2043 741 2076 enim
767 2050 959 2076 transactus
980 2041 1100 2075 vitium
1118 2040 1347 2074 curandarum
1364 2039 1480 2072 labor.
1511 2037 1570 2072 Sic

41 2088 171 2121 Moret.
197 2101 248 2122 vs.
279 2090 379 2124 117.:
405 2090 584 2130 „Constet
618 2098 654 2123 ut
682 2089 864 2124 effecti
889 2089 1026 2134 speeies
1051 2099 1250 2132 nomenque
1276 2085 1445 2120 moreti.“
1492 2085 1570 2119 Nec

43 2134 90 2167 ad
114 2134 304 2169 vinitorem
332 2135 520 2180 epitheton
550 2136 684 2182 effetus
710 2145 807 2170 recte
831 2137 1002 2176 refertur3
1038 2135 1170 2181 effetus
1191 2134 1283 2167 enim
1309 2133 1403 2166 valet
1436 2131 1484 2176 1.)
1509 2130 1570 2177 qui

39 2181 202 2226 peperit3
249 2183 299 2226 2.)
327 2182 386 2227 qui
407 2183 569 2227 pariendi
585 2191 643 2217 aut
661 2183 872 2229 procreandi
882 2183 1084 2216 facultatem
1101 2181 1238 2222 amisit;
1263 2180 1346 2225 hinc
1370 2178 1419 2222 3.)
1439 2178 1485 2212 de
1505 2190 1568 2212 se-

39 2239 103 2269 ne;
151 2227 202 2273 4.)
228 2229 273 2263 de
295 2229 439 2263 homine
464 2230 672 2264 libidinibus
691 2232 883 2271 exhaust03
932 2230 980 2274 5.)
1007 2230 1052 2263 de
1071 2240 1156 2274 agro
1180 2239 1339 2261 exsuccO.
1386 2227 1568 2271 Nusquam

40 2283 156 2309 antem
177 2275 302 2309 effetus
321 2275 452 2310 dicitur
469 2277 511 2319 is,
537 2278 596 2323 qui
618 2278 800 2311 laboribus
819 2277 1031 2322 defatigatus
1055 2284 1118 2310 est.
1166 2277 1290 2321 Itaque
1311 2273 1414 2307 alteri
1432 2272 1567 2306 lectio-

39 2322 77 2355 ni
97 2322 247 2368 effictos
266 2322 335 2356 soli
352 2323 451 2357 locus
474 2325 621 2358 concedi
644 2331 777 2370 potest.
825 2324 985 2369 Denique
1006 2322 1193 2357 diversitas
1214 2330 1395 2356 extremos
1411 2331 1478 2365 pro
1501 2333 1567 2352 ex-

41 2377 198 2412 tremus,
224 2376 261 2403 et
281 2369 435 2415 effectus
451 2371 508 2404 vel
529 2371 663 2417 effetus
682 2384 749 2418 pro
768 2371 918 2418 effectos
934 2371 1019 2404 inde
1038 2378 1116 2404 orta
1129 2398 1138 2412 ,
1162 2369 1258 2415 quod
1274 2368 1455 2402 nominum
1473 2367 1567 2400 iuxta

39 2416 239 2461 positorum
259 2417 526 2452 terminationes
551 2419 758 2464 saepissime
776 2432 796 2454 a
822 2419 978 2453 librariis
998 2418 1092 2452 inter
1117 2429 1156 2451 se
1184 2422 1438 2462 permutantur.
1468 2415 1565 2458 Wr.)

40 2533 102 2592 ἒνὶ
144 2536 294 2590 φορτία
331 2536 501 2578 θέσθαι.
568 2538 635 2577 Sic
674 2538 715 2577 h.
745 2538 772 2578 l.
829 2551 903 2591 per
939 2550 979 2575 se
1017 2536 1130 2575 nulla
1168 2549 1266 2574 cura
1302 2533 1488 2585 indigent
1525 2538 1566 2571 et

39 2593 230 2644 laudato,
269 2595 407 2634 valere
431 2597 546 2645 iube,
588 2596 674 2635 aliis
703 2610 773 2635 re—
831 2602 974 2650 sponte
993 2594 1254 2648 proveniunt.

38 2650 198 2702 linque,
225 2651 405 2693 habeant
421 2654 479 2693 illi
499 2655 594 2705 sibi,
633 2662 682 2694 ut
701 2669 773 2692 co—
890 2653 988 2695 416.
1029 2655 1125 2691 Iam
1154 2651 1345 2699 arbusta,
1391 2649 1431 2688 h.
1462 2649 1565 2688 vites

40 2708 112 2746 lito
150 2723 225 2762 pro
259 2712 417 2763 praefer
437 2743 448 2762 ,
500 2713 649 2766 potiori
682 2713 772 2751 loco
831 2713 912 2751 iam
930 2711 1026 2749 satis
1041 2716 1208 2763 putatae
1227 2715 1343 2757 sunt3
1368 2713 1450 2757 aut,
1473 2720 1564 2744 cum

39 2765 156 2805 habe.
831 2771 935 2809 vites
954 2770 1033 2808 iam
1054 2773 1298 2807 memoratae
1319 2766 1411 2813 sint,
1443 2764 1564 2802 arbo—

20 2876 23 2879 !
99 2821 197 2866 413.
236 2841 375 2866 msc-us
419 2828 587 2881 virgulti
635 2842 773 2881 genus,
831 2842 920 2878 res,
960 2827 1106 2879 quibus
1134 2826 1238 2865 vites
1265 2825 1422 2875 iugatae
1451 2827 1563 2871 sunt3

42 2885 316 2934 oxymrsine,
368 2901 507 2924 rascas
544 2887 769 2924 aculeatus.
831 2894 1026 2937 reponunt
1040 2885 1203 2937 falcem
1219 2914 1229 2932 ,
1274 2882 1371 2919 dum
1398 2892 1471 2931 per
1499 2892 1563 2916 eas

41 2940 90 2977 cs.
112 2939 274 2979 Martin.
333 2940 431 2986 415.
461 2945 604 2982 salices
624 2958 775 2982 curan—
832 2957 1027 2996 reponere
1070 2943 1213 2980 falcem
1260 2940 1377 2987 licet3
1422 2937 1564 2975 falcem

42 2997 116 3035 dac
146 3004 243 3036 sunt
261 3029 271 3046 ,
312 2998 354 3037 h.
385 3000 522 3053 virgae
550 3014 600 3040 ex
628 3002 675 3039 iis
699 3016 774 3053 pa-
832 3016 915 3040 non
934 3001 1103 3053 amplius
1124 2998 1352 3049 requirunt.
1411 2994 1578 3035 417—'

40 3055 205 3095 randae.
249 3058 429 3096 incultae
449 3089 460 3108 ‚
515 3071 617 3110 quae
667 3059 775 3111 ipsae
834 3058 931 3102 419.
971 3057 1215 3097 pulcerrime.
1264 3053 1501 3106 perfectam
1523 3058 1563 3090 et
