1768 3320
501 170 602 240 DE
625 179 1027 256 *vlssclmo
1427 212 1541 248 cm

16 368 21 373 Ν
730 318 815 369 IV

9 420 39 473 ,ξ
95 410 143 456 C.
173 396 380 470 Sulpicii
400 409 696 469 Apollinaris
734 410 825 470 (ap.
857 410 1020 455 Donat.
1051 410 1447 471 Carthaginiensis)

10 476 40 521 ἕ
167 478 486 525 Grammatici
514 477 566 522 in
592 480 850 524 Aeneidem
885 479 941 524 V
936 480 1230 540 irgilianam.
1271 483 1383 528 ibid.

7 560 36 616 ξ
357 548 450 608 Ep.
474 549 570 602 174,
599 565 746 608 snpra
765 549 817 592 in
835 549 1028 594 Donato
1044 551 1092 607 §.
1114 554 1185 598 57.
1238 606 1243 612 ⁶

10 513 31 561 ἢ

63 638 202 674 sserat
222 629 328 673 haec
352 645 399 673 ra
438 629 518 672 idis
538 629 708 674 aboleri
734 631 932 675 carmina
951 631 1151 676 flammis

7 685 34 737 [³2⁵
94 688 335 746 Virgilius,
370 646 619 747 Piirygium
646 703 759 746 quae
780 690 976 734 cecinere
995 691 1171 734 ducem.

0 716 160 801 &neca
184 754 324 796 vetat,
353 743 609 805 Variusque
629 745 789 790 simul:
821 754 896 799 tu,
928 750 1132 793 maxime
1155 749 1330 802 Caesar,

3 802 30 858 g}
94 804 198 848 Non
223 804 351 857 sinis,
379 812 423 848 et
445 804 594 848 Latiae
611 803 810 847 consulis
832 804 1060 850 historiae.

0 850 176 931 *felix
193 862 374 920 gemino
396 862 550 905 cecidit
575 878 726 921 prope
748 862 996 921 Pergamon
1022 865 1128 924 igni,

1 929 23 997 ἐξ
92 921 153 964 Et
172 935 316 980 paene
337 927 403 964 cst
421 919 507 964 alio
529 920 672 965 Troia
691 929 888 965 cremata
913 937 1039 980 rogo.

6 1003 26 1027 21

0 1146 27 1213 3}
67 1152 281 1197 Imitatio
309 1151 536 1205 eiusdem,
575 1151 762 1198 Phocae
795 1153 1135 1210 Grammatici‚
1177 1173 1233 1201 ex
1260 1156 1543 1218 fragmento

12 1216 25 1257 ἕν’
319 1222 450 1265 vitae
484 1220 703 1282 Virgilii.
747 1223 847 1266 vicl.
867 1223 979 1267 ibid.
1001 1225 1093 1284 Ep.
1117 1229 1214 1272 175.

13 1346 16 1356 ,
46 1304 217 1348 armina
239 1303 454 1362 Virgilius
476 1303 732 1362 Phrygium
751 1304 991 1362 prodentia
1014 1306 1208 1351 Martem

95 1362 256 1405 Secum
285 1361 409 1405 fatali
434 1361 618 1405 iusserat
636 1363 736 1420 igne
754 1363 889 1405 mori.

54 1435 159 1463 ucca
190 1428 348 1478 negat,
386 1419 550 1462 Varius
571 1420 809 1478 prohibet:
841 1421 1156 1479 superaddito,
1187 1423 1358 1477 Caesar,

0 1479 25 1530 ‘if
94 1478 296 1531 Nomen;
326 1478 372 1520 in
394 1480 538 1520 Aenea
559 1493 651 1520 non
674 1478 779 1520 sinis
803 1493 897 1521 esse
916 1478 1054 1522 nefas.

0 1508 48 1591 b
78 1551 214 1595 quam
239 1550 380 1594 paene
399 1536 566 1578 iterum
590 1536 825 1592 geminasti
848 1535 1009 1580 funere
1027 1536 1184 1591 funuS,

4 1600 8 1607 ”
93 1595 135 1638 T
137 1594 232 1637 roia
257 1593 323 1636 bis
342 1594 549 1637 interitus
570 1608 720 1636 caussa
744 1592 901 1637 futura
921 1596 1001 1638 tui.

0 1054 23 1125 5³5⁸
0 1019 15 1050 ’δ’

733 1733 820 1784 VI

0 1810 15 1850 ἐ
60 1844 85 1872 e
115 1827 281 1871 eadem
309 1843 362 1871 re
390 1842 551 1870 versus
581 1825 794 1870 attributi
825 1825 1039 1871 Cornelio
1070 1826 1229 1881 Gallo,
1280 1828 1542 1879 scholastici

0 1825 195 1970 ssetae,
233 1905 283 1940 ut
317 1904 516 1956 apparet
523 1913 539 1947 ,-
584 1897 790 1955 expressi
818 1912 873 1940 ex
902 1897 1063 1941 eodem
1096 1897 1301 1957 Sulpicio
1332 1897 1544 1942 Cartha-

0 1970 18 2030 ξ
453 1967 671 2026 giniensi.
714 1966 825 2010 ibid.
858 1967 952 2026 Ep.
986 1972 1084 2012 176.

0 2054 316 2118 {gffemporibus
337 2059 462 2102 laetis
484 2059 742 2110 tristamur,
779 2061 981 2103 maxime
1004 2060 1179 2111 Caesar,

0 2122 14 2164 ,ξ
97 2119 193 2161 Hoc
214 2132 307 2160 uno
332 2117 518 2169 amisso,
550 2132 686 2174 quem
707 2116 794 2160 fleo
817 2118 1075 2174 Virgilium.

0 2166 93 2233 jssed
111 2176 250 2219 vetuit
272 2173 431 2231 relegi,
467 2176 503 2217 si
527 2183 578 2217 tu
598 2175 789 2233 patiere,
821 2175 1010 2227 libellos,

95 2232 147 2276 In
170 2233 338 2290 quibus
365 2235 536 2275 Aenean
560 2232 757 2275 condidit
785 2248 864 2275 ore
884 2249 1027 2276 sacro.

0 2289 155 2334 >-Roma
177 2302 328 2348 rogat,
361 2291 566 2348 precibus
591 2298 715 2333 totus
734 2290 815 2334 tibi
834 2292 1059 2350 supplicat
1089 2293 1225 2346 orbis,
1512 2297 1538 2338 5

13 2390 19 2394 .
96 2349 163 2392 Ne
190 2357 371 2407 pereant
396 2347 592 2391 flammis
617 2356 686 2391 tot
706 2348 985 2391 monimenta
1006 2350 1186 2394 ducum.

0 2405 159 2465 :Atque
179 2408 343 2450 iterum
369 2406 583 2458 Troiam,
616 2407 690 2448 sed
713 2406 882 2453 maior,
912 2406 1099 2450 flamma
1123 2408 1353 2452 cremabit.

5 2460 9 2465 ’
102 2465 181 2508 Fac
200 2464 354 2507 laudes
374 2463 538 2507 Italum
554 2498 566 2514 ‚
596 2464 666 2507 fac
691 2472 768 2507 tua
787 2463 900 2507 facta
915 2464 1015 2523 legi.

11 2521 273 2578 Aeneanque
291 2537 426 2565 suum
450 2521 518 2564 fac
536 2523 682 2565 maior
704 2522 896 2565 Mincius
919 2531 1063 2567 ornet.

99 2580 200 2624 Plus
221 2580 322 2623 fatis
341 2588 533 2639 possunt
554 2581 750 2623 Caesaris
772 2596 852 2623 ora
871 2580 953 2623 dei.

57 2706 106 2746 V,
121 2703 146 2740 4
166 2706 191 2739 f.
216 2707 257 2740 in
273 2709 430 2741 Aenean
449 2719 500 2741 an
521 2708 626 2742 sinis.
850 2708 873 2743 9
895 2707 922 2740 f.
946 2709 1175 2754 Aeneanque
1188 2715 1307 2743 tuum.
1345 2709 1438 2742 Tum
1457 2721 1538 2742 ma-

0 2783 7 2787 .
58 2753 121 2793 Vl,
141 2753 165 2787 3
188 2755 260 2796 Qui
283 2755 403 2787 vetuit
421 2767 476 2797 r.,
500 2756 536 2788 si
555 2763 597 2788 tu
612 2755 745 2802 patia-
802 2755 861 2788 ior
894 2755 1084 2794 Minct'u33
1138 2766 1285 2799 magnus
1304 2755 1514 2790 -Minciades
1528 2782 1538 2797 ,

12 2811 71 2841 re,
95 2799 161 2832 Ed.
178 2800 269 2833 Ven.
289 2799 392 2836 1472.
802 2801 988 2846 Virgilius.
1047 2803 1159 2835 Ornet
1188 2801 1251 2835 ille
1282 2802 1436 2836 carmine
1473 2814 1537 2838 suo

58 2845 81 2881 5
112 2845 244 2879 Eadem
272 2847 329 2881 ed.
350 2846 597 2895 precibusque
623 2848 746 2883 iddem
802 2850 957 2882 Aeneam
990 2854 1075 2882 tuae
1103 2848 1218 2893 gentis
1245 2856 1438 2883 auctorem.
1484 2851 1538 2882 Ita

11 2891 84 2937 leg.
107 2893 236 2927 isdem.
802 2895 901 2929 vivet
918 2895 982 2928 ille
1006 2895 1114 2929 etiam
1139 2903 1222 2940 post
1246 2903 1418 2938 mortem,
1441 2895 1537 2928 iussu

0 2981 7 2993 r
58 2941 82 2975 7
116 2944 242 2986 Atque
280 2940 423 2974 iterum.
458 2942 595 2984 Forte,
635 2945 746 2977 Anne
802 2942 972 2976 Caesaris.
1020 2942 1091 2976 Alii
1118 2942 1259 2987 legunt:
1295 2944 1414 2976 maior
1434 2955 1536 2976 nun-

0 2986 147 3022 :iterum
170 2987 319 3021 Troiam
329 3006 374 3012 —
375 2989 531 3034 flamma
548 2988 746 3024 cremabit?
803 2991 891 3024 tius.
940 2989 1045 3024 Gallo
1063 2989 1133 3023 hoc
1153 3001 1294 3023 carmen
1312 2989 1481 3023 tribuitur
1501 2989 1538 3021 in
