1768 3320
199 173 307 226 256
455 144 489 229 ’,
692 174 1127 226 ExcURsus
1164 176 1242 226 111

203 307 247 354 1,
276 305 372 346 183.
432 304 539 343 Sunt
561 304 638 343 alia
662 304 772 357 apud
799 306 951 344 Tassie.
1008 305 1228 345 Inventum
1257 310 1318 344 est
1344 317 1476 358 nuper
1512 304 1556 344 in
1585 305 1736 345 finibus

198 361 473 415 Neapolitanis
506 362 802 416 anaglyphum,
841 363 1021 402 Silenum
1048 363 1093 402 in
1122 370 1241 402 antro
1261 362 1471 402 sedentem
1494 376 1588 403 cum
1605 364 1737 417 Nym-

199 419 283 475 pha
299 419 486 459 frondem
515 434 587 460 seu
613 422 825 460 surculum
855 427 1084 460 ostentante
1121 421 1336 472 exhibens,
1380 422 1538 474 Satyris
1575 421 1737 462 duobus

200 478 516 518 auscultantium
542 479 758 531 similibus;
796 493 903 532 pone
936 485 1104 518 antrum
1128 479 1252 519 Sileni
1280 479 1424 519 asellus
1461 493 1555 518 cum
1576 479 1737 520 duobus

200 536 357 590 Satyris
383 537 638 577 saltantibus,
697 537 748 576 Id
775 537 1048 591 anaglyphum
1078 551 1099 576 e
1125 544 1269 578 nostro
1297 544 1419 591 poeta
1447 538 1738 578 adumbratum

201 609 284 635 esse
318 595 473 634 censuit
494 596 645 634 Xaver.
679 594 824 635 Mattei
848 596 890 635 in
921 596 1013 634 diss.
1047 595 1158 638 1759
1187 595 1309 636 edita
1367 596 1603 648 Repetitum
1636 611 1737 636 ana-

200 652 397 708 glyphum
424 667 573 705 parum
606 653 701 692 scite
736 659 776 692 et
815 654 964 692 affabre
984 654 1141 692 factum
1174 660 1216 692 et
1238 666 1328 693 aere
1352 654 1587 707 sculptum
1575 669 1619 694 m
1639 655 1736 696 edit.

199 711 355 764 Virgilii
381 710 661 764 Ambrogiana.
722 711 869 750 Similis
893 713 975 750 fe1e
994 712 1221 777 argumenti
1239 711 1353 751 aliud
1370 717 1431 750 est
1451 712 1736 766 anaglyphum,

201 770 314 824 quod
343 769 397 807 ad
422 765 712 822 ασκωλιασμὸν
737 770 864 808 refert
886 770 959 810 Vir
981 769 1156 808 doctus
1145 784 1189 812 ln
1214 771 1332 809 Dis-s
1357 770 1494 809 Aead.
1522 771 1739 811 Cortonen—

200 831 256 868 sis
272 829 344 868 Ίο.
364 827 394 866 Ι.
413 827 507 867 diss.
530 827 632 867 VIII.
664 827 778 866 aliud
796 842 895 868 vero
915 828 1123 867 manifeste
1145 841 1380 882 expressum
1398 842 1419 867 e
1436 828 1601 881 Virgilio
1625 843 1738 870 mar-

200 901 292 927 mor
314 885 411 925 XVI
442 886 603 938 figuris,
640 885 749 925 inter
775 900 874 938 quas
901 885 1022 939 Aegle
1048 887 1214 940 pingens
1244 887 1366 926 Sileni
1395 887 1562 938 faciem,
1591 889 1739 928 visitur

200 946 246 985 in
263 945 369 984 Villa
399 944 614 983 Pembrok.
645 943 816 984 Wilton.
865 945 952 984 Etsi
977 945 1164 984 nondum
1193 947 1287 985 satis
1315 945 1476 984 confido
1508 946 1739 999 antiquitati

200 1003 351 1043 horum
378 1003 744 1055 monimentorum,
782 1003 856 1043 vix
884 1003 990 1050 enim
1011 1003 1185 1043 artifices
1214 1003 1348 1057 graeci
1366 1003 1578 1057 Virgilium
1607 1005 1738 1045 edidi—

202 1066 358 1102 cerunt.

574 1233 618 1282 E
655 1235 703 1282 X
741 1233 782 1284 C
820 1233 870 1284 U
904 1234 954 1284 R
993 1234 1027 1285 S
1065 1234 1116 1284 U
1154 1234 1189 1284 S
1261 1234 1357 1283 III

293 1334 362 1375 De
394 1333 437 1374 G.
468 1333 658 1376 Cornelio
685 1336 808 1376 Gallo
836 1336 1039 1391 simulque
1068 1335 1124 1377 de
1149 1334 1440 1391 Euphorionis
1470 1333 1652 1375 chiliasi.

320 1457 402 1496 Ecl.
435 1456 502 1507 VI,
539 1455 595 1499 64
613 1480 672 1487 -
692 1460 747 1499 73
785 1460 890 1496 Tum
915 1460 1026 1498 canit
1053 1458 1248 1497 errantem
1266 1458 1466 1496 Permessi
1486 1448 1739 1507 adflumiiza

210 1516 386 1554 Gallum
406 1521 495 1565 ete„
527 1521 569 1554 et
593 1516 674 1555 Ecl.
695 1517 748 1567 X,
769 1519 796 1558 2
826 1518 974 1555 Pauca
999 1531 1087 1556 meo
1111 1517 1263 1566 Gallo,
1296 1515 1369 1554 sed
1385 1529 1490 1569 quae
1512 1514 1626 1566 legat
1645 1515 1760 1565 ipsa«

204 1575 394 1626 Lycoris,
430 1545 623 1612 Carmina
645 1583 737 1612 sant
737 1547 820 1612 'Jdic
814 1575 942 1613 enda.

322 1633 394 1670 Est
413 1632 552 1671 Gallus
569 1633 676 1671 inter
695 1646 762 1671 eos
788 1631 991 1683 homines,
1024 1632 1094 1684 qui
1111 1632 1284 1671 aliorum
1303 1630 1441 1685 potius
1459 1629 1595 1680 laude,
1617 1643 1740 1681 quam

205 1704 278 1729 sua
301 1691 478 1740 virtute,
517 1704 665 1730 nomen
697 1690 750 1729 ad
775 1692 1057 1744 posteritatem
1076 1697 1343 1744 propagatum
1361 1689 1526 1728 habent.
1585 1687 1741 1727 Iterum

204 1755 346 1788 nostra
371 1754 498 1786 aetate
516 1749 654 1788 multis
676 1749 726 1788 de
746 1763 793 1788 eo
814 1763 926 1802 egere
943 1749 1022 1789 viri
1043 1749 1155 1788 docti
1174 1763 1247 1802 per
1264 1748 1435 1797 Italiam,
1468 1746 1568 1785 dum
1587 1746 1637 1785 de
1655 1746 1739 1785 eius

204 1806 341 1861 patria
372 1806 655 1858 decertarent,
696 1803 782 1846 aliis
810 1821 903 1847 eum
930 1808 1250 1847 Foroiuliensem
1265 1838 1276 1858 ,
1318 1806 1403 1846 aliis
1424 1805 1741 1844 Foroliviensem

205 1866 331 1905 fuisse
369 1866 651 1905 asserentibus.
719 1866 878 1905 Priores
906 1873 1044 1920 partes
1082 1872 1225 1905 tuetur
1257 1865 1420 1905 doctiss
1451 1863 1671 1903 Fontanini
1695 1863 1741 1902 in

205 1924 312 1964 Hist.
343 1923 424 1963 litt.
452 1922 623 1976 Aquilei.
651 1925 682 1975 Ι,
714 1927 752 1975 1,
787 1938 907 1977 quem
937 1926 1021 1964 fere
1050 1923 1331 1977 transscripsit
1355 1923 1412 1962 Io.
1431 1922 1506 1961 Ios.
1525 1922 1659 1962 Liruti
1680 1920 1740 1976 (in

207 1984 374 2022 Notizie
402 1982 505 2021 delle
537 1984 585 2023 V
579 1985 631 2021 ite
662 1982 715 2021 ed
744 1998 860 2034 opere
893 1985 1023 2022 scritte
1049 1984 1126 2021 (la’
1155 1982 1354 2022 Letterati
1380 1980 1448 2019 del
1468 1981 1604 2020 &iuli
1625 1981 1739 2020 Tom.

205 2041 225 2081 I
244 2038 339 2093 pr.).
387 2039 439 2078 At
455 2055 530 2094 pro
550 2041 908 2092 Foroliviensibus‚
937 2048 1032 2095 post
1053 2041 1313 2094 Peregrinum
1331 2038 1561 2089 Maserium,
1583 2039 1739 2091 Sigism.

206 2098 479 2139 Marchesium
506 2099 549 2138 in
579 2100 783 2153 Supplem.
804 2100 917 2139 Hist.v
932 2100 1110 2139 Foroliv.
1138 2100 1208 2138 lib.
1242 2100 1273 2149 I,
1291 2113 1331 2151 p.
1355 2096 1423 2147 34,
1446 2103 1486 2135 et
1505 2098 1575 2137 Ge.
1597 2097 1740 2138 Vivia-

207 2171 310 2197 num
327 2157 599 2197 Marchesium
615 2158 657 2197 in
675 2158 776 2197 Vitis
793 2158 941 2198 illustr.
959 2158 1139 2198 Foroliv.
1162 2158 1231 2197 lib.
1254 2157 1303 2207 II,
1325 2171 1411 2210 cap.
1425 2155 1464 2205 5,
1486 2170 1526 2209 p.
1539 2158 1623 2198 227
1640 2169 1739 2208 sqq„

209 2216 345 2255 denuo
375 2217 574 2269 pugnavit
601 2217 805 2256 eruditiss,
831 2217 1072 2270 Morgagnus
1099 2217 1143 2256 in
1165 2217 1314 2270 Opusc.
1338 2213 1502 2254 Miscell.
1529 2214 1573 2253 P.
1591 2214 1647 2253 111
1666 2214 1740 2267 Ep.

211 2277 232 2316 1
263 2280 303 2312 et
328 2277 393 2316 10.
423 2274 530 2313 Add.
550 2275 688 2314 Burm.
704 2275 763 2313 sad
781 2274 949 2314 Anthol.
966 2276 1054 2314 Lat.
1074 2276 1145 2314 To.
1166 2275 1196 2324 Ι,
1216 2289 1256 2327 Ρ.
1277 2273 1373 2317 353.
1429 2271 1543 2311 Adeo
1561 2278 1601 2311 et
1617 2271 1740 2311 huius

206 2331 384 2371 hominis
416 2334 600 2387 exemplo
627 2334 836 2386 proposito
867 2340 1125 2373 contemnere
1152 2332 1297 2385 aliquis
1332 2331 1460 2370 discat
1487 2331 1661 2370 nominis
1676 2331 1741 2370 fa-

208 2405 318 2430 mam
339 2397 380 2429 et
398 2391 767 2431 immortalitatem:
796 2393 839 2431 in
858 2406 939 2444 qua
958 2399 999 2431 et
1017 2393 1104 2445 ipsa
1124 2405 1239 2430 casus
1259 2396 1300 2428 et
1320 2391 1487 2429 fortuna
1504 2395 1655 2442 regnat.

327 2449 507 2502 Contigit
533 2456 672 2489 tamen
699 2451 806 2490 inter
833 2450 953 2501 haec,
983 2457 1033 2490 ut
1053 2451 1207 2499 multa,
1239 2461 1340 2500 quae
1359 2447 1412 2486 ad
1434 2447 1539 2486 Galli
1557 2461 1623 2486 res
1647 2459 1740 2501 spe-—

209 2513 345 2558 etant,
377 2509 609 2548 accuratius
627 2509 987 2548 constituerentur.
1049 2509 1201 2547 Contra
1221 2520 1320 2546 vero
1337 2519 1414 2544 nec
1431 2506 1566 2544 minus
1582 2506 1659 2544 alia
1674 2505 1740 2544 vi-

207 2571 352 2606 rorum
371 2566 516 2607 doct01
517 2581 589 2606 um
608 2567 776 2620 argutiis
797 2568 910 2607 fuere
929 2567 1126 2620 impedita
1148 2572 1188 2604 et
1211 2565 1450 2614 obscurata,
1480 2564 1600 2603 etiam
1617 2564 1661 2602 in
1678 2563 1739 2613 iis,

210 2637 312 2677 quae
333 2625 385 2662 ad
406 2625 618 2677 Virgilium
639 2631 834 2678 spectant.
894 2626 951 2664 De
969 2626 1095 2663 amica
1117 2623 1315 2676 Lycoride
1346 2622 1606 2681 disputatum&
1619 2627 1679 2660 est
1697 2621 1741 2660 in

209 2682 376 2735 Argum.
395 2683 479 2722 Ecl.
505 2685 558 2723 X.
617 2684 827 2735 Ingenium
852 2684 956 2722 Galli
989 2690 1030 2722 et
1049 2683 1283 2721 facultatem
1311 2681 1511 2734 poeticam
1527 2694 1656 2734 pauca
1674 2685 1739 2718 te-

210 2747 374 2780 stantur
393 2742 629 2794 fragmenta,
661 2755 763 2794 quae
782 2748 1001 2794 supersunt
1012 2757 1022 2792 3
1055 2741 1273 2779 adstruunt
1293 2746 1430 2779 autem
1449 2753 1535 2778 eam
1553 2744 1742 2778 veterum

209 2799 448 2854 praeconia,
485 2800 608 2852 inque
637 2799 700 2838 his
730 2799 895 2852 Virgilii.
965 2800 1118 2840 Verum
1142 2798 1210 2837 hic
1233 2812 1315 2837 non
1343 2804 1429 2837 tam
1459 2798 1508 2836 ab
1527 2797 1742 2850 Elegorum

210 2858 404 2898 felicitate
433 2871 527 2897 eum
552 2859 748 2908 celebrat,
792 2872 914 2910 quam
944 2858 994 2897 ab
1025 2857 1189 2897 alterius
1209 2857 1364 2909 generis
1387 2856 1581 2895 carmine:
1611 2855 1740 2894 altero

211 2916 303 2957 loco
315 2916 381 2967 VI,
392 2919 448 2959 72
482 2917 634 2971 Grynei
647 2919 819 2956 nemoris
841 2918 1038 2969 originem
1056 2922 1340 2970 argumentum
1358 2915 1466 2954 illius
1484 2913 1742 2954 constituisse
