<?xml version="1.0" encoding="UTF-8"?>
<!DOCTYPE html PUBLIC "-//W3C//DTD XHTML 1.0 Transitional//EN"
    "http://www.w3.org/TR/xhtml1/DTD/xhtml1-transitional.dtd">
<html xmlns="http://www.w3.org/1999/xhtml" xml:lang="en" lang="en">
 <head>
  <title>
</title>
<meta http-equiv="Content-Type" content="text/html;charset=utf-8" />
  <meta name='ocr-system' content='tesseract 3.04.00' />
  <meta name='ocr-capabilities' content='ocr_page ocr_carea ocr_par ocr_line ocrx_word'/>
</head>
<body>
  <div class='ocr_page' id='page_1' title='image "./publiusvirgilius01virguoft/publiusvirgilius01virguoft_0684.png"; bbox 0 0 1734 3320; ppageno 0'>
   <div class='ocr_carea' id='block_1_1' title="bbox 161 196 1374 250">
    <p class='ocr_par' dir='ltr' id='par_1_1' title="bbox 161 196 1374 250">
     <span class='ocr_line' id='line_1_1' title="bbox 161 196 1374 250; baseline -0.004 0"><span class='ocrx_word' id='word_1_1' title='bbox 161 199 265 250; x_wconf 87' lang='lat'>514</span> <span class='ocrx_word' id='word_1_2' title='bbox 511 198 567 249; x_wconf 90' lang='lat' dir='ltr'>P.</span> <span class='ocrx_word' id='word_1_3' title='bbox 613 196 964 248; x_wconf 87' lang='lat' dir='ltr'>VIRGILII</span> <span class='ocrx_word' id='word_1_4' title='bbox 1008 196 1374 248; x_wconf 88' lang='lat' dir='ltr'>MARONIS</span> 
     </span>
    </p>
   </div>
   <div class='ocr_carea' id='block_1_2' title="bbox 160 321 1691 675">
    <p class='ocr_par' dir='ltr' id='par_1_2' title="bbox 160 321 1633 461">
     <span class='ocr_line' id='line_1_2' title="bbox 161 321 1633 391; baseline -0.001 -17"><span class='ocrx_word' id='word_1_5' title='bbox 161 324 341 375; x_wconf 87' lang='lat' dir='ltr'>Prima</span> <span class='ocrx_word' id='word_1_6' title='bbox 361 321 522 389; x_wconf 81' lang='lat' dir='ltr'>sugit3</span> <span class='ocrx_word' id='word_1_7' title='bbox 562 323 796 374; x_wconf 87' lang='lat' dir='ltr'>subeunt</span> <span class='ocrx_word' id='word_1_8' title='bbox 819 323 1025 390; x_wconf 81' lang='lat' dir='ltr'><strong>morbi,</strong></span> <span class='ocrx_word' id='word_1_9' title='bbox 1063 323 1334 391; x_wconf 86' lang='lat' dir='ltr'>tristisque</span> <span class='ocrx_word' id='word_1_10' title='bbox 1359 331 1633 386; x_wconf 89' lang='lat' dir='ltr'>senectus;</span> 
     </span>
     <span class='ocr_line' id='line_1_3' title="bbox 160 392 1421 461; baseline -0.002 -15"><span class='ocrx_word' id='word_1_11' title='bbox 160 398 229 446; x_wconf 88' lang='lat' dir='ltr'>Et</span> <span class='ocrx_word' id='word_1_12' title='bbox 247 395 402 445; x_wconf 85' lang='lat' dir='ltr'>labor</span> <span class='ocrx_word' id='word_1_13' title='bbox 426 403 478 445; x_wconf 90' lang='lat' dir='ltr'>et</span> <span class='ocrx_word' id='word_1_14' title='bbox 501 392 666 444; x_wconf 85' lang='lat' dir='ltr'>durae</span> <span class='ocrx_word' id='word_1_15' title='bbox 690 395 828 461; x_wconf 82' lang='lat' dir='ltr'>rapit</span> <span class='ocrx_word' id='word_1_16' title='bbox 850 394 1192 444; x_wconf 85' lang='lat' dir='ltr'>inclementia</span> <span class='ocrx_word' id='word_1_17' title='bbox 1216 394 1421 446; x_wconf 82' lang='lat' dir='ltr'>mortis,</span> 
     </span>
    </p>

    <p class='ocr_par' dir='ltr' id='par_1_3' title="bbox 163 463 1691 675">
     <span class='ocr_line' id='line_1_4' title="bbox 164 463 1549 533; baseline 0 -17"><span class='ocrx_word' id='word_1_18' title='bbox 164 469 397 533; x_wconf 81' lang='lat' dir='ltr'>Semper</span> <span class='ocrx_word' id='word_1_19' title='bbox 424 474 604 527; x_wconf 85' lang='lat' dir='ltr'>erunt,</span> <span class='ocrx_word' id='word_1_20' title='bbox 644 482 874 531; x_wconf 85' lang='lat' dir='ltr'>quarum</span> <span class='ocrx_word' id='word_1_21' title='bbox 898 466 1094 515; x_wconf 84' lang='lat' dir='ltr'>mutari</span> <span class='ocrx_word' id='word_1_22' title='bbox 1121 482 1350 532; x_wconf 88' lang='lat' dir='ltr'>corpora</span> <span class='ocrx_word' id='word_1_23' title='bbox 1372 463 1549 516; x_wconf 87' lang='lat' dir='ltr'>malis:</span> 
     </span>
     <span class='ocr_line' id='line_1_5' title="bbox 165 534 1691 604; baseline -0.001 -17"><span class='ocrx_word' id='word_1_24' title='bbox 165 539 395 603; x_wconf 81' lang='lat' dir='ltr'>Semper</span> <span class='ocrx_word' id='word_1_25' title='bbox 417 536 562 586; x_wconf 88' lang='lat' dir='ltr'>enim</span> <span class='ocrx_word' id='word_1_26' title='bbox 580 534 770 595; x_wconf 81' lang='lat' dir='ltr'>refice3</span> <span class='ocrx_word' id='word_1_27' title='bbox 798 553 871 600; x_wconf 88' lang='lat' dir='ltr'>ae,</span> <span class='ocrx_word' id='word_1_28' title='bbox 898 552 967 585; x_wconf 87' lang='lat' dir='ltr'>ne</span> <span class='ocrx_word' id='word_1_29' title='bbox 992 545 1116 603; x_wconf 87' lang='lat' dir='ltr'>post</span> <span class='ocrx_word' id='word_1_30' title='bbox 1138 537 1325 587; x_wconf 84' lang='lat' dir='ltr'>amissa</span> <span class='ocrx_word' id='word_1_31' title='bbox 1341 536 1599 604; x_wconf 83' lang='lat' dir='ltr'>requiraS,</span> <span class='ocrx_word' id='word_1_32' title='bbox 1622 540 1691 587; x_wconf 91' lang='lat'>70</span> 
     </span>
     <span class='ocr_line' id='line_1_6' title="bbox 163 606 1637 675; baseline 0 -18"><span class='ocrx_word' id='word_1_33' title='bbox 163 607 451 672; x_wconf 83' lang='lat' dir='ltr'>Anteveni,</span> <span class='ocrx_word' id='word_1_34' title='bbox 493 615 546 656; x_wconf 86' lang='lat' dir='ltr'>et</span> <span class='ocrx_word' id='word_1_35' title='bbox 568 606 818 656; x_wconf 88' lang='lat' dir='ltr'>subolem</span> <span class='ocrx_word' id='word_1_36' title='bbox 843 616 1090 657; x_wconf 86' lang='lat' dir='ltr'>armento</span> <span class='ocrx_word' id='word_1_37' title='bbox 1117 608 1310 657; x_wconf 89' lang='lat' dir='ltr'>sortire</span> <span class='ocrx_word' id='word_1_38' title='bbox 1336 607 1637 675; x_wconf 80' lang='lat' dir='ltr'><strong>quotannis,</strong></span> 
     </span>
    </p>
   </div>
   <div class='ocr_carea' id='block_1_3' title="bbox 163 734 1694 1257">
    <p class='ocr_par' dir='ltr' id='par_1_4' title="bbox 163 734 1694 1257">
     <span class='ocr_line' id='line_1_7' title="bbox 212 734 1692 783; baseline -0.002 -11"><span class='ocrx_word' id='word_1_39' title='bbox 212 737 258 772; x_wconf 88' lang='lat'>67</span> <span class='ocrx_word' id='word_1_40' title='bbox 275 734 358 782; x_wconf 76' lang='lat' dir='ltr'>fuit</span> <span class='ocrx_word' id='word_1_41' title='bbox 385 737 516 769; x_wconf 85' lang='lat' dir='ltr'>Moret.</span> <span class='ocrx_word' id='word_1_42' title='bbox 533 748 589 781; x_wconf 80' lang='lat' dir='ltr'>pr.</span> <span class='ocrx_word' id='word_1_43' title='bbox 618 748 638 769; x_wconf 88' lang='lat' dir='ltr'>a</span> <span class='ocrx_word' id='word_1_44' title='bbox 669 746 715 768; x_wconf 86' lang='lat' dir='ltr'>m.</span> <span class='ocrx_word' id='word_1_45' title='bbox 742 748 797 780; x_wconf 86' lang='lat' dir='ltr'>pr.</span> <span class='ocrx_word' id='word_1_46' title='bbox 847 734 996 771; x_wconf 75' lang='lat' dir='ltr'>morbus</span> <span class='ocrx_word' id='word_1_47' title='bbox 1014 737 1139 771; x_wconf 91' lang='lat' dir='ltr'>Franc.</span> <span class='ocrx_word' id='word_1_48' title='bbox 1187 738 1444 782; x_wconf 87' lang='lat' dir='ltr'>Interpungunt</span> <span class='ocrx_word' id='word_1_49' title='bbox 1471 747 1612 783; x_wconf 88' lang='lat' dir='ltr'>quoque</span> <span class='ocrx_word' id='word_1_50' title='bbox 1631 748 1692 769; x_wconf 81' lang='lat' dir='ltr'>se—</span> 
     </span>
     <span class='ocr_line' id='line_1_8' title="bbox 164 782 1693 830; baseline 0 -13"><span class='ocrx_word' id='word_1_51' title='bbox 164 791 295 817; x_wconf 77' lang='lat' dir='ltr'>nectus</span> <span class='ocrx_word' id='word_1_52' title='bbox 313 787 363 817; x_wconf 71' lang='lat' dir='ltr'>Et</span> <span class='ocrx_word' id='word_1_53' title='bbox 390 782 514 824; x_wconf 81' lang='lat' dir='ltr'>lab0r3</span> <span class='ocrx_word' id='word_1_54' title='bbox 548 791 585 816; x_wconf 75' lang='lat' dir='ltr'>et</span> <span class='ocrx_word' id='word_1_55' title='bbox 604 783 640 816; x_wconf 90' lang='lat' dir='ltr'>d.</span> <span class='ocrx_word' id='word_1_56' title='bbox 675 789 713 816; x_wconf 87' lang='lat' dir='ltr'>at</span> <span class='ocrx_word' id='word_1_57' title='bbox 742 782 848 817; x_wconf 85' lang='lat' dir='ltr'>labor</span> <span class='ocrx_word' id='word_1_58' title='bbox 874 789 927 817; x_wconf 81' lang='lat' dir='ltr'>est</span> <span class='ocrx_word' id='word_1_59' title='bbox 958 796 1143 827; x_wconf 79' lang='lat' dir='ltr'>aerumna,</span> <span class='ocrx_word' id='word_1_60' title='bbox 1178 796 1267 830; x_wconf 86' lang='lat' dir='ltr'>quae</span> <span class='ocrx_word' id='word_1_61' title='bbox 1294 784 1436 818; x_wconf 83' lang='lat' dir='ltr'>conficit</span> <span class='ocrx_word' id='word_1_62' title='bbox 1465 785 1569 818; x_wconf 79' lang='lat' dir='ltr'>vires.</span> <span class='ocrx_word' id='word_1_63' title='bbox 1617 786 1693 818; x_wconf 87' lang='lat' dir='ltr'><strong>Au·-</strong></span> 
     </span>
     <span class='ocr_line' id='line_1_9' title="bbox 164 830 1692 878; baseline 0.001 -14"><span class='ocrx_word' id='word_1_64' title='bbox 164 831 283 864; x_wconf 84' lang='lat' dir='ltr'>ferunt</span> <span class='ocrx_word' id='word_1_65' title='bbox 302 842 366 863; x_wconf 90' lang='lat' dir='ltr'>nos</span> <span class='ocrx_word' id='word_1_66' title='bbox 387 843 573 864; x_wconf 85' lang='lat' dir='ltr'>aerumnae</span> <span class='ocrx_word' id='word_1_67' title='bbox 595 838 629 863; x_wconf 89' lang='lat' dir='ltr'>et</span> <span class='ocrx_word' id='word_1_68' title='bbox 648 841 744 864; x_wconf 87' lang='lat' dir='ltr'>mors</span> <span class='ocrx_word' id='word_1_69' title='bbox 762 830 890 864; x_wconf 80' lang='lat' dir='ltr'>fatalis.</span> <span class='ocrx_word' id='word_1_70' title='bbox 987 833 1044 867; x_wconf 83' lang='lat'>¹69</span> <span class='ocrx_word' id='word_1_71' title='bbox 1071 834 1221 878; x_wconf 85' lang='lat' dir='ltr'>Semper</span> <span class='ocrx_word' id='word_1_72' title='bbox 1254 834 1327 867; x_wconf 73' lang='lat' dir='ltr'>erit</span> <span class='ocrx_word' id='word_1_73' title='bbox 1344 832 1485 877; x_wconf 83' lang='lat' dir='ltr'>Menag.</span> <span class='ocrx_word' id='word_1_74' title='bbox 1508 843 1576 877; x_wconf 71' lang='lat' dir='ltr'>pr„</span> <span class='ocrx_word' id='word_1_75' title='bbox 1603 837 1692 865; x_wconf 87' lang='lat' dir='ltr'>noto</span> 
     </span>
     <span class='ocr_line' id='line_1_10' title="bbox 165 877 1693 927; baseline 0 -16"><span class='ocrx_word' id='word_1_76' title='bbox 165 878 358 923; x_wconf 87' lang='lat' dir='ltr'>graecismo</span> <span class='ocrx_word' id='word_1_77' title='bbox 374 904 383 920; x_wconf 93' lang='lat'>,</span> <span class='ocrx_word' id='word_1_78' title='bbox 409 889 510 923; x_wconf 88' lang='lat' dir='ltr'>quem</span> <span class='ocrx_word' id='word_1_79' title='bbox 530 877 711 923; x_wconf 82' lang='lat' dir='ltr'>expulsum</span> <span class='ocrx_word' id='word_1_80' title='bbox 731 890 751 911; x_wconf 88' lang='lat' dir='ltr'>a</span> <span class='ocrx_word' id='word_1_81' title='bbox 777 877 933 912; x_wconf 89' lang='lat' dir='ltr'>librariis</span> <span class='ocrx_word' id='word_1_82' title='bbox 953 879 1102 923; x_wconf 83' lang='lat' dir='ltr'>putabat</span> <span class='ocrx_word' id='word_1_83' title='bbox 1119 879 1276 913; x_wconf 87' lang='lat' dir='ltr'>Broukh.</span> <span class='ocrx_word' id='word_1_84' title='bbox 1325 881 1476 927; x_wconf 76' lang='lat' dir='ltr'>Semper</span> <span class='ocrx_word' id='word_1_85' title='bbox 1494 881 1589 914; x_wconf 86' lang='lat' dir='ltr'>enim</span> <span class='ocrx_word' id='word_1_86' title='bbox 1605 890 1693 914; x_wconf 89' lang='lat' dir='ltr'>unus</span> 
     </span>
     <span class='ocr_line' id='line_1_11' title="bbox 168 925 1694 971; baseline 0 -13"><span class='ocrx_word' id='word_1_87' title='bbox 168 926 287 959; x_wconf 87' lang='lat' dir='ltr'>Mead.</span> <span class='ocrx_word' id='word_1_88' title='bbox 336 926 453 958; x_wconf 73' lang='lat' dir='ltr'>mavis</span> <span class='ocrx_word' id='word_1_89' title='bbox 474 925 603 958; x_wconf 85' lang='lat' dir='ltr'>Medic.</span> <span class='ocrx_word' id='word_1_90' title='bbox 626 937 704 959; x_wconf 92' lang='lat' dir='ltr'>cum</span> <span class='ocrx_word' id='word_1_91' title='bbox 723 926 851 959; x_wconf 89' lang='lat' dir='ltr'>Venet.</span> <span class='ocrx_word' id='word_1_92' title='bbox 872 927 978 959; x_wconf 86' lang='lat' dir='ltr'>Voss.</span> <span class='ocrx_word' id='word_1_93' title='bbox 995 938 1049 971; x_wconf 87' lang='lat' dir='ltr'>pr.</span> <span class='ocrx_word' id='word_1_94' title='bbox 1071 927 1236 960; x_wconf 73' lang='lat' dir='ltr'>Pan-has.</span> <span class='ocrx_word' id='word_1_95' title='bbox 1259 932 1296 960; x_wconf 87' lang='lat' dir='ltr'>et</span> <span class='ocrx_word' id='word_1_96' title='bbox 1315 926 1370 960; x_wconf 89' lang='lat' dir='ltr'>ed.</span> <span class='ocrx_word' id='word_1_97' title='bbox 1389 928 1480 961; x_wconf 88' lang='lat' dir='ltr'>Ven.</span> <span class='ocrx_word' id='word_1_98' title='bbox 1502 932 1579 960; x_wconf 89' lang='lat' dir='ltr'>tres</span> <span class='ocrx_word' id='word_1_99' title='bbox 1599 925 1694 971; x_wconf 89' lang='lat' dir='ltr'>apud</span> 
     </span>
     <span class='ocr_line' id='line_1_12' title="bbox 167 972 1692 1019; baseline 0 -13"><span class='ocrx_word' id='word_1_100' title='bbox 167 973 308 1006; x_wconf 82' lang='lat' dir='ltr'>Martin.</span> <span class='ocrx_word' id='word_1_101' title='bbox 328 984 404 1005; x_wconf 89' lang='lat' dir='ltr'>cum</span> <span class='ocrx_word' id='word_1_102' title='bbox 422 972 502 1006; x_wconf 85' lang='lat' dir='ltr'>edd.</span> <span class='ocrx_word' id='word_1_103' title='bbox 523 978 608 1006; x_wconf 86' lang='lat' dir='ltr'>vett.</span> <span class='ocrx_word' id='word_1_104' title='bbox 657 974 789 1006; x_wconf 75' lang='lat' dir='ltr'>macris</span> <span class='ocrx_word' id='word_1_105' title='bbox 807 973 974 1006; x_wconf 87' lang='lat' dir='ltr'>Rottend.</span> <span class='ocrx_word' id='word_1_106' title='bbox 997 974 1097 1008; x_wconf 87' lang='lat' dir='ltr'>alter.</span> <span class='ocrx_word' id='word_1_107' title='bbox 1147 975 1258 1008; x_wconf 75' lang='lat' dir='ltr'>navis</span> <span class='ocrx_word' id='word_1_108' title='bbox 1278 974 1387 1008; x_wconf 87' lang='lat' dir='ltr'>Goth.</span> <span class='ocrx_word' id='word_1_109' title='bbox 1407 986 1461 1019; x_wconf 87' lang='lat' dir='ltr'>pr.</span> <span class='ocrx_word' id='word_1_110' title='bbox 1488 974 1620 1019; x_wconf 80' lang='lat' dir='ltr'>(mavis</span> <span class='ocrx_word' id='word_1_111' title='bbox 1637 973 1692 1006; x_wconf 88' lang='lat' dir='ltr'>bis</span> 
     </span>
     <span class='ocr_line' id='line_1_13' title="bbox 165 1019 1692 1067; baseline 0.001 -14"><span class='ocrx_word' id='word_1_112' title='bbox 165 1022 261 1053; x_wconf 89' lang='lat' dir='ltr'>Serv.</span> <span class='ocrx_word' id='word_1_113' title='bbox 291 1019 431 1061; x_wconf 88' lang='lat' dir='ltr'>Dresd.,</span> <span class='ocrx_word' id='word_1_114' title='bbox 467 1020 589 1053; x_wconf 88' lang='lat' dir='ltr'>addita</span> <span class='ocrx_word' id='word_1_115' title='bbox 622 1020 729 1053; x_wconf 87' lang='lat' dir='ltr'>etiam</span> <span class='ocrx_word' id='word_1_116' title='bbox 756 1019 1071 1064; x_wconf 82' lang='lat' dir='ltr'>interpretatione:</span> <span class='ocrx_word' id='word_1_117' title='bbox 1112 1023 1232 1067; x_wconf 76' lang='lat' dir='ltr'>magis</span> <span class='ocrx_word' id='word_1_118' title='bbox 1261 1022 1367 1055; x_wconf 73' lang='lat' dir='ltr'>velis.</span> <span class='ocrx_word' id='word_1_119' title='bbox 1424 1023 1452 1055; x_wconf 84' lang='lat' dir='ltr'><strong>E</strong></span> <span class='ocrx_word' id='word_1_120' title='bbox 1485 1022 1564 1056; x_wconf 88' lang='lat' dir='ltr'>cod.</span> <span class='ocrx_word' id='word_1_121' title='bbox 1589 1023 1692 1055; x_wconf 87' lang='lat' dir='ltr'>Rom.</span> 
     </span>
     <span class='ocr_line' id='line_1_14' title="bbox 163 1066 1693 1113; baseline 0.001 -13"><span class='ocrx_word' id='word_1_122' title='bbox 163 1068 287 1100; x_wconf 78' lang='lat' dir='ltr'>mallis</span> <span class='ocrx_word' id='word_1_123' title='bbox 315 1066 473 1100; x_wconf 83' lang='lat' dir='ltr'>enotavit</span> <span class='ocrx_word' id='word_1_124' title='bbox 499 1067 700 1109; x_wconf 90' lang='lat' dir='ltr'>Bottarius‚</span> <span class='ocrx_word' id='word_1_125' title='bbox 736 1068 831 1113; x_wconf 86' lang='lat' dir='ltr'>quod</span> <span class='ocrx_word' id='word_1_126' title='bbox 852 1067 967 1113; x_wconf 88' lang='lat' dir='ltr'>ipsum</span> <span class='ocrx_word' id='word_1_127' title='bbox 994 1081 1013 1101; x_wconf 89' lang='lat' dir='ltr'>e</span> <span class='ocrx_word' id='word_1_128' title='bbox 1042 1069 1150 1102; x_wconf 88' lang='lat' dir='ltr'>ductu</span> <span class='ocrx_word' id='word_1_129' title='bbox 1173 1069 1301 1102; x_wconf 88' lang='lat' dir='ltr'>literae</span> <span class='ocrx_word' id='word_1_130' title='bbox 1335 1071 1373 1103; x_wconf 90' lang='lat' dir='ltr'><em>U</em></span> <span class='ocrx_word' id='word_1_131' title='bbox 1395 1075 1511 1103; x_wconf 89' lang='lat' dir='ltr'>ortum</span> <span class='ocrx_word' id='word_1_132' title='bbox 1540 1068 1693 1110; x_wconf 85' lang='lat' dir='ltr'>videtur,</span> 
     </span>
     <span class='ocr_line' id='line_1_15' title="bbox 164 1113 1693 1162; baseline 0.001 -16"><span class='ocrx_word' id='word_1_133' title='bbox 164 1114 234 1147; x_wconf 86' lang='lat' dir='ltr'>nisi</span> <span class='ocrx_word' id='word_1_134' title='bbox 250 1115 343 1147; x_wconf 85' lang='lat' dir='ltr'>forte</span> <span class='ocrx_word' id='word_1_135' title='bbox 363 1114 400 1146; x_wconf 84' lang='lat' dir='ltr'>in</span> <span class='ocrx_word' id='word_1_136' title='bbox 418 1113 499 1159; x_wconf 88' lang='lat' dir='ltr'>ipso</span> <span class='ocrx_word' id='word_1_137' title='bbox 515 1115 594 1148; x_wconf 88' lang='lat' dir='ltr'>cod.</span> <span class='ocrx_word' id='word_1_138' title='bbox 606 1114 673 1149; x_wconf 86' lang='lat' dir='ltr'>fuit</span> <span class='ocrx_word' id='word_1_139' title='bbox 689 1117 733 1158; x_wconf 88' lang='lat' dir='ltr'>U,</span> <span class='ocrx_word' id='word_1_140' title='bbox 752 1121 788 1148; x_wconf 89' lang='lat' dir='ltr'>et</span> <span class='ocrx_word' id='word_1_141' title='bbox 798 1115 846 1157; x_wconf 89' lang='lat' dir='ltr'>id,</span> <span class='ocrx_word' id='word_1_142' title='bbox 874 1116 969 1161; x_wconf 88' lang='lat' dir='ltr'>quod</span> <span class='ocrx_word' id='word_1_143' title='bbox 986 1116 1179 1161; x_wconf 82' lang='lat' dir='ltr'>scripserat</span> <span class='ocrx_word' id='word_1_144' title='bbox 1191 1116 1380 1159; x_wconf 64' lang='lat' dir='ltr'>nonarius,</span> <span class='ocrx_word' id='word_1_145' title='bbox 1403 1127 1471 1162; x_wconf 86' lang='lat' dir='ltr'>per</span> <span class='ocrx_word' id='word_1_146' title='bbox 1481 1116 1693 1162; x_wconf 81' lang='lat' dir='ltr'>typothetae</span> 
     </span>
     <span class='ocr_line' id='line_1_16' title="bbox 166 1163 1694 1209; baseline 0.001 -15"><span class='ocrx_word' id='word_1_147' title='bbox 166 1173 323 1195; x_wconf 90' lang='lat' dir='ltr'>errorem</span> <span class='ocrx_word' id='word_1_148' title='bbox 342 1169 547 1207; x_wconf 89' lang='lat' dir='ltr'>corruptum</span> <span class='ocrx_word' id='word_1_149' title='bbox 564 1168 628 1195; x_wconf 90' lang='lat' dir='ltr'>est.</span> <span class='ocrx_word' id='word_1_150' title='bbox 677 1163 724 1197; x_wconf 86' lang='lat' dir='ltr'>Et</span> <span class='ocrx_word' id='word_1_151' title='bbox 745 1163 900 1207; x_wconf 85' lang='lat' dir='ltr'>quamvis</span> <span class='ocrx_word' id='word_1_152' title='bbox 919 1174 976 1196; x_wconf 89' lang='lat' dir='ltr'>res</span> <span class='ocrx_word' id='word_1_153' title='bbox 997 1163 1074 1209; x_wconf 89' lang='lat' dir='ltr'>ipsa</span> <span class='ocrx_word' id='word_1_154' title='bbox 1106 1171 1141 1197; x_wconf 89' lang='lat' dir='ltr'>et</span> <span class='ocrx_word' id='word_1_155' title='bbox 1158 1163 1303 1208; x_wconf 88' lang='lat' dir='ltr'>regulae</span> <span class='ocrx_word' id='word_1_156' title='bbox 1328 1164 1577 1209; x_wconf 81' lang='lat' dir='ltr'>grammaticae</span> <span class='ocrx_word' id='word_1_157' title='bbox 1595 1164 1694 1197; x_wconf 88' lang='lat' dir='ltr'>Con-</span> 
     </span>
     <span class='ocr_line' id='line_1_17' title="bbox 165 1208 1693 1257; baseline 0.001 -16"><span class='ocrx_word' id='word_1_158' title='bbox 165 1208 354 1242; x_wconf 89' lang='lat' dir='ltr'>iunctivum</span> <span class='ocrx_word' id='word_1_159' title='bbox 384 1208 546 1254; x_wconf 82' lang='lat' dir='ltr'>flagitare</span> <span class='ocrx_word' id='word_1_160' title='bbox 575 1209 782 1252; x_wconf 85' lang='lat' dir='ltr'>videantur,</span> <span class='ocrx_word' id='word_1_161' title='bbox 816 1210 1029 1244; x_wconf 86' lang='lat' dir='ltr'>Indicativus</span> <span class='ocrx_word' id='word_1_162' title='bbox 1046 1218 1166 1245; x_wconf 88' lang='lat' dir='ltr'>tamen</span> <span class='ocrx_word' id='word_1_163' title='bbox 1186 1211 1331 1245; x_wconf 81' lang='lat' dir='ltr'>defendi</span> <span class='ocrx_word' id='word_1_164' title='bbox 1345 1212 1498 1245; x_wconf 87' lang='lat' dir='ltr'>fortasse</span> <span class='ocrx_word' id='word_1_165' title='bbox 1518 1210 1657 1257; x_wconf 85' lang='lat' dir='ltr'>poterit</span> <span class='ocrx_word' id='word_1_166' title='bbox 1674 1221 1693 1243; x_wconf 86' lang='lat' dir='ltr'>e</span> 
     </span>
    </p>
   </div>
   <div class='ocr_carea' id='block_1_4' title="bbox 165 1256 1692 1305">
    <p class='ocr_par' dir='ltr' id='par_1_5' title="bbox 165 1256 1692 1305">
     <span class='ocr_line' id='line_1_18' title="bbox 165 1256 1692 1305; baseline 0.001 -16"><span class='ocrx_word' id='word_1_167' title='bbox 165 1256 235 1290; x_wconf 87' lang='lat' dir='ltr'>Cic.</span> <span class='ocrx_word' id='word_1_168' title='bbox 256 1256 302 1289; x_wconf 85' lang='lat' dir='ltr'>de</span> <span class='ocrx_word' id='word_1_169' title='bbox 325 1258 420 1290; x_wconf 79' lang='lat' dir='ltr'>Orat.</span> <span class='ocrx_word' id='word_1_170' title='bbox 443 1258 470 1298; x_wconf 87' lang='grc' dir='ltr'>Ι,</span> <span class='ocrx_word' id='word_1_171' title='bbox 498 1258 572 1292; x_wconf 66' lang='lat'>12:</span> <span class='ocrx_word' id='word_1_172' title='bbox 611 1259 759 1300; x_wconf 86' lang='lat' dir='ltr'>„Unum</span> <span class='ocrx_word' id='word_1_173' title='bbox 794 1258 888 1292; x_wconf 90' lang='lat' dir='ltr'>erit</span> <span class='ocrx_word' id='word_1_174' title='bbox 920 1259 1106 1303; x_wconf 75' lang='lat' dir='ltr'>profecto,</span> <span class='ocrx_word' id='word_1_175' title='bbox 1141 1259 1237 1304; x_wconf 86' lang='lat' dir='ltr'>quod</span> <span class='ocrx_word' id='word_1_176' title='bbox 1266 1257 1313 1302; x_wconf 86' lang='lat' dir='ltr'>ii,</span> <span class='ocrx_word' id='word_1_177' title='bbox 1355 1258 1416 1305; x_wconf 90' lang='lat' dir='ltr'>qui</span> <span class='ocrx_word' id='word_1_178' title='bbox 1441 1259 1533 1293; x_wconf 87' lang='lat' dir='ltr'>bene</span> <span class='ocrx_word' id='word_1_179' title='bbox 1560 1258 1692 1300; x_wconf 83' lang='lat' dir='ltr'>dicunt,</span> 
     </span>
    </p>
   </div>
   <div class='ocr_carea' id='block_1_5' title="bbox 166 1304 649 1350">
    <p class='ocr_par' dir='ltr' id='par_1_6' title="bbox 166 1304 649 1350">
     <span class='ocr_line' id='line_1_19' title="bbox 166 1304 649 1350; baseline 0.004 -14"><span class='ocrx_word' id='word_1_180' title='bbox 166 1304 262 1337; x_wconf 85' lang='lat' dir='ltr'>affe</span> <span class='ocrx_word' id='word_1_181' title='bbox 272 1315 290 1336; x_wconf 91' lang='lat' dir='ltr'>r</span> <span class='ocrx_word' id='word_1_182' title='bbox 302 1310 382 1336; x_wconf 87' lang='lat' dir='ltr'>unt</span> <span class='ocrx_word' id='word_1_183' title='bbox 421 1304 616 1350; x_wconf 85' lang='lat' dir='ltr'>proprium.</span> <span class='ocrx_word' id='word_1_184' title='bbox 627 1307 649 1323; x_wconf 87' lang='lat'>“</span> 
     </span>
    </p>
   </div>
   <div class='ocr_carea' id='block_1_6' title="bbox 706 1305 1694 1352">
    <p class='ocr_par' dir='ltr' id='par_1_7' title="bbox 706 1305 1694 1352">
     <span class='ocr_line' id='line_1_20' title="bbox 706 1305 1694 1352; baseline 0.001 -15"><span class='ocrx_word' id='word_1_185' title='bbox 706 1305 889 1339; x_wconf 88' lang='lat' dir='ltr'>Ernestius</span> <span class='ocrx_word' id='word_1_186' title='bbox 917 1305 968 1339; x_wconf 92' lang='lat' dir='ltr'>ibi</span> <span class='ocrx_word' id='word_1_187' title='bbox 998 1306 1181 1352; x_wconf 78' lang='lat' dir='ltr'>afferant,</span> <span class='ocrx_word' id='word_1_188' title='bbox 1223 1306 1386 1340; x_wconf 84' lang='lat' dir='ltr'>Schuetz.</span> <span class='ocrx_word' id='word_1_189' title='bbox 1416 1306 1586 1352; x_wconf 72' lang='lat' dir='ltr'>afferent.</span> <span class='ocrx_word' id='word_1_190' title='bbox 1646 1307 1694 1339; x_wconf 79' lang='lat' dir='ltr'>At</span> 
     </span>
    </p>
   </div>
   <div class='ocr_carea' id='block_1_7' title="bbox 164 1350 1694 1447">
    <p class='ocr_par' dir='ltr' id='par_1_8' title="bbox 164 1350 1694 1447">
     <span class='ocr_line' id='line_1_21' title="bbox 164 1350 1694 1399; baseline 0.002 -16"><span class='ocrx_word' id='word_1_191' title='bbox 164 1357 284 1393; x_wconf 89' lang='lat' dir='ltr'>recte,</span> <span class='ocrx_word' id='word_1_192' title='bbox 315 1350 354 1383; x_wconf 93' lang='lat' dir='ltr'>ni</span> <span class='ocrx_word' id='word_1_193' title='bbox 371 1350 500 1395; x_wconf 82' lang='lat' dir='ltr'>fallor,</span> <span class='ocrx_word' id='word_1_194' title='bbox 539 1365 651 1386; x_wconf 82' lang='lat' dir='ltr'>anam</span> <span class='ocrx_word' id='word_1_195' title='bbox 680 1354 766 1395; x_wconf 77' lang='lat' dir='ltr'>erit,</span> <span class='ocrx_word' id='word_1_196' title='bbox 803 1353 901 1399; x_wconf 82' lang='lat' dir='ltr'>qaod</span> <span class='ocrx_word' id='word_1_197' title='bbox 922 1352 1105 1399; x_wconf 73' lang='lat' dir='ltr'>afferant,</span> <span class='ocrx_word' id='word_1_198' title='bbox 1140 1354 1236 1399; x_wconf 91' lang='lat' dir='ltr'>quod</span> <span class='ocrx_word' id='word_1_199' title='bbox 1264 1361 1317 1388; x_wconf 88' lang='lat' dir='ltr'>est</span> <span class='ocrx_word' id='word_1_200' title='bbox 1335 1354 1430 1387; x_wconf 90' lang='lat' dir='ltr'>idem</span> <span class='ocrx_word' id='word_1_201' title='bbox 1450 1359 1556 1399; x_wconf 83' lang='lat' dir='ltr'>atque</span> <span class='ocrx_word' id='word_1_202' title='bbox 1579 1365 1694 1388; x_wconf 84' lang='lat' dir='ltr'>anum</span> 
     </span>
     <span class='ocr_line' id='line_1_22' title="bbox 166 1398 1694 1447; baseline 0.002 -16"><span class='ocrx_word' id='word_1_203' title='bbox 166 1398 335 1443; x_wconf 80' lang='lat' dir='ltr'>afferent.</span> <span class='ocrx_word' id='word_1_204' title='bbox 384 1398 476 1433; x_wconf 90' lang='lat' dir='ltr'>Hinc</span> <span class='ocrx_word' id='word_1_205' title='bbox 497 1408 628 1443; x_wconf 77' lang='lat' dir='ltr'>erant,</span> <span class='ocrx_word' id='word_1_206' title='bbox 654 1412 811 1446; x_wconf 81' lang='lat' dir='ltr'>quaram</span> <span class='ocrx_word' id='word_1_207' title='bbox 838 1414 883 1434; x_wconf 84' lang='lat' dir='ltr'>m.</span> <span class='ocrx_word' id='word_1_208' title='bbox 907 1413 936 1434; x_wconf 86' lang='lat' dir='ltr'>c.</span> <span class='ocrx_word' id='word_1_209' title='bbox 965 1403 1099 1444; x_wconf 80' lang='lat' dir='ltr'>mavis,</span> <span class='ocrx_word' id='word_1_210' title='bbox 1135 1400 1249 1446; x_wconf 84' lang='lat' dir='ltr'>accipi</span> <span class='ocrx_word' id='word_1_211' title='bbox 1267 1401 1318 1435; x_wconf 89' lang='lat' dir='ltr'>sic</span> <span class='ocrx_word' id='word_1_212' title='bbox 1336 1401 1489 1447; x_wconf 85' lang='lat' dir='ltr'>poterit:</span> <span class='ocrx_word' id='word_1_213' title='bbox 1523 1413 1694 1446; x_wconf 78' lang='lat' dir='ltr'>quaran-</span> 
     </span>
    </p>
   </div>
   <div class='ocr_carea' id='block_1_8' title="bbox 164 1447 1394 1531">
    <p class='ocr_par' dir='ltr' id='par_1_9' title="bbox 164 1447 1394 1531">
     <span class='ocr_line' id='line_1_23' title="bbox 166 1447 1394 1493; baseline 0.003 -14"><span class='ocrx_word' id='word_1_214' title='bbox 166 1447 251 1479; x_wconf 87' lang='lat' dir='ltr'>dam</span> <span class='ocrx_word' id='word_1_215' title='bbox 276 1458 435 1492; x_wconf 83' lang='lat' dir='ltr'>corpora</span> <span class='ocrx_word' id='word_1_216' title='bbox 461 1448 601 1480; x_wconf 74' lang='lat' dir='ltr'>mutari</span> <span class='ocrx_word' id='word_1_217' title='bbox 626 1447 753 1480; x_wconf 78' lang='lat' dir='ltr'>males.</span> <span class='ocrx_word' id='word_1_218' title='bbox 803 1447 949 1481; x_wconf 85' lang='lat' dir='ltr'>Interim</span> <span class='ocrx_word' id='word_1_219' title='bbox 976 1448 1085 1482; x_wconf 77' lang='lat' dir='ltr'>malis</span> <span class='ocrx_word' id='word_1_220' title='bbox 1111 1448 1256 1483; x_wconf 85' lang='lat' dir='ltr'>servavi.</span> <span class='ocrx_word' id='word_1_221' title='bbox 1297 1448 1394 1493; x_wconf 72' lang='lat' dir='ltr'>Wr.)</span> 
     </span>
     <span class='ocr_line' id='line_1_24' title="bbox 164 1493 1146 1531; baseline 0.005 -6"><span class='ocrx_word' id='word_1_222' title='bbox 164 1493 335 1526; x_wconf 84' lang='lat' dir='ltr'>Rottend.</span> <span class='ocrx_word' id='word_1_223' title='bbox 357 1505 427 1527; x_wconf 90' lang='lat' dir='ltr'>sec.</span> <span class='ocrx_word' id='word_1_224' title='bbox 479 1494 642 1528; x_wconf 78' lang='lat' dir='ltr'>admissa</span> <span class='ocrx_word' id='word_1_225' title='bbox 660 1494 791 1529; x_wconf 87' lang='lat' dir='ltr'>Medic.</span> <span class='ocrx_word' id='word_1_226' title='bbox 841 1496 1033 1530; x_wconf 76' lang='lat' dir='ltr'>commissa</span> <span class='ocrx_word' id='word_1_227' title='bbox 1053 1497 1146 1531; x_wconf 75' lang='lat' dir='ltr'>Ven-</span> 
     </span>
    </p>
   </div>
   <div class='ocr_carea' id='block_1_9' title="bbox 166 1539 491 1575">
    <p class='ocr_par' dir='ltr' id='par_1_10' title="bbox 166 1539 491 1575">
     <span class='ocr_line' id='line_1_25' title="bbox 166 1539 491 1575; baseline 0.006 -2"><span class='ocrx_word' id='word_1_228' title='bbox 166 1545 204 1573; x_wconf 84' lang='lat' dir='ltr'>et</span> <span class='ocrx_word' id='word_1_229' title='bbox 223 1539 353 1574; x_wconf 87' lang='lat' dir='ltr'>Medic.</span> <span class='ocrx_word' id='word_1_230' title='bbox 371 1540 491 1575; x_wconf 84' lang='lat' dir='ltr'>Pierii.</span> 
     </span>
    </p>
   </div>
   <div class='ocr_carea' id='block_1_10' title="bbox 150 1646 902 3046">
    <p class='ocr_par' dir='ltr' id='par_1_11' title="bbox 164 1646 902 1991">
     <span class='ocr_line' id='line_1_26' title="bbox 167 1646 896 1698; baseline 0.001 -12"><span class='ocrx_word' id='word_1_231' title='bbox 167 1648 257 1686; x_wconf 87' lang='lat' dir='ltr'>cito.</span> <span class='ocrx_word' id='word_1_232' title='bbox 317 1646 373 1686; x_wconf 88' lang='lat' dir='ltr'>Ut</span> <span class='ocrx_word' id='word_1_233' title='bbox 415 1647 498 1687; x_wconf 89' lang='lat' dir='ltr'>sint</span> <span class='ocrx_word' id='word_1_234' title='bbox 534 1649 681 1688; x_wconf 77' lang='lat' dir='ltr'>aetatis</span> <span class='ocrx_word' id='word_1_235' title='bbox 722 1648 896 1698; x_wconf 80' lang='lat' dir='ltr'>mediae,</span> 
     </span>
     <span class='ocr_line' id='line_1_27' title="bbox 165 1706 897 1758; baseline 0.001 -14"><span class='ocrx_word' id='word_1_236' title='bbox 165 1706 303 1758; x_wconf 78' lang='lat' dir='ltr'>magis</span> <span class='ocrx_word' id='word_1_237' title='bbox 322 1720 426 1758; x_wconf 78' lang='lat' dir='ltr'>qaae</span> <span class='ocrx_word' id='word_1_238' title='bbox 449 1708 652 1746; x_wconf 62' lang='lat' dir='ltr'>iuventute</span> <span class='ocrx_word' id='word_1_239' title='bbox 672 1709 805 1746; x_wconf 84' lang='lat' dir='ltr'>minor</span> <span class='ocrx_word' id='word_1_240' title='bbox 825 1716 897 1756; x_wconf 85' lang='lat' dir='ltr'>est,</span> 
     </span>
     <span class='ocr_line' id='line_1_28' title="bbox 165 1764 902 1817; baseline 0.001 -15"><span class='ocrx_word' id='word_1_241' title='bbox 165 1778 291 1817; x_wconf 81' lang='lat' dir='ltr'>qaam</span> <span class='ocrx_word' id='word_1_242' title='bbox 324 1778 429 1817; x_wconf 82' lang='lat' dir='ltr'>quae</span> <span class='ocrx_word' id='word_1_243' title='bbox 462 1764 632 1803; x_wconf 67' lang='lat' dir='ltr'>declinet</span> <span class='ocrx_word' id='word_1_244' title='bbox 671 1768 715 1804; x_wconf 84' lang='lat' dir='ltr'>in</span> <span class='ocrx_word' id='word_1_245' title='bbox 745 1767 902 1804; x_wconf 79' lang='lat' dir='ltr'>senium</span> 
     </span>
     <span class='ocr_line' id='line_1_29' title="bbox 164 1821 902 1872; baseline 0.001 -11"><span class='ocrx_word' id='word_1_246' title='bbox 164 1821 317 1861; x_wconf 85' lang='lat' dir='ltr'>Pallad.</span> <span class='ocrx_word' id='word_1_247' title='bbox 335 1822 402 1871; x_wconf 89' lang='lat' dir='ltr'>IV,</span> <span class='ocrx_word' id='word_1_248' title='bbox 423 1824 491 1872; x_wconf 84' lang='lat'>11,</span> <span class='ocrx_word' id='word_1_249' title='bbox 512 1821 551 1864; x_wconf 81' lang='grc'>4.</span> <span class='ocrx_word' id='word_1_250' title='bbox 605 1823 672 1866; x_wconf 89' lang='grc'>65.</span> <span class='ocrx_word' id='word_1_251' title='bbox 702 1824 902 1863; x_wconf 87' lang='lat' dir='ltr'>inlocum</span> 
     </span>
     <span class='ocr_line' id='line_1_30' title="bbox 164 1879 901 1933; baseline 0.004 -15"><span class='ocrx_word' id='word_1_252' title='bbox 164 1879 291 1919; x_wconf 90' lang='lat' dir='ltr'>boum</span> <span class='ocrx_word' id='word_1_253' title='bbox 309 1879 592 1920; x_wconf 86' lang='lat' dir='ltr'>decedentium</span> <span class='ocrx_word' id='word_1_254' title='bbox 609 1882 820 1933; x_wconf 85' lang='lat' dir='ltr'>substitue,</span> <span class='ocrx_word' id='word_1_255' title='bbox 839 1883 901 1921; x_wconf 88' lang='lat' dir='ltr'>sac</span> 
     </span>
     <span class='ocr_line' id='line_1_31' title="bbox 164 1938 506 1991; baseline 0.006 -15"><span class='ocrx_word' id='word_1_256' title='bbox 164 1938 365 1991; x_wconf 84' lang='lat' dir='ltr'>generari,</span> <span class='ocrx_word' id='word_1_257' title='bbox 397 1938 506 1978; x_wconf 85' lang='lat' dir='ltr'>alios.</span> 
     </span>
    </p>

    <p class='ocr_par' dir='ltr' id='par_1_12' title="bbox 164 1996 902 2869">
     <span class='ocr_line' id='line_1_32' title="bbox 224 1996 896 2050; baseline 0 -13"><span class='ocrx_word' id='word_1_258' title='bbox 224 1999 294 2039; x_wconf 87' lang='lat'>66.</span> <span class='ocrx_word' id='word_1_259' title='bbox 331 1996 498 2050; x_wconf 78' lang='lat' dir='ltr'>Optima</span> <span class='ocrx_word' id='word_1_260' title='bbox 516 1997 626 2047; x_wconf 78' lang='lat' dir='ltr'>dies,</span> <span class='ocrx_word' id='word_1_261' title='bbox 659 2004 709 2037; x_wconf 84' lang='lat' dir='ltr'>ut</span> <span class='ocrx_word' id='word_1_262' title='bbox 726 2000 896 2050; x_wconf 79' lang='lat' dir='ltr'>optima,</span> 
     </span>
     <span class='ocr_line' id='line_1_33' title="bbox 166 2054 901 2106; baseline 0.005 -14"><span class='ocrx_word' id='word_1_263' title='bbox 166 2055 329 2105; x_wconf 83' lang='lat' dir='ltr'>melior,</span> <span class='ocrx_word' id='word_1_264' title='bbox 372 2054 478 2093; x_wconf 81' lang='lat' dir='ltr'>bona</span> <span class='ocrx_word' id='word_1_265' title='bbox 504 2064 643 2106; x_wconf 81' lang='lat' dir='ltr'>aetas,</span> <span class='ocrx_word' id='word_1_266' title='bbox 675 2056 725 2095; x_wconf 89' lang='lat' dir='ltr'>de</span> <span class='ocrx_word' id='word_1_267' title='bbox 752 2058 901 2096; x_wconf 90' lang='lat' dir='ltr'>iuven-</span> 
     </span>
     <span class='ocr_line' id='line_1_34' title="bbox 165 2113 902 2166; baseline 0.004 -15"><span class='ocrx_word' id='word_1_268' title='bbox 165 2119 277 2163; x_wconf 87' lang='lat' dir='ltr'>tute;</span> <span class='ocrx_word' id='word_1_269' title='bbox 325 2113 429 2166; x_wconf 84' lang='lat' dir='ltr'>sugit</span> <span class='ocrx_word' id='word_1_270' title='bbox 464 2126 510 2152; x_wconf 89' lang='lat' dir='ltr'>ea</span> <span class='ocrx_word' id='word_1_271' title='bbox 540 2116 706 2166; x_wconf 82' lang='lat' dir='ltr'>prima,</span> <span class='ocrx_word' id='word_1_272' title='bbox 751 2115 902 2154; x_wconf 85' lang='lat' dir='ltr'>transit</span> 
     </span>
     <span class='ocr_line' id='line_1_35' title="bbox 164 2170 899 2226; baseline 0.004 -17"><span class='ocrx_word' id='word_1_273' title='bbox 164 2171 342 2224; x_wconf 90' lang='lat' dir='ltr'>primum</span> <span class='ocrx_word' id='word_1_274' title='bbox 358 2202 368 2221; x_wconf 91' lang='lat'>,</span> <span class='ocrx_word' id='word_1_275' title='bbox 411 2177 622 2224; x_wconf 83' lang='lat' dir='ltr'>tamquam</span> <span class='ocrx_word' id='word_1_276' title='bbox 639 2173 772 2226; x_wconf 86' lang='lat' dir='ltr'>prima</span> <span class='ocrx_word' id='word_1_277' title='bbox 792 2170 899 2214; x_wconf 82' lang='lat' dir='ltr'>vitae</span> 
     </span>
     <span class='ocr_line' id='line_1_36' title="bbox 164 2231 898 2282; baseline 0.007 -15"><span class='ocrx_word' id='word_1_278' title='bbox 164 2243 279 2282; x_wconf 87' lang='lat' dir='ltr'>pars;</span> <span class='ocrx_word' id='word_1_279' title='bbox 317 2231 500 2269; x_wconf 89' lang='lat' dir='ltr'>succedit</span> <span class='ocrx_word' id='word_1_280' title='bbox 521 2238 704 2271; x_wconf 89' lang='lat' dir='ltr'>senectus</span> <span class='ocrx_word' id='word_1_281' title='bbox 724 2232 898 2272; x_wconf 84' lang='lat' dir='ltr'>infirma.</span> 
     </span>
     <span class='ocr_line' id='line_1_37' title="bbox 165 2287 900 2331; baseline 0.005 -6"><span class='ocrx_word' id='word_1_282' title='bbox 165 2287 228 2326; x_wconf 91' lang='lat' dir='ltr'>Ab</span> <span class='ocrx_word' id='word_1_283' title='bbox 259 2289 447 2327; x_wconf 89' lang='lat' dir='ltr'>armentis</span> <span class='ocrx_word' id='word_1_284' title='bbox 470 2289 524 2328; x_wconf 82' lang='lat' dir='ltr'>ad</span> <span class='ocrx_word' id='word_1_285' title='bbox 546 2290 730 2329; x_wconf 87' lang='lat' dir='ltr'>homines</span> <span class='ocrx_word' id='word_1_286' title='bbox 756 2292 900 2331; x_wconf 88' lang='lat' dir='ltr'>retulit</span> 
     </span>
     <span class='ocr_line' id='line_1_38' title="bbox 164 2345 899 2389; baseline 0.007 -5"><span class='ocrx_word' id='word_1_287' title='bbox 164 2345 332 2385; x_wconf 87' lang='lat' dir='ltr'>brevem</span> <span class='ocrx_word' id='word_1_288' title='bbox 361 2360 407 2385; x_wconf 83' lang='lat' dir='ltr'>ac</span> <span class='ocrx_word' id='word_1_289' title='bbox 427 2347 584 2388; x_wconf 81' lang='lat' dir='ltr'>fluxam</span> <span class='ocrx_word' id='word_1_290' title='bbox 614 2349 722 2389; x_wconf 86' lang='lat' dir='ltr'>vitae</span> <span class='ocrx_word' id='word_1_291' title='bbox 754 2349 899 2389; x_wconf 88' lang='lat' dir='ltr'>condi-</span> 
     </span>
     <span class='ocr_line' id='line_1_39' title="bbox 165 2403 900 2457; baseline 0.008 -15"><span class='ocrx_word' id='word_1_292' title='bbox 165 2403 332 2443; x_wconf 84' lang='lat' dir='ltr'>tionem.</span> <span class='ocrx_word' id='word_1_293' title='bbox 390 2405 525 2457; x_wconf 81' lang='lat' dir='ltr'>Dicas,</span> <span class='ocrx_word' id='word_1_294' title='bbox 563 2422 648 2447; x_wconf 89' lang='lat' dir='ltr'>non</span> <span class='ocrx_word' id='word_1_295' title='bbox 681 2408 775 2447; x_wconf 86' lang='lat' dir='ltr'>satis</span> <span class='ocrx_word' id='word_1_296' title='bbox 805 2422 900 2447; x_wconf 91' lang='lat' dir='ltr'>cum</span> 
     </span>
     <span class='ocr_line' id='line_1_40' title="bbox 167 2462 899 2506; baseline 0.008 -6"><span class='ocrx_word' id='word_1_297' title='bbox 167 2462 309 2501; x_wconf 86' lang='lat' dir='ltr'>ceteris</span> <span class='ocrx_word' id='word_1_298' title='bbox 336 2462 515 2502; x_wconf 86' lang='lat' dir='ltr'>vinctam</span> <span class='ocrx_word' id='word_1_299' title='bbox 541 2471 583 2504; x_wconf 87' lang='lat' dir='ltr'>et</span> <span class='ocrx_word' id='word_1_300' title='bbox 609 2466 793 2506; x_wconf 74' lang='lat' dir='ltr'>iunctam</span> <span class='ocrx_word' id='word_1_301' title='bbox 816 2480 899 2506; x_wconf 89' lang='lat' dir='ltr'>esse</span> 
     </span>
     <span class='ocr_line' id='line_1_41' title="bbox 166 2521 901 2577; baseline 0.011 -20"><span class='ocrx_word' id='word_1_302' title='bbox 166 2521 432 2572; x_wconf 73' lang='lat' dir='ltr'>sententiam,</span> <span class='ocrx_word' id='word_1_303' title='bbox 476 2522 520 2560; x_wconf 89' lang='lat' dir='ltr'>id</span> <span class='ocrx_word' id='word_1_304' title='bbox 554 2525 719 2575; x_wconf 87' lang='lat' dir='ltr'>quidem</span> <span class='ocrx_word' id='word_1_305' title='bbox 747 2526 901 2577; x_wconf 82' lang='lat' dir='ltr'>fateor3</span> 
     </span>
     <span class='ocr_line' id='line_1_42' title="bbox 165 2578 902 2634; baseline 0.009 -18"><span class='ocrx_word' id='word_1_306' title='bbox 165 2578 376 2621; x_wconf 85' lang='lat' dir='ltr'>fatendum</span> <span class='ocrx_word' id='word_1_307' title='bbox 394 2585 531 2619; x_wconf 78' lang='lat' dir='ltr'>tamen</span> <span class='ocrx_word' id='word_1_308' title='bbox 549 2588 588 2620; x_wconf 87' lang='lat' dir='ltr'>et</span> <span class='ocrx_word' id='word_1_309' title='bbox 605 2582 704 2634; x_wconf 87' lang='lat' dir='ltr'>hoc,</span> <span class='ocrx_word' id='word_1_310' title='bbox 737 2590 902 2622; x_wconf 90' lang='lat' dir='ltr'>senten-</span> 
     </span>
     <span class='ocr_line' id='line_1_43' title="bbox 165 2636 901 2691; baseline 0.01 -17"><span class='ocrx_word' id='word_1_311' title='bbox 165 2636 247 2675; x_wconf 86' lang='lat' dir='ltr'>tiae</span> <span class='ocrx_word' id='word_1_312' title='bbox 279 2636 370 2689; x_wconf 89' lang='lat' dir='ltr'>plus</span> <span class='ocrx_word' id='word_1_313' title='bbox 408 2638 609 2691; x_wconf 84' lang='lat' dir='ltr'>dignitatis</span> <span class='ocrx_word' id='word_1_314' title='bbox 651 2654 703 2680; x_wconf 86' lang='lat' dir='ltr'>ex</span> <span class='ocrx_word' id='word_1_315' title='bbox 736 2641 816 2681; x_wconf 88' lang='lat' dir='ltr'>hac</span> <span class='ocrx_word' id='word_1_316' title='bbox 848 2643 901 2681; x_wconf 87' lang='lat' dir='ltr'>ad</span> 
     </span>
     <span class='ocr_line' id='line_1_44' title="bbox 165 2695 899 2740; baseline 0.011 -8"><span class='ocrx_word' id='word_1_317' title='bbox 165 2695 357 2734; x_wconf 86' lang='lat' dir='ltr'>mortales</span> <span class='ocrx_word' id='word_1_318' title='bbox 385 2698 652 2738; x_wconf 83' lang='lat' dir='ltr'>translatione</span> <span class='ocrx_word' id='word_1_319' title='bbox 681 2701 899 2740; x_wconf 84' lang='lat' dir='ltr'>accessisse.</span> 
     </span>
     <span class='ocr_line' id='line_1_45' title="bbox 166 2753 900 2812; baseline 0.01 -21"><span class='ocrx_word' id='word_1_320' title='bbox 166 2753 473 2794; x_wconf 83' lang='lat' dir='ltr'>commentatur</span> <span class='ocrx_word' id='word_1_321' title='bbox 488 2756 532 2794; x_wconf 91' lang='lat' dir='ltr'>in</span> <span class='ocrx_word' id='word_1_322' title='bbox 550 2756 591 2796; x_wconf 87' lang='lat' dir='ltr'>h.</span> <span class='ocrx_word' id='word_1_323' title='bbox 608 2758 634 2796; x_wconf 92' lang='lat' dir='ltr'>l.</span> <span class='ocrx_word' id='word_1_324' title='bbox 660 2759 810 2797; x_wconf 86' lang='lat' dir='ltr'>Seneca</span> <span class='ocrx_word' id='word_1_325' title='bbox 826 2760 900 2812; x_wconf 93' lang='lat' dir='ltr'>Ep.</span> 
     </span>
     <span class='ocr_line' id='line_1_46' title="bbox 167 2809 616 2869; baseline 0.009 -19"><span class='ocrx_word' id='word_1_326' title='bbox 167 2811 209 2851; x_wconf 91' lang='lat' dir='ltr'>C.</span> <span class='ocrx_word' id='word_1_327' title='bbox 233 2809 288 2865; x_wconf 92' lang='lat' dir='ltr'>(p.</span> <span class='ocrx_word' id='word_1_328' title='bbox 310 2812 392 2855; x_wconf 88' lang='grc'>765</span> <span class='ocrx_word' id='word_1_329' title='bbox 412 2813 474 2853; x_wconf 81' lang='lat' dir='ltr'>ed.</span> <span class='ocrx_word' id='word_1_330' title='bbox 492 2814 616 2869; x_wconf 84' lang='lat' dir='ltr'>Lips.)</span> 
     </span>
    </p>

    <p class='ocr_par' dir='ltr' id='par_1_13' title="bbox 150 2870 900 3046">
     <span class='ocr_line' id='line_1_47' title="bbox 226 2870 900 2924; baseline 0.007 -15"><span class='ocrx_word' id='word_1_331' title='bbox 226 2873 293 2913; x_wconf 88' lang='lat'>69.</span> <span class='ocrx_word' id='word_1_332' title='bbox 324 2870 454 2911; x_wconf 85' lang='lat' dir='ltr'>Varro</span> <span class='ocrx_word' id='word_1_333' title='bbox 467 2873 515 2912; x_wconf 91' lang='lat' dir='ltr'>R.</span> <span class='ocrx_word' id='word_1_334' title='bbox 533 2873 694 2924; x_wconf 81' lang='lat' dir='ltr'>R.11‚5,</span> <span class='ocrx_word' id='word_1_335' title='bbox 722 2877 776 2917; x_wconf 89' lang='lat'>17</span> <span class='ocrx_word' id='word_1_336' title='bbox 796 2877 900 2914; x_wconf 82' lang='lat' dir='ltr'>Item</span> 
     </span>
     <span class='ocr_line' id='line_1_48' title="bbox 168 2926 898 2987; baseline 0.008 -21"><span class='ocrx_word' id='word_1_337' title='bbox 168 2926 238 2981; x_wconf 87' lang='lat' dir='ltr'>(de</span> <span class='ocrx_word' id='word_1_338' title='bbox 257 2928 387 2968; x_wconf 92' lang='lat' dir='ltr'>bobus</span> <span class='ocrx_word' id='word_1_339' title='bbox 409 2930 567 2987; x_wconf 85' lang='lat' dir='ltr'>agebat)</span> <span class='ocrx_word' id='word_1_340' title='bbox 592 2941 637 2971; x_wconf 81' lang='lat' dir='ltr'>ut</span> <span class='ocrx_word' id='word_1_341' title='bbox 663 2935 705 2971; x_wconf 80' lang='lat' dir='ltr'>in</span> <span class='ocrx_word' id='word_1_342' title='bbox 734 2934 898 2987; x_wconf 78' lang='lat' dir='ltr'>reliquis</span> 
     </span>
     <span class='ocr_line' id='line_1_49' title="bbox 150 2986 898 3046; baseline 0.009 -22"><span class='ocrx_word' id='word_1_343' title='bbox 150 2999 155 3006; x_wconf 92' lang='lat'><strong>·</strong></span> <span class='ocrx_word' id='word_1_344' title='bbox 163 2986 359 3039; x_wconf 67' lang='lat' dir='ltr'>gregibus</span> <span class='ocrx_word' id='word_1_345' title='bbox 360 2992 573 3040; x_wconf 70' lang='lat' dir='ltr'>pecuariis</span> <span class='ocrx_word' id='word_1_346' title='bbox 588 2991 764 3031; x_wconf 71' lang='lat' dir='ltr'>delectas</span> <span class='ocrx_word' id='word_1_347' title='bbox 778 3001 898 3046; x_wconf 79' lang='lat' dir='ltr'>quot-</span> 
     </span>
    </p>
   </div>
   <div class='ocr_carea' id='block_1_11' title="bbox 1241 1449 1695 1540">
    <p class='ocr_par' dir='ltr' id='par_1_14' title="bbox 1241 1449 1695 1540">
     <span class='ocr_line' id='line_1_50' title="bbox 1497 1449 1695 1484; baseline -0.02 0"><span class='ocrx_word' id='word_1_348' title='bbox 1497 1449 1545 1484; x_wconf 90' lang='grc'>70</span> <span class='ocrx_word' id='word_1_349' title='bbox 1570 1460 1620 1482; x_wconf 89' lang='lat' dir='ltr'>an</span> <span class='ocrx_word' id='word_1_350' title='bbox 1647 1460 1695 1481; x_wconf 86' lang='lat' dir='ltr'>ne</span> 
     </span>
     <span class='ocr_line' id='line_1_51' title="bbox 1241 1495 1692 1540; baseline -0.009 -8"><span class='ocrx_word' id='word_1_351' title='bbox 1241 1497 1286 1532; x_wconf 90' lang='grc'>71</span> <span class='ocrx_word' id='word_1_352' title='bbox 1314 1505 1351 1531; x_wconf 79' lang='lat' dir='ltr'>et</span> <span class='ocrx_word' id='word_1_353' title='bbox 1369 1496 1471 1531; x_wconf 87' lang='lat' dir='ltr'>abest</span> <span class='ocrx_word' id='word_1_354' title='bbox 1489 1507 1510 1529; x_wconf 89' lang='lat' dir='ltr'>a</span> <span class='ocrx_word' id='word_1_355' title='bbox 1528 1495 1692 1540; x_wconf 87' lang='lat' dir='ltr'>Longob.</span> 
     </span>
    </p>
   </div>
   <div class='ocr_carea' id='block_1_12' title="bbox 954 1649 1717 3038">
    <p class='ocr_par' dir='ltr' id='par_1_15' title="bbox 954 1649 1717 3038">
     <span class='ocr_line' id='line_1_52' title="bbox 960 1649 1694 1701; baseline 0 -12"><span class='ocrx_word' id='word_1_356' title='bbox 960 1652 1080 1689; x_wconf 81' lang='lat' dir='ltr'>annis</span> <span class='ocrx_word' id='word_1_357' title='bbox 1108 1649 1318 1690; x_wconf 77' lang='lat' dir='ltr'>habendus</span> <span class='ocrx_word' id='word_1_358' title='bbox 1331 1680 1343 1701; x_wconf 83' lang='lat'>‚</span> <span class='ocrx_word' id='word_1_359' title='bbox 1385 1651 1578 1691; x_wconf 75' lang='lat' dir='ltr'>reiieulae</span> <span class='ocrx_word' id='word_1_360' title='bbox 1597 1652 1694 1690; x_wconf 82' lang='lat' dir='ltr'>reii—</span> 
     </span>
     <span class='ocr_line' id='line_1_53' title="bbox 959 1709 1695 1762; baseline -0.001 -14"><span class='ocrx_word' id='word_1_361' title='bbox 959 1709 1132 1748; x_wconf 82' lang='lat' dir='ltr'>ciundae</span> <span class='ocrx_word' id='word_1_362' title='bbox 1146 1740 1158 1760; x_wconf 86' lang='lat'><em>‚</em></span> <span class='ocrx_word' id='word_1_363' title='bbox 1196 1709 1307 1762; x_wconf 79' lang='lat' dir='ltr'>quod</span> <span class='ocrx_word' id='word_1_364' title='bbox 1334 1710 1469 1749; x_wconf 83' lang='lat' dir='ltr'>locum</span> <span class='ocrx_word' id='word_1_365' title='bbox 1494 1717 1695 1762; x_wconf 74' lang='lat' dir='ltr'>occupant</span> 
     </span>
     <span class='ocr_line' id='line_1_54' title="bbox 959 1768 1694 1820; baseline 0.001 -14"><span class='ocrx_word' id='word_1_366' title='bbox 959 1782 1120 1817; x_wconf 83' lang='lat' dir='ltr'>earum,</span> <span class='ocrx_word' id='word_1_367' title='bbox 1161 1783 1265 1820; x_wconf 78' lang='lat' dir='ltr'>quae</span> <span class='ocrx_word' id='word_1_368' title='bbox 1276 1768 1391 1819; x_wconf 72' lang='lat' dir='ltr'>serre</span> <span class='ocrx_word' id='word_1_369' title='bbox 1411 1768 1694 1820; x_wconf 79' lang='lat' dir='ltr'>possuntsm-</span> 
     </span>
     <span class='ocr_line' id='line_1_55' title="bbox 957 1826 1694 1877; baseline 0.001 -13"><span class='ocrx_word' id='word_1_370' title='bbox 957 1834 1056 1865; x_wconf 77' lang='lat' dir='ltr'>ctus.</span> <span class='ocrx_word' id='word_1_371' title='bbox 1086 1826 1240 1865; x_wconf 88' lang='lat' dir='ltr'>Colum.</span> <span class='ocrx_word' id='word_1_372' title='bbox 1265 1826 1339 1876; x_wconf 91' lang='lat' dir='ltr'>VI,</span> <span class='ocrx_word' id='word_1_373' title='bbox 1361 1829 1439 1877; x_wconf 82' lang='grc'>22,</span> <span class='ocrx_word' id='word_1_374' title='bbox 1461 1829 1482 1869; x_wconf 92' lang='grc'>1</span> <span class='ocrx_word' id='word_1_375' title='bbox 1517 1827 1600 1866; x_wconf 83' lang='lat' dir='ltr'>Sed</span> <span class='ocrx_word' id='word_1_376' title='bbox 1620 1842 1694 1866; x_wconf 78' lang='lat' dir='ltr'>cu—</span> 
     </span>
     <span class='ocr_line' id='line_1_56' title="bbox 957 1884 1694 1924; baseline 0.003 -2"><span class='ocrx_word' id='word_1_377' title='bbox 957 1884 1134 1923; x_wconf 79' lang='lat' dir='ltr'>randum</span> <span class='ocrx_word' id='word_1_378' title='bbox 1152 1893 1209 1923; x_wconf 76' lang='lat' dir='ltr'>est</span> <span class='ocrx_word' id='word_1_379' title='bbox 1225 1884 1407 1923; x_wconf 78' lang='lat' dir='ltr'>omnibus</span> <span class='ocrx_word' id='word_1_380' title='bbox 1420 1887 1540 1924; x_wconf 81' lang='lat' dir='ltr'>annis</span> <span class='ocrx_word' id='word_1_381' title='bbox 1560 1887 1603 1923; x_wconf 81' lang='lat' dir='ltr'>in</span> <span class='ocrx_word' id='word_1_382' title='bbox 1617 1885 1694 1924; x_wconf 75' lang='lat' dir='ltr'>hoc</span> 
     </span>
     <span class='ocr_line' id='line_1_57' title="bbox 960 1943 1695 1997; baseline 0.001 -16"><span class='ocrx_word' id='word_1_383' title='bbox 960 1957 1087 1996; x_wconf 76' lang='lat' dir='ltr'>aeque</span> <span class='ocrx_word' id='word_1_384' title='bbox 1108 1951 1229 1996; x_wconf 77' lang='lat' dir='ltr'>atque</span> <span class='ocrx_word' id='word_1_385' title='bbox 1255 1945 1299 1982; x_wconf 86' lang='lat' dir='ltr'>in</span> <span class='ocrx_word' id='word_1_386' title='bbox 1318 1944 1482 1996; x_wconf 77' lang='lat' dir='ltr'>reliquis</span> <span class='ocrx_word' id='word_1_387' title='bbox 1499 1943 1695 1997; x_wconf 75' lang='lat' dir='ltr'>gregibus</span> 
     </span>
     <span class='ocr_line' id='line_1_58' title="bbox 955 2001 1692 2053; baseline 0.003 -14"><span class='ocrx_word' id='word_1_388' title='bbox 955 2003 1113 2053; x_wconf 80' lang='lat' dir='ltr'>pecoris</span> <span class='ocrx_word' id='word_1_389' title='bbox 1126 2031 1137 2051; x_wconf 91' lang='lat'>,</span> <span class='ocrx_word' id='word_1_390' title='bbox 1187 2009 1231 2039; x_wconf 80' lang='lat' dir='ltr'>ut</span> <span class='ocrx_word' id='word_1_391' title='bbox 1261 2001 1438 2040; x_wconf 78' lang='lat' dir='ltr'>delectas</span> <span class='ocrx_word' id='word_1_392' title='bbox 1468 2001 1692 2050; x_wconf 40' lang='lat' dir='ltr'>habeatur&amp;</span> 
     </span>
     <span class='ocr_line' id='line_1_59' title="bbox 957 2061 1693 2114; baseline 0.003 -17"><span class='ocrx_word' id='word_1_393' title='bbox 957 2074 1057 2098; x_wconf 85' lang='lat' dir='ltr'>nam</span> <span class='ocrx_word' id='word_1_394' title='bbox 1077 2067 1114 2097; x_wconf 78' lang='lat' dir='ltr'>et</span> <span class='ocrx_word' id='word_1_395' title='bbox 1131 2061 1275 2098; x_wconf 82' lang='lat' dir='ltr'>enixae</span> <span class='ocrx_word' id='word_1_396' title='bbox 1294 2069 1332 2099; x_wconf 84' lang='lat' dir='ltr'>et</span> <span class='ocrx_word' id='word_1_397' title='bbox 1356 2068 1556 2111; x_wconf 69' lang='lat' dir='ltr'>vetustae,</span> <span class='ocrx_word' id='word_1_398' title='bbox 1587 2075 1693 2114; x_wconf 80' lang='lat' dir='ltr'>qaae</span> 
     </span>
     <span class='ocr_line' id='line_1_60' title="bbox 954 2118 1694 2171; baseline 0 -15"><span class='ocrx_word' id='word_1_399' title='bbox 954 2120 1124 2171; x_wconf 75' lang='lat' dir='ltr'>gignere</span> <span class='ocrx_word' id='word_1_400' title='bbox 1142 2118 1353 2169; x_wconf 79' lang='lat' dir='ltr'>desierant,</span> <span class='ocrx_word' id='word_1_401' title='bbox 1383 2119 1694 2159; x_wconf 70' lang='lat' dir='ltr'>summovendae</span> 
     </span>
     <span class='ocr_line' id='line_1_61' title="bbox 957 2176 1693 2217; baseline 0.001 -2"><span class='ocrx_word' id='word_1_402' title='bbox 957 2185 1053 2215; x_wconf 77' lang='lat' dir='ltr'>sunt</span> <span class='ocrx_word' id='word_1_403' title='bbox 1085 2182 1160 2215; x_wconf 89' lang='lat' dir='ltr'>etc.</span> <span class='ocrx_word' id='word_1_404' title='bbox 1190 2178 1241 2216; x_wconf 92' lang='lat' dir='ltr'>cf.</span> <span class='ocrx_word' id='word_1_405' title='bbox 1266 2177 1441 2217; x_wconf 88' lang='lat' dir='ltr'>eundem</span> <span class='ocrx_word' id='word_1_406' title='bbox 1474 2176 1524 2216; x_wconf 91' lang='lat' dir='ltr'>de</span> <span class='ocrx_word' id='word_1_407' title='bbox 1546 2177 1693 2217; x_wconf 76' lang='lat' dir='ltr'>ovibus</span> 
     </span>
     <span class='ocr_line' id='line_1_62' title="bbox 956 2233 1693 2289; baseline -0.005 -11"><span class='ocrx_word' id='word_1_408' title='bbox 956 2235 1044 2285; x_wconf 87' lang='lat' dir='ltr'>VII,</span> <span class='ocrx_word' id='word_1_409' title='bbox 1069 2238 1108 2286; x_wconf 81' lang='lat'>3,</span> <span class='ocrx_word' id='word_1_410' title='bbox 1134 2237 1199 2277; x_wconf 86' lang='lat'>13.</span> <span class='ocrx_word' id='word_1_411' title='bbox 1222 2233 1288 2277; x_wconf 87' lang='lat'>14.</span> <span class='ocrx_word' id='word_1_412' title='bbox 1319 2249 1493 2289; x_wconf 79' lang='lat' dir='ltr'>quarum</span> <span class='ocrx_word' id='word_1_413' title='bbox 1511 2250 1693 2288; x_wconf 81' lang='lat' dir='ltr'>corpora,</span> 
     </span>
     <span class='ocr_line' id='line_1_63' title="bbox 956 2293 1691 2347; baseline 0 -15"><span class='ocrx_word' id='word_1_414' title='bbox 956 2293 998 2333; x_wconf 87' lang='lat' dir='ltr'>h.</span> <span class='ocrx_word' id='word_1_415' title='bbox 1023 2307 1123 2345; x_wconf 87' lang='lat' dir='ltr'>quas</span> <span class='ocrx_word' id='word_1_416' title='bbox 1154 2307 1247 2332; x_wconf 91' lang='lat' dir='ltr'>cum</span> <span class='ocrx_word' id='word_1_417' title='bbox 1263 2294 1349 2333; x_wconf 88' lang='lat' dir='ltr'>aliis</span> <span class='ocrx_word' id='word_1_418' title='bbox 1370 2294 1599 2347; x_wconf 87' lang='lat' dir='ltr'>permutari</span> <span class='ocrx_word' id='word_1_419' title='bbox 1616 2307 1691 2334; x_wconf 82' lang='lat' dir='ltr'>vc·-</span> 
     </span>
     <span class='ocr_line' id='line_1_64' title="bbox 955 2352 1694 2403; baseline 0 -12"><span class='ocrx_word' id='word_1_420' title='bbox 955 2352 1031 2402; x_wconf 87' lang='lat' dir='ltr'>lis;</span> <span class='ocrx_word' id='word_1_421' title='bbox 1062 2353 1157 2391; x_wconf 84' lang='lat' dir='ltr'>alias</span> <span class='ocrx_word' id='word_1_422' title='bbox 1176 2352 1223 2391; x_wconf 91' lang='lat' dir='ltr'>iis</span> <span class='ocrx_word' id='word_1_423' title='bbox 1251 2353 1511 2403; x_wconf 88' lang='lat' dir='ltr'>submittere,</span> <span class='ocrx_word' id='word_1_424' title='bbox 1541 2352 1694 2393; x_wconf 86' lang='lat' dir='ltr'>substi-</span> 
     </span>
     <span class='ocr_line' id='line_1_65' title="bbox 955 2411 1694 2464; baseline 0.003 -16"><span class='ocrx_word' id='word_1_425' title='bbox 955 2416 1092 2461; x_wconf 88' lang='lat' dir='ltr'>tuere,</span> <span class='ocrx_word' id='word_1_426' title='bbox 1137 2411 1332 2452; x_wconf 81' lang='lat' dir='ltr'>sufficere.</span> <span class='ocrx_word' id='word_1_427' title='bbox 1387 2412 1560 2464; x_wconf 79' lang='lat' dir='ltr'>Semper</span> <span class='ocrx_word' id='word_1_428' title='bbox 1588 2411 1694 2450; x_wconf 88' lang='lat' dir='ltr'>enim</span> 
     </span>
     <span class='ocr_line' id='line_1_66' title="bbox 955 2467 1692 2525; baseline 0.005 -18"><span class='ocrx_word' id='word_1_429' title='bbox 955 2468 1085 2519; x_wconf 82' lang='lat' dir='ltr'>refice,</span> <span class='ocrx_word' id='word_1_430' title='bbox 1115 2468 1156 2509; x_wconf 85' lang='lat' dir='ltr'>h.</span> <span class='ocrx_word' id='word_1_431' title='bbox 1172 2469 1309 2522; x_wconf 85' lang='lat' dir='ltr'>igitur,</span> <span class='ocrx_word' id='word_1_432' title='bbox 1339 2476 1390 2510; x_wconf 83' lang='lat' dir='ltr'>ut</span> <span class='ocrx_word' id='word_1_433' title='bbox 1405 2467 1482 2525; x_wconf 66' lang='grc' dir='ltr'>γάρ</span> <span class='ocrx_word' id='word_1_434' title='bbox 1501 2483 1578 2522; x_wconf 89' lang='lat' dir='ltr'>pro</span> <span class='ocrx_word' id='word_1_435' title='bbox 1600 2467 1692 2524; x_wconf 64' lang='grc' dir='ltr'>ἄρα,</span> 
     </span>
     <span class='ocr_line' id='line_1_67' title="bbox 959 2523 1691 2582; baseline -0.001 -14"><span class='ocrx_word' id='word_1_436' title='bbox 959 2523 1027 2579; x_wconf 81' lang='grc' dir='ltr'>δή.</span> <span class='ocrx_word' id='word_1_437' title='bbox 1049 2525 1114 2581; x_wconf 92' lang='lat' dir='ltr'>(In</span> <span class='ocrx_word' id='word_1_438' title='bbox 1133 2528 1271 2567; x_wconf 86' lang='lat' dir='ltr'>verbis</span> <span class='ocrx_word' id='word_1_439' title='bbox 1282 2543 1438 2580; x_wconf 79' lang='lat' dir='ltr'>semper</span> <span class='ocrx_word' id='word_1_440' title='bbox 1451 2537 1564 2566; x_wconf 72' lang='lat' dir='ltr'>erunt</span> <span class='ocrx_word' id='word_1_441' title='bbox 1583 2543 1691 2582; x_wconf 77' lang='lat' dir='ltr'>qaa-</span> 
     </span>
     <span class='ocr_line' id='line_1_68' title="bbox 957 2586 1694 2639; baseline 0 -15"><span class='ocrx_word' id='word_1_442' title='bbox 957 2600 1048 2624; x_wconf 82' lang='lat' dir='ltr'>rum</span> <span class='ocrx_word' id='word_1_443' title='bbox 1064 2587 1185 2624; x_wconf 86' lang='lat' dir='ltr'>latet:</span> <span class='ocrx_word' id='word_1_444' title='bbox 1215 2599 1372 2639; x_wconf 88' lang='lat' dir='ltr'>semper</span> <span class='ocrx_word' id='word_1_445' title='bbox 1397 2586 1570 2638; x_wconf 86' lang='lat' dir='ltr'>inquire,</span> <span class='ocrx_word' id='word_1_446' title='bbox 1591 2599 1694 2638; x_wconf 85' lang='lat' dir='ltr'>quae</span> 
     </span>
     <span class='ocr_line' id='line_1_69' title="bbox 956 2643 1694 2684; baseline 0.003 -2"><span class='ocrx_word' id='word_1_447' title='bbox 956 2643 1082 2682; x_wconf 89' lang='lat' dir='ltr'>boves</span> <span class='ocrx_word' id='word_1_448' title='bbox 1098 2643 1339 2683; x_wconf 80' lang='lat' dir='ltr'>reficiendae</span> <span class='ocrx_word' id='word_1_449' title='bbox 1360 2645 1452 2684; x_wconf 88' lang='lat' dir='ltr'>sint.</span> <span class='ocrx_word' id='word_1_450' title='bbox 1512 2645 1574 2684; x_wconf 84' lang='lat' dir='ltr'>Ita</span> <span class='ocrx_word' id='word_1_451' title='bbox 1592 2659 1694 2684; x_wconf 87' lang='lat' dir='ltr'>con-</span> 
     </span>
     <span class='ocr_line' id='line_1_70' title="bbox 956 2701 1693 2758; baseline 0.001 -18"><span class='ocrx_word' id='word_1_452' title='bbox 956 2701 1110 2740; x_wconf 87' lang='lat' dir='ltr'>iunctio</span> <span class='ocrx_word' id='word_1_453' title='bbox 1130 2704 1236 2740; x_wconf 79' lang='lat' dir='ltr'>enim</span> <span class='ocrx_word' id='word_1_454' title='bbox 1248 2709 1355 2756; x_wconf 85' lang='lat' dir='ltr'>apta.</span> <span class='ocrx_word' id='word_1_455' title='bbox 1371 2705 1442 2743; x_wconf 87' lang='lat' dir='ltr'><em>W</em></span> <span class='ocrx_word' id='word_1_456' title='bbox 1435 2702 1516 2758; x_wconf 77' lang='lat' dir='ltr'>elz.)</span> <span class='ocrx_word' id='word_1_457' title='bbox 1537 2705 1693 2742; x_wconf 79' lang='lat' dir='ltr'>amissa</span> 
     </span>
     <span class='ocr_line' id='line_1_71' title="bbox 955 2759 1692 2813; baseline 0.005 -16"><span class='ocrx_word' id='word_1_458' title='bbox 955 2759 1039 2798; x_wconf 89' lang='lat' dir='ltr'>scil.</span> <span class='ocrx_word' id='word_1_459' title='bbox 1060 2773 1243 2813; x_wconf 88' lang='lat' dir='ltr'>corpora.</span> <span class='ocrx_word' id='word_1_460' title='bbox 1288 2764 1356 2803; x_wconf 89' lang='grc'>71.</span> <span class='ocrx_word' id='word_1_461' title='bbox 1375 2762 1526 2802; x_wconf 85' lang='lat' dir='ltr'>Totum</span> <span class='ocrx_word' id='word_1_462' title='bbox 1542 2762 1692 2811; x_wconf 85' lang='lat' dir='ltr'>locum,</span> 
     </span>
     <span class='ocr_line' id='line_1_72' title="bbox 956 2817 1717 2871; baseline 0.003 -15"><span class='ocrx_word' id='word_1_463' title='bbox 956 2824 998 2856; x_wconf 88' lang='lat' dir='ltr'>et</span> <span class='ocrx_word' id='word_1_464' title='bbox 1017 2817 1129 2857; x_wconf 91' lang='lat' dir='ltr'>hunc</span> <span class='ocrx_word' id='word_1_465' title='bbox 1145 2819 1329 2871; x_wconf 88' lang='lat' dir='ltr'>inprimis</span> <span class='ocrx_word' id='word_1_466' title='bbox 1345 2833 1509 2860; x_wconf 90' lang='lat' dir='ltr'>versum</span> <span class='ocrx_word' id='word_1_467' title='bbox 1525 2820 1621 2860; x_wconf 83' lang='lat' dir='ltr'>vide</span> <span class='ocrx_word' id='word_1_468' title='bbox 1639 2819 1694 2858; x_wconf 86' lang='lat' dir='ltr'>ad</span> <span class='ocrx_word' id='word_1_469' title='bbox 1715 2864 1717 2866; x_wconf 21' lang='lat'><strong><em>¹</em></strong></span> 
     </span>
     <span class='ocr_line' id='line_1_73' title="bbox 957 2877 1693 2918; baseline 0.003 -4"><span class='ocrx_word' id='word_1_470' title='bbox 957 2890 1074 2915; x_wconf 89' lang='lat' dir='ltr'>canes</span> <span class='ocrx_word' id='word_1_471' title='bbox 1105 2877 1350 2917; x_wconf 85' lang='lat' dir='ltr'>translatum</span> <span class='ocrx_word' id='word_1_472' title='bbox 1388 2884 1428 2917; x_wconf 86' lang='lat' dir='ltr'>et</span> <span class='ocrx_word' id='word_1_473' title='bbox 1465 2879 1693 2918; x_wconf 87' lang='lat' dir='ltr'>imitatione</span> 
     </span>
     <span class='ocr_line' id='line_1_74' title="bbox 956 2937 1691 2990; baseline 0.004 -18"><span class='ocrx_word' id='word_1_474' title='bbox 956 2947 1191 2987; x_wconf 85' lang='lat' dir='ltr'>expressum</span> <span class='ocrx_word' id='word_1_475' title='bbox 1221 2950 1244 2974; x_wconf 88' lang='lat' dir='ltr'>a</span> <span class='ocrx_word' id='word_1_476' title='bbox 1281 2937 1516 2977; x_wconf 85' lang='lat' dir='ltr'>Nemesiano</span> <span class='ocrx_word' id='word_1_477' title='bbox 1545 2937 1691 2990; x_wconf 84' lang='lat' dir='ltr'>Cyneg.</span> 
     </span>
     <span class='ocr_line' id='line_1_75' title="bbox 954 2994 1692 3038; baseline -0.001 -4"><span class='ocrx_word' id='word_1_478' title='bbox 954 2996 1039 3036; x_wconf 84' lang='grc'>200</span> <span class='ocrx_word' id='word_1_479' title='bbox 1055 3015 1114 3024; x_wconf 92' lang='lat'>—·</span> <span class='ocrx_word' id='word_1_480' title='bbox 1135 2994 1233 3038; x_wconf 81' lang='grc'>205.</span> <span class='ocrx_word' id='word_1_481' title='bbox 1294 2996 1436 3034; x_wconf 75' lang='grc' dir='ltr'>8ονιίνὶ</span> <span class='ocrx_word' id='word_1_482' title='bbox 1465 2996 1586 3035; x_wconf 86' lang='lat' dir='ltr'>etiam</span> <span class='ocrx_word' id='word_1_483' title='bbox 1605 2995 1692 3034; x_wconf 85' lang='lat' dir='ltr'>sine</span> 
     </span>
    </p>
   </div>
  </div>
 </body>
</html>
