1734 3320
209 245 312 293 620
538 242 594 292 P.
630 240 988 292 VIRGILII
1023 243 1401 295 MARONIS

207 371 491 434 Ignavum,
527 366 708 434 fuc05‚
746 385 911 436 pecus
937 386 965 419 a
989 371 1338 438 praesepibus
1364 364 1559 425 arcent.

206 441 403 489 Fervet
434 454 596 505 opus,
632 438 999 507 redolentque
1030 438 1220 505 thymo
1251 439 1539 508 fragrantia
1566 443 1729 494 mella

206 512 284 560 Ac
307 508 472 558 veluti
493 508 651 559 lentis
678 508 939 576 Cyclopes
960 508 1187 560 fulmina
1209 514 1394 562 massis
1646 519 1734 566 17(

210 583 394 644 Quum
414 589 737 646 properant,
776 579 859 629 alii
881 581 1101 630 taurinis
1124 579 1343 632 follibus
1366 600 1517 633 auras

207 650 500 717 Adcipiunt
527 649 900 717 redduntque,
941 650 1025 700 alii
1052 651 1330 702 stridentia
1353 654 1606 719 tinguunt

207 724 344 772 Aera
363 720 504 781 lacu;
542 720 711 785 gemit
736 720 982 788 inpositis
1007 721 1292 772 incudibus
1322 726 1519 785 Aetna3
1547 748 1549 757 <

283 820 396 867 170.
434 829 630 864 VELUTI
642 855 656 879 ‚

257 957 325 992 168
349 957 531 1003 Ignavom
553 955 644 990 Gud.
691 955 884 1002 Agninum
900 955 971 989 duo
991 954 1140 989 Barthii.
1185 968 1209 990 a
1226 955 1474 1004 praesepibus
1495 965 1632 1005 urgent
1658 964 1734 990 unu:

206 1002 374 1037 Arundel.
473 1004 540 1038 169
565 1004 694 1037 Fervit
722 1002 814 1037 coni.
847 1002 1078 1047 Cuningham.
1102 1009 1139 1036 et
1165 1004 1216 1038 Io.
1248 1004 1434 1038 Schrader.
1466 1004 1587 1050 sicque
1608 1005 1734 1050 legera

206 1050 408 1096 Philargyr.
445 1050 524 1095 (sed
546 1050 616 1084 hoc
641 1050 847 1084 testimonio
871 1049 962 1083 nihil
993 1050 1198 1093 conficitur,
1232 1051 1300 1085 nisi
1328 1051 1366 1084 in
1392 1063 1434 1085 eo
1462 1052 1606 1093 codice,
1642 1063 1734 1097 quen

205 1098 360 1132 versavit
380 1097 646 1143 Philargyrius‚
680 1098 729 1131 ita
762 1104 942 1131 exaratum
968 1098 1098 1140 fuisse,
1132 1097 1270 1132 librarii
1293 1099 1446 1132 fortasse
1476 1111 1609 1133 errore.
1646 1098 1734 1134 Wrss

197 1147 434 1193 flagrantia,
458 1146 687 1192 flaglantia‚
705 1144 926 1192 fraglantia
963 1152 999 1178 et
1030 1145 1068 1178 in
1096 1146 1219 1179 Franc.
1245 1145 1473 1203 frangentia
1495 1146 1638 1192 legitur.
1672 1145 1733 1180 vid

205 1194 322 1226 Burm.
349 1191 576 1239 (fraglantia
597 1192 724 1226 Medic.
748 1198 783 1225 et
799 1191 914 1226 Vatic.
947 1193 1042 1236 lVr.)
1132 1195 1201 1228 170
1227 1194 1320 1227 lenti
1337 1195 1460 1239 tragm.
1481 1194 1596 1229 Vatic.
1677 1195 1734 1230 171

207 1240 275 1274 alii
290 1249 318 1274 t.
331 1241 366 1287 j}
389 1252 506 1274 auras
525 1240 651 1273 aberat
668 1240 831 1283 Longob.
865 1239 976 1273 Iidem
994 1252 1114 1274 versus
1134 1244 1220 1273 Aen.
1241 1242 1335 1283 VIII,
1356 1240 1580 1283 449—453,
1606 1241 1670 1274 sed
1694 1241 1730 1275 ib

205 1289 375 1322 ventosis
395 1286 575 1334 follibus;
603 1294 638 1320 et
665 1296 816 1321 antrum
837 1299 903 1331 pro
934 1290 1076 1329 Aetna,
1104 1294 1140 1321 et
1167 1288 1286 1322 malta
1304 1290 1361 1331 vi,
1388 1294 1423 1321 et
1453 1290 1579 1322 tenaci
1596 1287 1734 1335 forcipe

205 1347 377 1369 massam.
476 1336 545 1370 172
571 1336 800 1381 stringentia
818 1336 909 1367 Ven.
1008 1335 1076 1370 173
1100 1347 1166 1380 pro
1193 1338 1337 1378 Aetna,
1365 1344 1517 1369 antrum
1538 1335 1577 1369 in
1595 1335 1734 1381 Longo-

204 1383 306 1416 bard.
330 1382 457 1416 Medic.
489 1389 525 1415 et
552 1381 723 1415 Pierianis
755 1381 854 1423 aliis,
884 1382 1054 1415 Rottend.
1079 1394 1134 1427 pr.
1165 1384 1304 1427 Menag.
1326 1395 1380 1428 pr.
1407 1383 1469 1416 alt.
1492 1384 1596 1417 Vos-⁴1.
1619 1384 1734 1418 Franc

205 1430 316 1464 Goth.
337 1442 406 1463 sec.
433 1429 484 1475 (in
503 1441 572 1474 quo
595 1429 745 1462 alterum
762 1441 828 1474 pro
851 1429 970 1474 glossa
993 1429 1236 1476 adscriptum),
1272 1437 1307 1463 et
1325 1442 1394 1463 uno
1413 1431 1594 1473 Arundel„
1619 1431 1734 1477 quibua

205 1477 298 1512 adde
315 1478 441 1523 fragm.
463 1476 594 1520 Vatic.‚
618 1477 715 1511 forte
745 1489 788 1511 ex
805 1479 892 1511 Aen.
919 1478 1013 1520 VIII,
1037 1476 1118 1513 451.
1135 1484 1144 1489 ”
1164 1477 1248 1523 (vid.
1279 1483 1404 1511 notata
1426 1477 1472 1512 ad
1500 1490 1552 1513 vs.
1584 1478 1617 1514 4.
1648 1478 1734 1514 Wn'

203 1599 298 1625 rum
327 1585 456 1624 latera
479 1590 639 1624 tumere
663 1585 799 1623 faciat.
859 1583 949 1622 dis—

203 1643 336 1682 tendet
368 1645 491 1694 spicis
530 1644 672 1682 horrea
707 1645 835 1695 plena
871 1643 947 1681 Ce-

1008 1598 1106 1635 apes
1110 1584 1370 1637 figurantur.
1434 1586 1583 1638 Itaque
1602 1585 1663 1624 ad
1662 1585 1734 1638 so-

1007 1643 1184 1681 vendam
1228 1651 1266 1682 et
1302 1643 1560 1682 educandam
1593 1659 1734 1683 nomm

204 1717 265 1741 res
282 1719 293 1740 .·
339 1702 485 1741 Tibull.
514 1702 562 1753 II,
592 1702 632 1751 5,
660 1701 729 1752 84,
763 1701 833 1740 ubi
862 1700 946 1740 vid.
999 1702 1160 1752 prolem
1167 1701 1433 1753 familiarius
1456 1702 1734 1741 admittuntur.

205 1761 299 1800 Not.
337 1767 378 1799 et
409 1774 534 1813 supra
569 1761 644 1810 ΙΙΙ,
690 1760 773 1802 124
823 1760 945 1798 denso

204 1819 426 1857 distendere
449 1820 623 1870 pingui,
665 1819 793 1869 Quem
813 1820 944 1870 legere

204 1878 363 1916 ducem.
398 1877 489 1915 Hoc
508 1877 616 1915 idem
637 1876 732 1914 alias
754 1883 814 1915 est
833 1891 947 1914 rum-

200 1937 274 1988 pi,
308 1942 357 1974 ut
387 1936 457 1974 Ge.
477 1935 507 1985 I,
531 1934 600 1977 49.

266 1996 362 2036 166.
402 1993 465 2032 An
492 1993 622 2032 futuri
656 1992 738 2031 sint
773 1992 946 2042 imbres,

205 2065 256 2091 ne
307 2052 487 2104 reliquae
525 2058 673 2090 exeant
698 2081 708 2102 ,
758 2057 808 2090 ut
845 2051 947 2089 bene

206 2110 348 2150 Cerda.
378 2111 483 2150 conf.
513 2123 553 2151 v.
590 2113 684 2153 191.
749 2111 843 2151 168.
861 2109 947 2162 su—

204 2184 300 2219 cos,
336 2171 527 2219 Dronen,
561 2183 654 2222 apes
689 2168 861 2206 maiores
885 2167 944 2218 iis,

179 2250 182 2254 ·
204 2242 307 2280 quae
329 2229 407 2266 mel
426 2228 594 2267 faciunt.
635 2227 856 2266 Columella
873 2226 945 2276 IX,

207 2287 274 2337 15,
294 2290 314 2328 1
349 2289 458 2325 Mox
478 2301 566 2325 vere
586 2294 790 2324 transacto
807 2286 946 2338 sequi-

203 2353 270 2383 tur
307 2346 439 2383 mellis
492 2345 713 2384 vindemia.
747 2366 805 2373 —
839 2345 944 2381 Eius

203 2405 419 2441 maturitas
442 2404 704 2455 intelligitur,
738 2417 832 2440 eum
848 2403 945 2440 ani-

204 2461 495 2500 madvertimus
502 2461 631 2514 fucos
643 2461 694 2499 ab
707 2460 854 2512 apibus
869 2475 944 2498 ex—

195 2521 305 2571 pelli
324 2520 561 2572 acfitgari}
608 2520 719 2573 quod
739 2527 797 2558 est
811 2533 943 2570 genus

203 2578 419 2629 amplioris
458 2580 691 2616 incrementi
713 2608 723 2628 ,
773 2578 941 2615 similli-

204 2650 319 2674 mum
336 2638 429 2687 apis
444 2666 455 2685 ,
488 2645 546 2685 et,
581 2645 625 2674 ut
644 2638 705 2674 ait
729 2636 944 2687 Virgilius,

202 2694 397 2747 ignavum
421 2708 556 2747 pecuS,
589 2703 625 2732 et
642 2697 728 2732 sine
744 2695 945 2732 industria

191 2752 317 2805 savis
335 2753 530 2791 assidens.
571 2754 693 2790 Nam
711 2767 838 2805 neque
861 2752 945 2789 ali-

202 2819 340 2850 menta
369 2812 571 2863 congerit,
618 2819 655 2848 et
679 2810 731 2848 al>
762 2812 858 2848 aliis
877 2812 944 2847 in·-

204 2878 321 2909 vecta
369 2871 580 2908 consumit.
657 2870 947 2909 Verumtamen

202 2928 262 2966 ad
295 2929 618 2979 procreationem
661 2926 806 2966 sobolis
845 2940 945 2963 con—

188 2986 305 3038 serre
347 2986 511 3040 aliquid
543 2986 589 3025 la·
613 2985 714 3038 ficei
742 2984 942 3033 videntur,

202 3044 419 3083 insidentes
474 3044 693 3084 seminibus
717 3074 728 3094 ‚
801 3042 944 3098 quibus

990 1760 1197 1798 vExclusis
1216 1760 1360 1799 deinde
1377 1761 1529 1811 pullis,
1557 1769 1670 1799 extra
1689 1769 1734 1799 te.

1002 1826 1070 1856 cta
1102 1818 1394 1869 proturbantur
1415 1848 1427 1868 ‚
1467 1827 1524 1869 et,
1566 1827 1610 1857 ut
1637 1819 1734 1858 idem

1006 1878 1090 1925 ait,
1111 1891 1138 1913 a
1148 1875 1416 1927 praesepibus
1431 1886 1629 1916 arcentur.
1670 1877 1734 1916 Vi-

1006 1933 1076 1972 des
1095 1940 1254 1973 veteres
1281 1948 1366 1973 non
1396 1934 1547 1987 ubique
1573 1935 1615 1974 in
1634 1934 1734 1990 phy-

1004 1991 1093 2030 sicis
1115 1992 1344 2045 desipuisse.

1066 2052 1148 2093 169
1166 2074 1225 2080 ——
1245 2051 1340 2094 175.
1366 2050 1516 2090 Eadem
1537 2051 1734 2091 industria

1005 2122 1127 2161 apum
1160 2115 1220 2148 est
1244 2109 1287 2148 in
1323 2110 1441 2149 melle
1478 2110 1734 2162 elaborando,

1005 2181 1126 2219 quam
1153 2167 1196 2206 in
1233 2168 1386 2207 fabrica
1407 2168 1541 2220 aliqua
1560 2169 1734 2222 plurium

1005 2226 1293 2279 operantium3
1337 2233 1502 2279 poterat
1539 2222 1734 2267 officinam

1002 2285 1186 2324 fabrilem
1205 2284 1395 2337 laudare3
1427 2292 1469 2324 at
1491 2286 1650 2338 poetica
1673 2286 1734 2325 in-

1002 2343 1108 2396 genii
1126 2344 1167 2383 vi
1191 2344 1386 2383 maiorem
1411 2344 1582 2397 speciem
1602 2358 1734 2384 rerum

1002 2401 1186 2441 reddidit
1214 2415 1264 2440 ex
1287 2402 1459 2441 Vulcani
1482 2403 1636 2442 fabrica
1655 2403 1734 2442 ser-

1001 2460 1125 2501 rariae
1152 2461 1269 2499 lentis
1288 2463 1456 2511 massis,
1486 2461 1598 2512 ferri,
1629 2461 1734 2514 quod

1000 2518 1176 2572 procudi
1199 2533 1246 2558 ac
1274 2518 1368 2558 duci
1395 2525 1552 2572 potest,
1587 2535 1734 2572 prope-

1003 2586 1096 2615 rant
1121 2607 1131 2626 ,
1184 2583 1452 2630 properanter
1488 2577 1734 2630 conficiunt,

1005 2631 1282 2684 σπεύδουσιν,
1314 2635 1543 2689 ἐπείγουσι,
1573 2637 1734 2677 fulmen.

1004 2693 1070 2731 Sic
1093 2693 1245 2732 Gallim.
1271 2693 1314 2732 in
1344 2693 1459 2733 Dian,
1488 2693 1545 2737 49
1575 2695 1734 2749 deipsis

1004 2751 1267 2804 Cyclopibus:
1316 2751 1495 2807 ἐπείγετο
1529 2750 1606 2808 yolo
1638 2753 1734 2809 μέγα

1006 2810 1137 2863 ἔργον.
1199 2812 1366 2860 Lacus,
1400 2816 1449 2850 ut
1479 2811 1631 2863 fontes,
1662 2826 1734 2866 pro

1006 2882 1110 2919 aqua
1133 2868 1301 2920 positus.
1340 2869 1502 2908 Lucret.
1537 2869 1612 2920 VI,
1643 2869 1734 2913 147.

1008 2925 1090 2967 148
1130 2928 1185 2965 Ut
1210 2927 1357 2965 calidis
1383 2927 1560 2966 candens
1574 2928 1734 2981 serrum

1005 2999 1025 3022 e
1029 2984 1275 3037 fornacibus
1295 2987 1394 3024 olim
1417 2985 1571 3036 Stridit,
1605 2986 1675 3025 ubi
1695 2989 1734 3026 in

1001 3043 1189 3095 gelidum
1229 3058 1399 3096 propere
1458 3041 1556 3098 (aut
1601 3045 1734 3099 potius
