1768 3320
1486 213 1591 264 225

1526 343 1591 389 10

337 205 758 284 ΒυοοιιιοΑ
802 206 968 256 ECL.
1000 206 1089 270 IX,
1126 211 1321 260 6-19

62 333 261 384 Omnia
289 333 613 383 carminibus
641 340 879 382 vestrum
904 347 1140 381 servasse
1158 333 1455 388 Menalcan.

59 420 116 470 M.
151 402 448 455 Audieras?
485 413 538 454 et
559 401 702 452 fama
722 400 854 461 suit3
892 401 990 451 sed
1014 402 1247 452 carmina
1268 412 1479 454 tantum

58 476 251 526 Nostra
273 473 479 538 valent,
515 472 735 540 Lycida,
774 471 881 522 tela
910 472 1053 521 inter
1077 473 1290 536 Martia,
1330 484 1592 541 quantum

61 543 328 596 Chaonias
349 543 559 609 dicunt,
598 542 775 611 aquila
796 542 1076 606 veniente,
1115 543 1408 596 columbas,

61 613 225 677 Quod
245 614 345 664 nisi
366 631 459 664 me
485 629 829 682 quacumque
852 629 1019 662 novas
1043 613 1282 663 incidere
1303 613 1406 664 litis

57 686 198 735 Ante
218 685 425 734 sinistra
452 702 574 734 cava
593 685 896 734 monuisset
925 682 990 732 ab
1014 682 1134 733 ilice
1161 685 1363 735 cornix:

57 757 171 806 Nec
187 763 310 805 tuus
330 754 418 805 hic
439 755 641 806 Moeris
654 796 667 819 ,
704 771 806 804 nec
826 754 1031 803 viveret
1051 754 1164 823 ipse
1185 754 1467 807 Menalcas,

57 839 104 878 1..
146 827 292 877 Heu!
341 825 482 875 cadit
520 826 576 875 in
615 841 950 894 quemquam
974 832 1186 874 tantum
1215 824 1422 876 scelus?
1466 824 1593 888 heu,

86 929 89 931 -
730 901 739 912 ‘
853 902 943 944 tua
970 894 1130 944 nobis

57 966 238 1015 Paene
262 964 424 1014 simul
443 974 625 1015 tecum
648 965 833 1015 solatia
852 972 1027 1031 rapta,
1063 963 1343 1015 Menalca?

60 1035 192 1098 Quis
235 1044 453 1086 caneret
482 1035 792 1104 Nymphas?
842 1033 1236 1154 {uisbbumum
1270 1032 1593 1085 florentibus

896 1121 955 1155 er
995 1121 1038 1155 1s

623 1193 700 1240 18.
735 1190 1022 1239 MENALCA!

1529 690 1593 738 15

133 1191 212 1239 11.
247 1188 546 1249 AUDIERA83

59 1315 101 1338 ea
116 1303 313 1349 elegantior
330 1304 492 1350 vulgata:
517 1306 656 1339 veteris
670 1306 745 1339 iam
755 1305 890 1352 fracta
909 1306 1101 1340 cacumina
1108 1303 1208 1352 sagi.
1231 1304 1314 1350 (hoc
1327 1302 1467 1337 videtur
1482 1315 1592 1348 prae-

56 1351 153 1385 ferre
173 1351 371 1397 Spohnius3
421 1359 499 1386 orta
525 1351 613 1386 haec
637 1352 746 1387 lectio
766 1365 785 1386 e
806 1360 926 1387 vetere
946 1353 1123 1398 scriptura
1146 1351 1306 1395 veteris,
1338 1350 1361 1384 i.
1382 1363 1412 1384 e.
1437 1359 1593 1393 veteres,

57 1398 104 1432 de
127 1411 196 1444 qua
217 1398 442 1433 dicetur-*alio
467 1400 561 1433 loco.
609 1402 736 1447 Fagos
755 1400 1013 1446 praescriptum
1036 1407 1089 1433 est
1109 1399 1216 1432 ctiam
1235 1411 1292 1444 ap.
1313 1398 1484 1443 Pompon.
1509 1399 1593 1443 Sab.

63 1447 161 1491 Wr.)
210 1446 315 1491 Apud
338 1447 506 1487 Quinctil.
524 1448 618 1490 VIII,
643 1449 675 1486 6,
699 1447 747 1484 46
774 1448 857 1481 iibri
880 1447 1062 1493 plerique:
1097 1445 1292 1491 confracta
1321 1447 1369 1487 cl,
1404 1445 1499 1490 quod
1522 1445 1593 1479 Ca—

56 1499 201 1536 troeus,
236 1493 305 1527 sibi
326 1494 473 1527 mirifice
490 1494 527 1527 in
548 1505 591 1527 eo
620 1494 783 1540 placens,
808 1495 964 1540 recepit3
998 1494 1126 1528 saltem
1147 1493 1363 1538 expectabo,
1397 1492 1512 1525 donec
1530 1494 1593 1526 in—

50 1538 184 1587 fracta
201 1541 442 1575 se'obtulerit.
539 1543 583 1577 10
607 1551 777 1576 nostrum
798 1542 905 1575 Goth.
936 1554 1006 1576 sec.
1028 1548 1178 1587 quatuor
1198 1542 1314 1573 Burm.
1329 1565 1338 1581 ‚
1371 1539 1408 1573 it.
1428 1539 1492 1572 Ed.
1510 1540 1593 1573 Mea

59 1587 146 1621 diol.
195 1589 258 1633 (In
279 1588 348 1621 hoc
369 1596 536 1622 nostrum
557 1601 675 1622 veram
695 1589 839 1635 Virgilii
865 1589 1074 1634 scripturam
1094 1588 1207 1621 latere
1230 1587 1424 1631 suspicatus
1446 1586 1591 1620 Vossius

57 1636 227 1668 vostrum
245 1634 366 1668 edidit.
417 1635 487 1669 Sed
508 1648 611 1680 quum
630 1636 721 1679 alia,
746 1637 870 1682 quibus
890 1636 1050 1677 insistas,
1075 1635 1193 1668 desint
1214 1634 1384 1679 vestigia,
1407 1633 1593 1679 relinqua-

57 1694 133 1715 mus
155 1681 247 1716 hanc
268 1682 416 1716 formam
441 1682 722 1728 antiquioribus,
756 1691 791 1718 et
816 1683 1091 1725 meminerimus,
1125 1681 1215 1715 nihil
1238 1694 1316 1715 esse
1344 1680 1500 1714 crebrius
1526 1681 1593 1715 hac

57 1729 307 1774 pronominum
325 1738 450 1763 vester
472 1737 507 1762 et
525 1739 654 1763 noster
681 1731 942 1777 permutatione
970 1730 1076 1763 etiam
1097 1730 1135 1762 in
1161 1728 1405 1773 prosariorum
1429 1728 1591 1772 scriptis;

58 1776 103 1810 cf.
124 1777 302 1810 Drakenb.
325 1777 370 1810 ad
387 1777 466 1810 Liv.
482 1778 673 1819 XXXIIII,
695 1780 729 1820 2,
751 1781 785 1815 2.
827 1778 922 1822 lVr.)
972 1777 1182 1811 Menalcam
1205 1776 1334 1809 Medic.
1385 1776 1438 1820 (In
1460 1775 1588 1810 Medic.

56 1834 124 1868 pro
144 1823 268 1858 ultima
285 1823 390 1858 litera
406 1824 540 1858 lineola
557 1832 756 1859 transversa
775 1832 967 1870 comparet,
986 1837 1074 1870 quae
1096 1824 1200 1857 etiam
1214 1823 1354 1856 literam
1367 1835 1390 1856 n
1405 1822 1592 1867 designare

56 1877 196 1916 potest,
220 1871 291 1905 vid.
313 1871 453 1905 omnino
472 1873 514 1914 Q.
532 1873 576 1905 V.
597 1873 655 1914 ΠΙ,
679 1875 711 1908 1.
731 1893 775 1898 —
803 1875 858 1908 11.
884 1873 978 1906 Male
1002 1872 1182 1916 hucusque
1204 1870 1338 1903 editum
1358 1876 1455 1903 erat:
1482 1873 1591 1912 „Au-

57 1918 203 1954 dierasz
229 1927 265 1952 et
279 1917 317 1965 f
331 1917 391 1965 s.“
416 1919 487 1952 vid.
507 1921 550 1961 Q.
571 1920 616 1954 V.
636 1921 797 1962 XXXV,
818 1921 853 1956 9.
884 1919 979 1963 Wr.)
1062 1920 1106 1954 12
1131 1918 1295 1951 marcida
1313 1917 1445 1951 Mureti
1465 1917 1590 1962 fragm.

58 1966 105 2002 13
135 1966 263 2012 aquila
293 1965 424 1999 dicunt
451 1968 542 2000 Veu.
571 1974 605 2000 et
637 1968 716 2001 cod.
743 1969 858 2002 Burm.
959 1964 1003 2002 14
1028 1978 1244 2012 quocunque
1272 1966 1362 1998 Ven·
1411 1977 1507 2010 quae
1533 1964 1591 1998 vel

58 2011 277 2059 qu‘z‘zcunque
289 2013 379 2046 Gud.
406 2014 506 2059 (lites
524 2014 652 2048 Medic.
684 2015 780 2059 Wr.)
854 2015 899 2051 15
925 2014 1024 2047 conf.
1043 2013 1086 2046 ad
1098 2012 1170 2046 Ecl.
1190 2013 1217 2053 1,
1234 2014 1289 2048 18.
1339 2013 1398 2057 (—
1414 2012 1468 2047 17.
1494 2014 1589 2045 Serv.

56 2059 184 2093 Dresd.
207 2069 302 2094 tant.
321 2061 467 2094 scelus?
500 2062 570 2095 hoc
590 2061 656 2095 tibi
675 2075 806 2109 nuper.
828 2082 871 2086 —
925 2063 978 2097 18.
1004 2062 1138 2105 Heyn.:
1165 2059 1364 2093 Menalca!
1398 2060 1481 2092 Non
1501 2058 1592 2093 haec

58 2118 135 2140 cum
156 2106 430 2150 exclamatione,
455 2108 519 2141 sed
542 2120 608 2153 per
635 2108 954 2155 interrogationem
979 2107 1169 2141 efferenda.
1216 2105 1433 2139 lix-clamatio
1456 2117 1591 2139 conve-

56 2153 110 2187 nit
127 2154 305 2194 narranti,
329 2166 402 2188 non
419 2155 587 2189 audienti.
619 2158 675 2190 W
670 2158 716 2192 tul

808 2158 851 2192 19
879 2157 970 2200 Quis
991 2163 1141 2188 caneret
1160 2154 1277 2187 silvas
1303 2153 1428 2197 Fragm.
1448 2152 1591 2197 Mureti,

57 2207 98 2234 at
123 2201 196 2235 Ecl.
216 2202 261 2244 V,
281 2203 330 2238 20
361 2203 573 2236 Extinctum
601 2203 797 2250 Nymphae
819 2211 884 2238 etc.
934 2201 1033 2237 orbis
1052 2214 1073 2235 a
1091 2213 1136 2249 m.
1163 2213 1218 2246 pr.
1249 2200 1286 2233 in
1316 2200 1447 2234 Medic.

57 2311 149 2335 mus
161 2327 173 2346 ,
206 2305 244 2335 et
261 2298 441 2350 :multum
463 2297 606 2337 nostris
626 2307 794 2338 cantata

58 2354 204 2394 libellis·
223 2352 392 2406 Optima
411 2357 676 2395 silvarum—
692 2359 794 2395 Non

43 2412 204 2465 fundes
227 2414 374 2452 virides
399 2413 562 2452 umbras
581 2437 641 2445 —
666 2416 793 2453 Mili-

58 2473 109 2509 tis
137 2473 270 2523 impia
294 2486 389 2510 cum
425 2473 602 2523 succidet
628 2473 794 2512 dextera

44 2528 160 2581 firm
166 2558 176 2567 .

119 2589 185 2629 13.
215 2588 359 2640 aquila
380 2589 571 2638 veniente,
597 2588 794 2639 irruente,

57 2642 199 2701 11οῲλί
219 2652 261 2684 et
276 2646 423 2685 infesto
442 2647 587 2685 animo.
619 2647 668 2686 cf.
685 2648 795 2686 Bur-

58 2703 302 2749 mm.1n
333 2704 467 2743 animo
498 2704 645 2744 habuit
673 2711 796 2758 poeta

58 2758 218 2800 Lu‘cret.
239 2761 308 2811 III,
331 2762 412 2805 751
447 2771 700 2816 tremeretque
720 2778 798 2815 per

60 2832 186 2856 auras
199 2820 318 2858 Aeris
334 2820 708 2873 acccpitersugiens
723 2836 795 2860 ve-

59 2877 190 2917 niente
217 2877 417 2916 columba.
465 2879 670 2917 Chaoniae
694 2893 794 2919 vero

60 2933 269 2972 columbae
286 2935 455 2975 sollenni
474 2935 656 2988 epitheto
672 2951 695 2975 a
710 2938 795 2976 Do-

62 2990 220 3030 donaeo
246 2991 339 3030 luco
367 2999 409 3031 et
436 2994 601 3033 oraculo
627 3009 700 3048 per
723 3010 796 3034 co-

131 3060 342 3109 Vmen..
380 3062 524 3111 ΤοΜ.
539 3050 544 3054 ’
557 3062 596 3111 Ι.

847 2298 1006 2338 lumbas
1030 2311 1059 2336 s.
1084 2296 1294 2350 palumbes
1321 2296 1444 2335 edito.
1488 2297 1590 2336 Erat

851 2363 988 2395 autem
1012 2355 1184 2394 Dodona
1213 2355 1313 2393 urbs
1341 2354 1474 2407 Epiri,
1515 2368 1590 2394 ve-

848 2413 1083 2454 tustissimis
1115 2413 1366 2465 temporibus
1397 2427 1419 2450 a
1454 2412 1590 2452 Chao-

849 2473 969 2512 nibus
985 2471 1205 2510 habitatae.
1230 2472 1334 2509 conf.
1346 2471 1492 2510 Strabo
1505 2471 1588 2521 VH,

852 2546 941 2584 pag.
960 2530 1044 2572 498
1067 2530 1109 2569 C.
1172 2527 1371 2571 14-17.
1407 2529 1494 2567 Nisi
1512 2543 1589 2568 au-

853 2589 969 2642 gurio
985 2588 1167 2627 monitus
1193 2586 1378 2637 fuissem,
1408 2593 1456 2626 ut
1481 2602 1589 2639 qua—

853 2661 1010 2700 cunqcce
1045 2646 1115 2685 via
1159 2659 1206 2684 ac
1256 2645 1417 2684 ratione
1458 2644 1589 2697 iurgia

855 2720 948 2745 cum
972 2704 1177 2744 veteranis
1195 2703 1241 2742 in
1266 2717 1382 2755 agros
1404 2703 1589 2742 immissis

852 2763 1151 2818 praeciderem3
1188 2761 1330 2813 capitis
1363 2761 1589 2814 periculum

851 2836 935 2861 una
957 2835 1049 2860 cum
1066 2820 1168 2859 hero
1192 2819 1374 2858 Menalca
1393 2819 1587 2857 adiissem.

854 2878 952 2935 (Cic.
984 2879 1035 2917 de
1060 2879 1149 2918 Div.
1168 2878 1207 2928 I,
1236 2879 1326 2919 39.:
1359 2878 1532 2926 „cornix
1560 2889 1588 2912 a

852 2940 1015 2977 sinistra
1025 2936 1143 2988 fac-it
1159 2937 1349 2974 ratum.“
1390 2936 1461 2974 JV
1453 2931 1502 2986 r.)

915 2998 981 3038 18.
1012 2995 1186 3044 solatia,
1231 2991 1411 3030 carmina
1438 2996 1588 3042 erepta.
1651 3023 1655 3025 .

1241 3060 1308 3106 15
