1768 3320
214 215 366 250 xxxlv
626 196 730 244 EX
765 189 1361 244 PRAEFATIONE

216 331 405 395 Itaque
439 342 500 375 ex
527 322 828 374 innumeris
864 321 924 371 iis
964 316 1264 381 codicibUS,
1304 315 1398 383 qui
1430 312 1608 364 adhuc
1633 331 1756 383 pas-

218 399 320 448 sim
363 397 420 446 in
457 394 800 446 bibliothecis
845 391 1036 454 latent,
1094 388 1219 437 licet
1271 402 1366 436 eos
1416 385 1590 436 excuti
1637 402 1755 437 non

219 467 445 519 omnino
477 465 667 516 inutile
699 462 820 513 fore
852 459 1229 529 pronuntiem,
1268 456 1337 507 ad
1363 473 1637 507 summam
1672 465 1754 508 ta-

217 555 348 589 men
367 538 447 588 rei
466 538 548 588 vix
570 536 859 604 quicquam
881 531 1035 582 valde
1063 527 1424 579 memorabile
1458 536 1512 578 et
1533 527 1754 593 insignis

220 609 439 660 alicuius
470 606 708 659 utilitatis
744 601 1135 671 expectandum
1166 616 1281 649 esse
1308 599 1553 649 arbitror.
1627 598 1753 649 Ple-

219 681 424 747 risque,
464 696 492 729 e
512 676 708 729 Latinis
732 684 900 738 certe,
940 670 1260 732 auctoribUS,
1301 670 1394 738 qui
1417 669 1644 738 quidem
1666 687 1753 720 ac-

222 759 399 801 curata
436 758 489 799 et
520 747 726 799 sollerti
758 744 988 796 lectione
1021 742 1167 807 digni
1207 742 1338 804 sint,
1391 739 1753 791 emendandis

223 831 276 872 et
320 820 589 888 poliendis
639 817 760 866 satis
803 813 1111 865 insudatum
1161 821 1264 877 est,
1318 821 1381 863 ut
1412 813 1521 862 iam
1556 812 1618 862 iis
1657 829 1752 863 ve·-

220 892 306 941 nia
335 900 479 941 certe
515 887 689 940 danda
722 887 811 950 sit,
853 885 944 953 qui
969 883 1291 934 emendatae
1321 882 1482 934 huius
1503 882 1752 934 lectio'nis

223 961 462 1011 fructum
507 960 743 1026 aliquem
775 972 989 1024 capere,
1037 972 1140 1005 nec
1171 971 1401 1006 omnem
1439 971 1667 1022 operam
1695 955 1751 1004 in

220 1031 462 1083 rimanda
498 1029 740 1079 lectionis
780 1027 1057 1090 varietate,
1108 1035 1198 1076 aut
1231 1024 1494 1076 ariolandi
1526 1034 1580 1076 et
1619 1042 1752 1076 con-

220 1101 449 1154 iectandi
481 1099 747 1164 lubidine,
793 1114 1029 1165 ponere,
1080 1106 1170 1147 aut
1193 1106 1442 1147 auctores
1477 1096 1544 1147 ad
1572 1111 1751 1162 gram-

219 1173 467 1223 maticam
486 1170 656 1220 modo
681 1178 733 1220 et
757 1170 992 1219 criticam
1013 1168 1366 1219 subtilitatem
1380 1177 1529 1219 recte
1548 1167 1751 1219 intelli—

220 1259 374 1309 gere,
418 1259 631 1306 verum,
671 1258 793 1290 cum
825 1240 949 1307 ipsis
977 1240 1142 1290 rebus
1165 1248 1219 1289 et
1239 1240 1548 1305 sententiiS‚
1588 1239 1752 1289 etiam

221 1330 412 1364 eorum
452 1321 622 1362 artem
651 1312 705 1361 in
735 1310 1098 1376 inveniendiS,
1157 1309 1512 1378 eloquendiS,
1572 1319 1626 1360 et
1659 1326 1750 1360 or-

218 1384 407 1434 nandis
434 1400 618 1433 rerum
647 1382 997 1447 argumentiS,
1043 1382 1437 1431 sententiarum
1468 1398 1527 1431 ac
1550 1380 1750 1431 verbo—

217 1472 340 1505 rum
386 1453 626 1516 delectu,
671 1453 977 1520 perspicere
1004 1462 1057 1503 et
1082 1469 1277 1503 corum
1302 1451 1561 1520 exemplis
1596 1451 1749 1502 addi-

217 1542 365 1575 scere
393 1524 582 1587 velint,
622 1523 906 1590 quomodo
940 1525 1038 1591 ipsi
1059 1523 1157 1573 sibi
1175 1524 1444 1573 maiorem
1466 1523 1668 1589 ingenii
1695 1532 1749 1573 et

218 1595 472 1646 orationis
499 1594 817 1659 elegantiam
849 1604 1179 1662 comparent.
1254 1596 1397 1647 Cum
1414 1603 1601 1646 tamen
1626 1595 1748 1648 Vir-

217 1666 403 1731 gilium
443 1682 569 1715 eum
603 1682 716 1714 esse
744 1666 1138 1731 meminissem,
1176 1666 1231 1715 in
1268 1683 1379 1734 quo
1403 1666 1615 1717 criticae
1651 1665 1747 1715 ali-

221 1736 366 1786 cuius
399 1734 660 1784 facultatis
699 1737 934 1803 copiam,
993 1755 1097 1804 qua
1131 1736 1313 1787 nullus
1345 1738 1613 1803 ingenuae
1645 1736 1746 1787 do-

221 1806 417 1856 ctrinae
449 1805 620 1855 homo
652 1806 764 1856 sine
792 1822 989 1871 magno
1015 1817 1067 1857 et
1097 1825 1194 1858 suo
1222 1817 1276 1858 et
1298 1807 1638 1876 disciplinae,
1678 1806 1748 1858 ad

221 1893 383 1943 quam
409 1893 524 1926 sese
544 1876 795 1942 adiungit,
834 1877 1162 1929 detrimento
1187 1896 1369 1930 carere
1389 1879 1574 1947 possit,
1613 1878 1747 1929 ado-

220 1946 479 1996 lescentes
503 1947 707 2013 optime
732 1949 937 2014 possint
962 1949 1060 1998 sibi
1082 1968 1285 2017 parare,
1318 1950 1473 2001 nolui
1497 1949 1587 2000 vel
1605 1949 1747 2000 hanc

219 2016 500 2068 utilitatem
543 2017 606 2066 ab
638 2017 735 2067 hac
768 2013 1005 2070 ‘editione
1040 2022 1337 2087 seiungere.
1409 2023 1600 2090 Itaque
1629 2037 1745 2071 non

219 2086 388 2136 modo
420 2088 677 2137 variantes
725 2088 983 2140 lectiones
1017 2108 1077 2141 ex
1116 2093 1517 2143 Burmanniana
1549 2091 1745 2143 editio—

219 2173 315 2220 ne,
373 2167 586 2223 praeter
623 2177 814 2225 paucas
856 2178 1075 2227 prorsus
1117 2163 1358 2229 inutiles,
1416 2180 1611 2214 omnes
1656 2180 1744 2213 ex-

221 2228 406 2293 cerpsi,
444 2229 497 2277 in
517 2229 803 2279 meliorem
827 2232 1079 2282 ordinem
1103 2233 1310 2300 digessi,
1348 2234 1549 2286 iudicio
1580 2235 1744 2285 etiam

220 2298 575 2365 qualicunque
602 2317 730 2350 meo
766 2301 1000 2364 adiecto3
1047 2322 1239 2355 verum
1272 2306 1433 2356 etiam
1466 2305 1635 2356 varias
1664 2304 1745 2355 le-

219 2368 422 2416 ctiones
448 2385 508 2418 ex
531 2370 782 2420 Pierianis
805 2375 1169 2425 notationibus
1184 2418 1196 2440 ,
1230 2394 1368 2444 quae
1392 2381 1573 2427 Tomo
1595 2376 1744 2426 istius

215 2437 478 2519 Editionis
520 2450 708 2519 quarto
745 2459 989 2493 seorsum
1025 2462 1242 2497 excusae
1279 2457 1429 2513 sunt,
1480 2446 1743 2499 subiunxi.

217 2656 270 2697 et
291 2649 773 2716 exEdimburgensi
795 2657 1201 2709 emendationes
1226 2660 1613 2727 Cuninghami,
1649 2629 1743 2709 co-’

215 2717 392 2767 dicem
423 2719 732 2797 Mefflceuru
769 2741 795 2772 a
824 2727 1082 2791 Fogginio
1117 2747 1456 2797 expressum,
1500 2730 1743 2784 Vaticani

214 2786 411 2838 codicis
455 2788 753 2855 fragmenta
788 2812 814 2842 a
843 2796 1079 2849 Bottario
1130 2818 1342 2868 excusa,
1392 2802 1591 2853 codicis
1628 2803 1743 2854 Ro-

210 2859 356 2908 mani
395 2860 561 2910 varias
602 2864 884 2915 Lectiones
926 2867 993 2917 ad
1027 2870 1227 2921 calcem
1261 2872 1327 2922 ab
1358 2874 1476 2941 ipso
1510 2873 1742 2924 adiectas

210 2928 402 2980 sedulo
438 2933 740 2999 comparavi
774 2944 828 2984 et
872 2940 1139 3007 exscripsi3
1187 2943 1354 2994 trium
1386 2945 1549 2996 etiam
1590 2942 1742 2995 codi-
