1768 3320
183 248 305 283 cmv
688 227 1200 280 ARGUMENTA

183 359 380 404 Mezenti
405 358 527 402 ducis
551 358 735 402 exuvias
756 369 992 412 caesosque
1020 352 1205 403 sodales,
1655 352 1713 395 50

181 417 240 461 Et
268 417 448 460 Latium
468 431 680 475 proceres
701 414 928 459 Diomedis
947 411 1061 454 dicta
1076 408 1261 474 referre,

182 475 309 519 Tum
328 474 471 532 qualis
494 489 670 533 pugnae
691 472 892 516 succedat
916 469 1104 512 Etrusca
1124 465 1326 510 Camilla.

729 572 1170 610 DUODECIMI

184 648 373 692 Turnus
393 655 446 690 ut
473 646 686 690 infractos
709 645 886 690 vidisset
906 641 984 699 (et)
1002 641 1204 699 undique
1228 656 1389 693 caesos,

185 706 326 750 Ultro
345 705 635 748 Anchisiaden
658 704 775 747 bello
802 716 884 760 per
905 699 1085 742 foedera
1105 702 1273 757 poscit3
1376 756 1385 764 ·

185 764 312 818 Quae
337 763 528 806 Iuturna
546 770 676 821 parat
696 758 967 809 convellere3
998 756 1072 799 sed
1094 763 1251 799 tamen·
1272 771 1409 799 armis
1655 759 1711 803 55

185 821 355 865 Occidit
370 853 383 875 ,
414 828 456 864 et
480 828 665 880 pactum
680 817 814 877 liquit
831 831 935 860 cum
957 814 1147 873 coniuge
1172 828 1383 872 regnum.

760 949 905 1029 xvn
950 978 1091 1042 (xv)

184 1088 357 1135 Incerti
390 1087 585 1137 Poetae,
637 1083 757 1143 apud
793 1081 1039 1125 nonnullos
1089 1081 1270 1135 Ovidii,
1327 1083 1621 1128 Tetrasticha
1660 1085 1710 1128 in

634 1154 879 1212 Georgica.
911 1151 1023 1196 ibid.
1043 1151 1137 1211 Ep.
1160 1156 1257 1198 189.

718 1257 1161 1292 PRAEFATIO

189 1329 344 1383 Qualis
365 1329 611 1382 Bucolicis,
643 1338 838 1387 quantus
859 1326 1021 1370 tellure
1048 1327 1291 1381 domanda,

185 1388 386 1439 vitibus,
419 1386 767 1444 arboribusque,
799 1385 985 1443 apibu3‚
1016 1386 1282 1444 pecorique,
1312 1386 1508 1444 satisque

184 1445 438 1488 Aeneadum
457 1444 592 1488 fuerit
611 1451 727 1487 vates
740 1476 753 1497 ,
784 1442 1064 1486 Tetrasticha
1082 1443 1241 1489 dicent.

184 1504 418 1547 Contineat
440 1517 553 1561 quae
578 1502 769 1560 quisque
785 1500 920 1556 liber,
950 1499 1047 1559 lege
1073 1503 1272 1545 carmina
1289 1509 1456 1545 nostra.

819 1606 1042 1641 PRIMI

187 1676 308 1730 Quid
334 1676 462 1720 faciat
483 1677 614 1720 laetas
632 1685 821 1735 segetes:
853 1691 967 1736 quae
983 1676 1126 1720 sidera
1147 1684 1292 1722 servet
1681 1678 1708 1722 5

191 1735 415 1792 Agricola,
447 1743 497 1778 ut
515 1734 691 1779 facilem
711 1743 877 1778 terram
899 1735 1159 1793 proscindat
1182 1735 1357 1788 aratris,

187 1792 365 1835 Semina
384 1808 475 1851 quo
500 1793 688 1836 iacienda
708 1793 869 1846 modo,
901 1793 1142 1851 cultusque
1159 1792 1385 1850 locorum,

186 1850 245 1892 Et
263 1865 424 1893 messes
446 1850 597 1894 docuit
620 1866 784 1908 magno
804 1851 915 1894 olim
936 1850 1124 1894 foenore
1145 1851 1285 1894 reddi.

765 1956 1106 1990 SECUNDI

185 2024 404 2067 Hactenus
426 2039 638 2068 arvorum
658 2025 828 2078 cultus,
860 2034 899 2069 et
918 2027 1060 2069 sidera
1080 2026 1199 2070 caeli.

184 2081 444 2140 Pampineas
462 2083 578 2125 canit
595 2083 695 2126 inde
715 2099 885 2136 comas,
917 2084 1140 2142 collesque
1162 2085 1365 2138 virentes,
1656 2091 1709 2131 10

183 2139 525 2198 Descriptasque
547 2140 653 2183 locis
675 2141 781 2184 vites
795 2174 805 2192 ,
843 2149 886 2185 et
907 2142 1024 2185 dona
1048 2143 1201 2201 Lyaei,
1594 2142 1595 2145 '

186 2196 331 2253 Atque
353 2197 472 2241 oleae
490 2213 638 2241 ramos
657 2215 908 2258 pomorum
936 2216 994 2243 ex
1014 2202 1170 2244 ordine
1194 2200 1345 2244 lectos.

802 2306 1077 2340 TERTII

186 2370 368 2427 Teque,
399 2371 543 2421 Pale&
583 2381 623 2416 et
646 2382 689 2417 te
706 2382 862 2433 pastor
885 2376 1180 2419 memorande
1198 2392 1282 2435 per
1301 2376 1474 2431 orbem,

186 2426 246 2470 Et
267 2444 484 2485 pecorum
505 2430 671 2482 cultus,
702 2440 743 2474 et
765 2433 966 2489 gramine
985 2449 1149 2491 pascua
1169 2434 1292 2488 laeta,

186 2485 299 2538 Quis
320 2485 516 2529 habitent
535 2498 733 2531 armenta
759 2490 889 2543 locis,
920 2491 1203 2535 stabulentur
1225 2500 1270 2536 et
1289 2493 1403 2551 agni,
1654 2495 1707 2538 15
1744 2516 1768 2543 η

186 2542 349 2586 Omnia
371 2544 518 2587 divino
539 2548 803 2591 monstravit
822 2550 1018 2593 carmine
1038 2557 1168 2593 vates.

791 2654 1092 2694 QUARTI

184 2715 395 2759 Protinus
417 2717 519 2759 aerii
539 2718 681 2762 mellis
703 2720 944 2765 redolentia
962 2739 1113 2781 regna,

188 2773 405 2832 Hyblaeas
429 2783 471 2817 et
495 2790 595 2833 apes
609 2809 620 2829 ‚
655 2778 861 2821 alvorum
881 2796 1002 2823 cerea
1021 2790 1149 2826 tecta.

233 2866 279 2902 53
301 2867 394 2900 Bene
418 2868 644 2910 Burmannus,
670 2879 712 2904 ut
730 2869 912 2917 infractos
971 2874 1147 2908 Extabant
1181 2874 1289 2910 iidem
1315 2876 1354 2910 in
1379 2876 1459 2911 cod.
1485 2876 1586 2910 Rom.
1614 2875 1707 2922 apud

186 2914 279 2949 vidit
305 2915 458 2949 cessisse
478 2917 645 2950 Latinos.
973 2921 1120 2964 Bostar„
1146 2923 1210 2956 sed
1228 2923 1399 2969 corrupti.

1023 2970 1067 3003 12
1083 2969 1109 3002 f.
1134 2972 1257 3016 Atque
1275 2972 1397 3014 oleae,
1432 2979 1470 3005 et
1489 2982 1613 3005 ramos
1637 2982 1707 3017 po-

229 3008 315 3052 XV,
338 3008 361 3044 5
386 3008 469 3044 Vid.
495 3010 610 3044 Burm-
635 3011 699 3046 Ge.
724 3013 753 3054 1,
782 3023 817 3056 p.
837 3013 914 3048 170.
976 3027 1125 3050 morum.
