<?xml version="1.0" encoding="UTF-8"?>
<!DOCTYPE html PUBLIC "-//W3C//DTD XHTML 1.0 Transitional//EN"
    "http://www.w3.org/TR/xhtml1/DTD/xhtml1-transitional.dtd">
<html xmlns="http://www.w3.org/1999/xhtml" xml:lang="en" lang="en">
 <head>
  <title>
</title>
<meta http-equiv="Content-Type" content="text/html;charset=utf-8" />
  <meta name='ocr-system' content='tesseract 3.04.00' />
  <meta name='ocr-capabilities' content='ocr_page ocr_carea ocr_par ocr_line ocrx_word'/>
</head>
<body>
  <div class='ocr_page' id='page_1' title='image "./publiusvirgilius01virguoft/publiusvirgilius01virguoft_0743.png"; bbox 0 0 1734 3320; ppageno 0'>
   <div class='ocr_carea' id='block_1_1' title="bbox 241 187 1544 282">
    <p class='ocr_par' dir='ltr' id='par_1_1' title="bbox 241 187 1544 282">
     <span class='ocr_line' id='line_1_1' title="bbox 241 187 1544 282; baseline 0.004 -11"><span class='ocrx_word' id='word_1_1' title='bbox 241 187 727 272; x_wconf 76' lang='lat' dir='ltr'><strong>GEoReicoN</strong></span> <span class='ocrx_word' id='word_1_2' title='bbox 761 218 905 269; x_wconf 78' lang='lat' dir='ltr'><strong>Lm.</strong></span> <span class='ocrx_word' id='word_1_3' title='bbox 925 219 1018 282; x_wconf 92' lang='lat'>111,</span> <span class='ocrx_word' id='word_1_4' title='bbox 1043 222 1333 274; x_wconf 74' lang='lat'>432-438</span> <span class='ocrx_word' id='word_1_5' title='bbox 1441 226 1544 276; x_wconf 81' lang='lat'><strong>573</strong></span> 
     </span>
    </p>
   </div>
   <div class='ocr_carea' id='block_1_2' title="bbox 0 163 44 326">
    <p class='ocr_par' dir='ltr' id='par_1_2' title="bbox 0 163 44 326">
     <span class='ocr_line' id='line_1_2' title="bbox 0 163 44 235; baseline 0 0"><span class='ocrx_word' id='word_1_6' title='bbox 0 163 44 235; x_wconf 52' lang='grc' dir='ltr'><strong>ἓ,</strong></span> 
     </span>
     <span class='ocr_line' id='line_1_3' title="bbox 0 263 22 326; baseline -0.182 1"><span class='ocrx_word' id='word_1_7' title='bbox 0 263 22 326; x_wconf 62' lang='grc' dir='ltr'><strong>ἒ,</strong></span> 
     </span>
    </p>
   </div>
   <div class='ocr_carea' id='block_1_3' title="bbox 0 344 1543 626">
    <p class='ocr_par' dir='ltr' id='par_1_3' title="bbox 0 344 1543 626">
     <span class='ocr_line' id='line_1_4' title="bbox 0 344 1543 414; baseline 0.002 -14"><span class='ocrx_word' id='word_1_8' title='bbox 0 349 132 401; x_wconf 71' lang='lat' dir='ltr'><strong>sNec</strong></span> <span class='ocrx_word' id='word_1_9' title='bbox 149 346 285 398; x_wconf 84' lang='lat' dir='ltr'><strong>mihi</strong></span> <span class='ocrx_word' id='word_1_10' title='bbox 310 355 427 397; x_wconf 88' lang='lat' dir='ltr'><strong>tum</strong></span> <span class='ocrx_word' id='word_1_11' title='bbox 445 345 627 395; x_wconf 89' lang='lat' dir='ltr'><strong>mollis</strong></span> <span class='ocrx_word' id='word_1_12' title='bbox 646 345 746 395; x_wconf 89' lang='lat' dir='ltr'><strong>sub</strong></span> <span class='ocrx_word' id='word_1_13' title='bbox 772 344 896 395; x_wconf 85' lang='lat' dir='ltr'><strong>divo</strong></span> <span class='ocrx_word' id='word_1_14' title='bbox 927 346 1145 413; x_wconf 84' lang='lat' dir='ltr'><strong>carpere</strong></span> <span class='ocrx_word' id='word_1_15' title='bbox 1170 364 1408 414; x_wconf 79' lang='lat' dir='ltr'><strong>somnOS‚</strong></span> <span class='ocrx_word' id='word_1_16' title='bbox 1441 353 1543 402; x_wconf 84' lang='lat'><strong>435</strong></span> 
     </span>
     <span class='ocr_line' id='line_1_5' title="bbox 14 415 1385 483; baseline -0.001 -13"><span class='ocrx_word' id='word_1_17' title='bbox 14 420 140 470; x_wconf 80' lang='lat' dir='ltr'><strong>Neu</strong></span> <span class='ocrx_word' id='word_1_18' title='bbox 159 417 327 469; x_wconf 86' lang='lat' dir='ltr'><strong>dorso</strong></span> <span class='ocrx_word' id='word_1_19' title='bbox 346 415 588 467; x_wconf 87' lang='lat' dir='ltr'><strong>nemoris</strong></span> <span class='ocrx_word' id='word_1_20' title='bbox 613 415 779 465; x_wconf 80' lang='lat' dir='ltr'><strong>libeat</strong></span> <span class='ocrx_word' id='word_1_21' title='bbox 802 416 1022 466; x_wconf 83' lang='lat' dir='ltr'><strong>iacuisse</strong></span> <span class='ocrx_word' id='word_1_22' title='bbox 1046 433 1147 483; x_wconf 89' lang='lat' dir='ltr'><strong>per</strong></span> <span class='ocrx_word' id='word_1_23' title='bbox 1163 416 1385 470; x_wconf 84' lang='lat' dir='ltr'><strong>herbas:</strong></span> 
     </span>
     <span class='ocr_line' id='line_1_6' title="bbox 18 485 1411 555; baseline 0 -17"><span class='ocrx_word' id='word_1_24' title='bbox 18 490 204 552; x_wconf 83' lang='lat' dir='ltr'><strong>Quum</strong></span> <span class='ocrx_word' id='word_1_25' title='bbox 225 487 413 555; x_wconf 87' lang='lat' dir='ltr'><strong>positis</strong></span> <span class='ocrx_word' id='word_1_26' title='bbox 435 502 609 536; x_wconf 88' lang='lat' dir='ltr'><strong>novus</strong></span> <span class='ocrx_word' id='word_1_27' title='bbox 636 486 833 536; x_wconf 82' lang='lat' dir='ltr'><strong>exuviis</strong></span> <span class='ocrx_word' id='word_1_28' title='bbox 858 485 1169 554; x_wconf 75' lang='lat' dir='ltr'><strong>nitidusque</strong></span> <span class='ocrx_word' id='word_1_29' title='bbox 1196 487 1411 538; x_wconf 85' lang='lat' dir='ltr'><strong>iuventa</strong></span> 
     </span>
     <span class='ocr_line' id='line_1_7' title="bbox 16 556 1403 626; baseline -0.003 -15"><span class='ocrx_word' id='word_1_30' title='bbox 16 556 293 623; x_wconf 79' lang='lat' dir='ltr'>Volvitur,</span> <span class='ocrx_word' id='word_1_31' title='bbox 331 565 421 607; x_wconf 86' lang='lat' dir='ltr'><strong>aut</strong></span> <span class='ocrx_word' id='word_1_32' title='bbox 441 556 647 607; x_wconf 88' lang='lat' dir='ltr'><strong>catulos</strong></span> <span class='ocrx_word' id='word_1_33' title='bbox 668 557 822 607; x_wconf 87' lang='lat' dir='ltr'><strong>tectis</strong></span> <span class='ocrx_word' id='word_1_34' title='bbox 846 565 936 607; x_wconf 82' lang='lat' dir='ltr'><strong>aut</strong></span> <span class='ocrx_word' id='word_1_35' title='bbox 958 556 1058 607; x_wconf 64' lang='lat' dir='ltr'><strong>ova</strong></span> <span class='ocrx_word' id='word_1_36' title='bbox 1075 557 1403 626; x_wconf 72' lang='lat' dir='ltr'><strong>rehnquem,</strong></span> 
     </span>
    </p>
   </div>
   <div class='ocr_carea' id='block_1_4' title="bbox 0 683 1543 782">
    <p class='ocr_par' dir='ltr' id='par_1_4' title="bbox 0 683 1543 782">
     <span class='ocr_line' id='line_1_8' title="bbox 0 683 1542 730; baseline -0.002 -7"><span class='ocrx_word' id='word_1_37' title='bbox 0 683 3 685; x_wconf 41' lang='grc'><strong><em>’</em></strong></span> <span class='ocrx_word' id='word_1_38' title='bbox 62 686 135 726; x_wconf 70' lang='lat'><strong>435</strong></span> <span class='ocrx_word' id='word_1_39' title='bbox 157 688 239 723; x_wconf 78' lang='lat' dir='ltr'><strong>Nee</strong></span> <span class='ocrx_word' id='word_1_40' title='bbox 261 687 352 722; x_wconf 74' lang='lat' dir='ltr'><strong>mihi</strong></span> <span class='ocrx_word' id='word_1_41' title='bbox 364 687 496 722; x_wconf 83' lang='lat' dir='ltr'><strong>Medic.</strong></span> <span class='ocrx_word' id='word_1_42' title='bbox 517 688 641 721; x_wconf 82' lang='lat' dir='ltr'><strong>Franc.</strong></span> <span class='ocrx_word' id='word_1_43' title='bbox 668 687 740 721; x_wconf 84' lang='lat' dir='ltr'><strong>duo</strong></span> <span class='ocrx_word' id='word_1_44' title='bbox 763 686 930 730; x_wconf 79' lang='lat' dir='ltr'><strong>Martini,</strong></span> <span class='ocrx_word' id='word_1_45' title='bbox 964 699 1042 721; x_wconf 89' lang='lat' dir='ltr'><strong>cum</strong></span> <span class='ocrx_word' id='word_1_46' title='bbox 1069 687 1124 721; x_wconf 91' lang='lat' dir='ltr'><strong>ed.</strong></span> <span class='ocrx_word' id='word_1_47' title='bbox 1155 687 1267 721; x_wconf 84' lang='lat' dir='ltr'><strong>Paris.</strong></span> <span class='ocrx_word' id='word_1_48' title='bbox 1299 686 1411 730; x_wconf 85' lang='lat'>1494,</span> <span class='ocrx_word' id='word_1_49' title='bbox 1433 687 1542 721; x_wconf 86' lang='lat' dir='ltr'><strong>Goth.</strong></span> 
     </span>
     <span class='ocr_line' id='line_1_9' title="bbox 0 734 1543 782; baseline -0.003 -11"><span class='ocrx_word' id='word_1_50' title='bbox 0 742 109 777; x_wconf 60' lang='grc' dir='ltr'><strong>’.ως</strong></span> <span class='ocrx_word' id='word_1_51' title='bbox 143 742 181 770; x_wconf 79' lang='lat' dir='ltr'><strong>et</strong></span> <span class='ocrx_word' id='word_1_52' title='bbox 205 734 258 770; x_wconf 72' lang='lat' dir='ltr'><strong>tic</strong></span> <span class='ocrx_word' id='word_1_53' title='bbox 276 747 334 782; x_wconf 73' lang='lat' dir='ltr'><strong>ap.</strong></span> <span class='ocrx_word' id='word_1_54' title='bbox 363 734 531 776; x_wconf 87' lang='lat' dir='ltr'><strong>Quinctil.</strong></span> <span class='ocrx_word' id='word_1_55' title='bbox 563 735 629 777; x_wconf 77' lang='lat' dir='ltr'><strong>IX,</strong></span> <span class='ocrx_word' id='word_1_56' title='bbox 654 747 684 768; x_wconf 92' lang='lat' dir='ltr'><strong>c.</strong></span> <span class='ocrx_word' id='word_1_57' title='bbox 714 735 750 776; x_wconf 84' lang='lat'><strong>3,</strong></span> <span class='ocrx_word' id='word_1_58' title='bbox 774 736 835 768; x_wconf 89' lang='lat' dir='ltr'><strong>ubi</strong></span> <span class='ocrx_word' id='word_1_59' title='bbox 860 734 898 768; x_wconf 84' lang='lat' dir='ltr'><strong>in</strong></span> <span class='ocrx_word' id='word_1_60' title='bbox 925 735 1024 768; x_wconf 83' lang='lat' dir='ltr'><strong>aliis:</strong></span> <span class='ocrx_word' id='word_1_61' title='bbox 1057 735 1137 768; x_wconf 82' lang='lat' dir='ltr'><strong>Nec</strong></span> <span class='ocrx_word' id='word_1_62' title='bbox 1150 744 1263 768; x_wconf 81' lang='lat' dir='ltr'><strong>noctu</strong></span> <span class='ocrx_word' id='word_1_63' title='bbox 1281 735 1421 770; x_wconf 80' lang='lat' dir='ltr'><strong>molles.</strong></span> <span class='ocrx_word' id='word_1_64' title='bbox 1446 735 1543 780; x_wconf 85' lang='lat' dir='ltr'><strong>quod</strong></span> 
     </span>
    </p>
   </div>
   <div class='ocr_carea' id='block_1_5' title="bbox 12 796 183 876">
    <p class='ocr_par' dir='ltr' id='par_1_5' title="bbox 12 796 183 876">
     <span class='ocr_line' id='line_1_10' title="bbox 12 796 183 876; baseline -0.012 -10"><span class='ocrx_word' id='word_1_65' title='bbox 12 829 92 866; x_wconf 64' lang='grc' dir='ltr'><strong>ω.</strong></span> <span class='ocrx_word' id='word_1_66' title='bbox 133 796 183 876; x_wconf 55' lang='grc' dir='ltr'><strong>(ἓν</strong></span> 
     </span>
    </p>
   </div>
   <div class='ocr_carea' id='block_1_6' title="bbox 9 781 1589 2009">
    <p class='ocr_par' dir='ltr' id='par_1_6' title="bbox 14 781 1543 830">
     <span class='ocr_line' id='line_1_11' title="bbox 14 781 1543 830; baseline -0.002 -12"><span class='ocrx_word' id='word_1_67' title='bbox 14 782 130 830; x_wconf 71' lang='lat' dir='ltr'><strong>recipi</strong></span> <span class='ocrx_word' id='word_1_68' title='bbox 173 789 331 825; x_wconf 58' lang='lat' dir='ltr'><strong>Restat,</strong></span> <span class='ocrx_word' id='word_1_69' title='bbox 364 789 402 816; x_wconf 89' lang='lat' dir='ltr'><strong>ut</strong></span> <span class='ocrx_word' id='word_1_70' title='bbox 418 781 585 827; x_wconf 86' lang='lat' dir='ltr'><strong>iungatur</strong></span> <span class='ocrx_word' id='word_1_71' title='bbox 615 781 791 816; x_wconf 82' lang='lat' dir='ltr'><strong>sententia</strong></span> <span class='ocrx_word' id='word_1_72' title='bbox 810 794 887 816; x_wconf 88' lang='lat' dir='ltr'><strong>cum</strong></span> <span class='ocrx_word' id='word_1_73' title='bbox 910 782 1204 816; x_wconf 76' lang='lat' dir='ltr'><strong>antecedentibus</strong></span> <span class='ocrx_word' id='word_1_74' title='bbox 1225 789 1262 815; x_wconf 87' lang='lat' dir='ltr'><strong>et</strong></span> <span class='ocrx_word' id='word_1_75' title='bbox 1279 782 1395 815; x_wconf 84' lang='lat' dir='ltr'><strong>lenior</strong></span> <span class='ocrx_word' id='word_1_76' title='bbox 1410 793 1543 827; x_wconf 85' lang='lat' dir='ltr'><strong>proce·-</strong></span> 
     </span>
    </p>

    <p class='ocr_par' dir='ltr' id='par_1_7' title="bbox 9 828 1589 2009">
     <span class='ocr_line' id='line_1_12' title="bbox 182 828 1589 875; baseline 0 -12"><span class='ocrx_word' id='word_1_77' title='bbox 182 829 268 875; x_wconf 83' lang='lat' dir='ltr'><strong>nlgo</strong></span> <span class='ocrx_word' id='word_1_78' title='bbox 296 828 389 863; x_wconf 87' lang='lat' dir='ltr'><strong>enim</strong></span> <span class='ocrx_word' id='word_1_79' title='bbox 412 842 478 871; x_wconf 87' lang='lat' dir='ltr'><strong>ne,</strong></span> <span class='ocrx_word' id='word_1_80' title='bbox 502 830 599 875; x_wconf 88' lang='lat' dir='ltr'><strong>quod</strong></span> <span class='ocrx_word' id='word_1_81' title='bbox 623 829 758 863; x_wconf 81' lang='lat' dir='ltr'><strong>incuria</strong></span> <span class='ocrx_word' id='word_1_82' title='bbox 783 830 819 863; x_wconf 90' lang='lat' dir='ltr'><strong>in</strong></span> <span class='ocrx_word' id='word_1_83' title='bbox 848 836 948 863; x_wconf 83' lang='lat' dir='ltr'><strong>textu</strong></span> <span class='ocrx_word' id='word_1_84' title='bbox 976 842 997 863; x_wconf 90' lang='lat' dir='ltr'><strong>a</strong></span> <span class='ocrx_word' id='word_1_85' title='bbox 1024 841 1063 863; x_wconf 87' lang='lat' dir='ltr'><strong>se</strong></span> <span class='ocrx_word' id='word_1_86' title='bbox 1091 828 1251 862; x_wconf 86' lang='lat' dir='ltr'><strong>relictum</strong></span> <span class='ocrx_word' id='word_1_87' title='bbox 1279 829 1330 863; x_wconf 90' lang='lat' dir='ltr'><strong>ait</strong></span> <span class='ocrx_word' id='word_1_88' title='bbox 1353 828 1542 863; x_wconf 80' lang='lat' dir='ltr'><strong>Wunderl.</strong></span> <span class='ocrx_word' id='word_1_89' title='bbox 1584 859 1589 863; x_wconf 93' lang='lat'><strong>.</strong></span> 
     </span>
     <span class='ocr_line' id='line_1_13' title="bbox 13 876 1541 924; baseline -0.002 -11"><span class='ocrx_word' id='word_1_90' title='bbox 13 877 132 914; x_wconf 53' lang='lat' dir='ltr'><strong>‘mef-</strong></span> <span class='ocrx_word' id='word_1_91' title='bbox 149 888 187 924; x_wconf 80' lang='lat' dir='ltr'><strong>p.</strong></span> <span class='ocrx_word' id='word_1_92' title='bbox 212 877 302 919; x_wconf 67' lang='lat' dir='ltr'><strong>vn„</strong></span> <span class='ocrx_word' id='word_1_93' title='bbox 335 882 529 910; x_wconf 82' lang='lat' dir='ltr'><strong>retractata</strong></span> <span class='ocrx_word' id='word_1_94' title='bbox 559 876 752 919; x_wconf 82' lang='lat' dir='ltr'><strong>sententia,</strong></span> <span class='ocrx_word' id='word_1_95' title='bbox 791 889 892 922; x_wconf 90' lang='lat' dir='ltr'><strong>quam</strong></span> <span class='ocrx_word' id='word_1_96' title='bbox 915 877 1008 910; x_wconf 84' lang='lat' dir='ltr'><strong>idem</strong></span> <span class='ocrx_word' id='word_1_97' title='bbox 1034 876 1321 922; x_wconf 83' lang='lat' dir='ltr'><strong>pronuntiaverat</strong></span> <span class='ocrx_word' id='word_1_98' title='bbox 1339 876 1541 910; x_wconf 83' lang='lat' dir='ltr'><strong>Observatt.</strong></span> 
     </span>
     <span class='ocr_line' id='line_1_14' title="bbox 16 922 1542 972; baseline -0.003 -12"><span class='ocrx_word' id='word_1_99' title='bbox 16 925 63 960; x_wconf 69' lang='lat' dir='ltr'><strong>ad</strong></span> <span class='ocrx_word' id='word_1_100' title='bbox 85 923 221 972; x_wconf 71' lang='lat' dir='ltr'><strong>Tibull.</strong></span> <span class='ocrx_word' id='word_1_101' title='bbox 239 925 266 967; x_wconf 87' lang='lat'><strong>1,</strong></span> <span class='ocrx_word' id='word_1_102' title='bbox 288 925 326 967; x_wconf 78' lang='lat'><strong>2,</strong></span> <span class='ocrx_word' id='word_1_103' title='bbox 350 924 431 964; x_wconf 83' lang='lat'><strong>37.;</strong></span> <span class='ocrx_word' id='word_1_104' title='bbox 466 923 613 958; x_wconf 84' lang='lat' dir='ltr'><strong>retinuit</strong></span> <span class='ocrx_word' id='word_1_105' title='bbox 634 931 751 957; x_wconf 90' lang='lat' dir='ltr'><strong>tamen</strong></span> <span class='ocrx_word' id='word_1_106' title='bbox 768 924 921 958; x_wconf 84' lang='lat' dir='ltr'><strong>Iahnius.</strong></span> <span class='ocrx_word' id='word_1_107' title='bbox 946 926 1001 958; x_wconf 87' lang='lat' dir='ltr'><em>W</em></span> <span class='ocrx_word' id='word_1_108' title='bbox 997 925 1041 968; x_wconf 88' lang='lat' dir='ltr'><strong>r.)</strong></span> <span class='ocrx_word' id='word_1_109' title='bbox 1092 922 1160 957; x_wconf 79' lang='lat' dir='ltr'><strong>sub</strong></span> <span class='ocrx_word' id='word_1_110' title='bbox 1176 924 1263 957; x_wconf 79' lang='lat' dir='ltr'><strong>divo</strong></span> <span class='ocrx_word' id='word_1_111' title='bbox 1282 923 1389 968; x_wconf 85' lang='lat' dir='ltr'><strong>vulgo</strong></span> <span class='ocrx_word' id='word_1_112' title='bbox 1407 923 1542 956; x_wconf 84' lang='lat' dir='ltr'><strong>editum</strong></span> 
     </span>
     <span class='ocr_line' id='line_1_15' title="bbox 13 970 1543 1016; baseline -0.002 -10"><span class='ocrx_word' id='word_1_113' title='bbox 13 978 100 1013; x_wconf 59' lang='lat' dir='ltr'><strong>unte</strong></span> <span class='ocrx_word' id='word_1_114' title='bbox 118 971 313 1014; x_wconf 67' lang='lat' dir='ltr'><strong>Pulmann„</strong></span> <span class='ocrx_word' id='word_1_115' title='bbox 346 972 468 1016; x_wconf 78' lang='lat' dir='ltr'><strong>sicque</strong></span> <span class='ocrx_word' id='word_1_116' title='bbox 488 971 566 1005; x_wconf 77' lang='lat' dir='ltr'><strong>fere</strong></span> <span class='ocrx_word' id='word_1_117' title='bbox 593 971 710 1014; x_wconf 67' lang='lat' dir='ltr'><strong>codd„</strong></span> <span class='ocrx_word' id='word_1_118' title='bbox 735 971 839 1004; x_wconf 87' lang='lat' dir='ltr'><strong>etiam</strong></span> <span class='ocrx_word' id='word_1_119' title='bbox 866 971 996 1005; x_wconf 81' lang='lat' dir='ltr'><strong>Medic.</strong></span> <span class='ocrx_word' id='word_1_120' title='bbox 1025 978 1058 1004; x_wconf 89' lang='lat' dir='ltr'><strong>et</strong></span> <span class='ocrx_word' id='word_1_121' title='bbox 1079 971 1203 1011; x_wconf 89' lang='lat' dir='ltr'><strong>Rom.‚</strong></span> <span class='ocrx_word' id='word_1_122' title='bbox 1237 970 1344 1015; x_wconf 87' lang='lat' dir='ltr'><strong>idque</strong></span> <span class='ocrx_word' id='word_1_123' title='bbox 1362 970 1543 1004; x_wconf 83' lang='lat' dir='ltr'><strong>revocavit</strong></span> 
     </span>
     <span class='ocr_line' id='line_1_16' title="bbox 13 1017 1543 1063; baseline -0.003 -9"><span class='ocrx_word' id='word_1_124' title='bbox 13 1019 166 1054; x_wconf 79' lang='lat' dir='ltr'><strong>Brunck.</strong></span> <span class='ocrx_word' id='word_1_125' title='bbox 197 1019 379 1053; x_wconf 86' lang='lat' dir='ltr'><strong>Pulmann.</strong></span> <span class='ocrx_word' id='word_1_126' title='bbox 406 1018 578 1052; x_wconf 83' lang='lat' dir='ltr'><strong>intulerat</strong></span> <span class='ocrx_word' id='word_1_127' title='bbox 608 1017 675 1052; x_wconf 84' lang='lat' dir='ltr'><strong>sub</strong></span> <span class='ocrx_word' id='word_1_128' title='bbox 705 1019 786 1059; x_wconf 81' lang='lat' dir='ltr'><strong>dio3</strong></span> <span class='ocrx_word' id='word_1_129' title='bbox 821 1018 873 1051; x_wconf 91' lang='lat' dir='ltr'><strong>nil</strong></span> <span class='ocrx_word' id='word_1_130' title='bbox 895 1019 1027 1055; x_wconf 78' lang='lat' dir='ltr'><strong>refert3</strong></span> <span class='ocrx_word' id='word_1_131' title='bbox 1063 1018 1127 1051; x_wconf 85' lang='lat' dir='ltr'><strong>sed</strong></span> <span class='ocrx_word' id='word_1_132' title='bbox 1158 1018 1245 1051; x_wconf 83' lang='lat' dir='ltr'><strong>divo</strong></span> <span class='ocrx_word' id='word_1_133' title='bbox 1275 1024 1330 1051; x_wconf 89' lang='lat' dir='ltr'><strong>est</strong></span> <span class='ocrx_word' id='word_1_134' title='bbox 1364 1017 1543 1063; x_wconf 83' lang='lat' dir='ltr'><strong>antiquior</strong></span> 
     </span>
     <span class='ocr_line' id='line_1_17' title="bbox 15 1064 1541 1114; baseline -0.002 -13"><span class='ocrx_word' id='word_1_135' title='bbox 15 1066 214 1114; x_wconf 67' lang='lat' dir='ltr'><strong>scriptura,</strong></span> <span class='ocrx_word' id='word_1_136' title='bbox 237 1073 277 1100; x_wconf 86' lang='lat' dir='ltr'><strong>ut</strong></span> <span class='ocrx_word' id='word_1_137' title='bbox 299 1065 406 1100; x_wconf 81' lang='lat' dir='ltr'><strong>etiam</strong></span> <span class='ocrx_word' id='word_1_138' title='bbox 429 1077 473 1099; x_wconf 83' lang='lat' dir='ltr'><strong>ex</strong></span> <span class='ocrx_word' id='word_1_139' title='bbox 500 1065 668 1100; x_wconf 85' lang='lat' dir='ltr'><strong>Lucretio</strong></span> <span class='ocrx_word' id='word_1_140' title='bbox 695 1072 804 1111; x_wconf 86' lang='lat' dir='ltr'><strong>patet.</strong></span> <span class='ocrx_word' id='word_1_141' title='bbox 853 1065 962 1099; x_wconf 83' lang='lat' dir='ltr'><strong>Goth.</strong></span> <span class='ocrx_word' id='word_1_142' title='bbox 993 1065 1085 1099; x_wconf 88' lang='lat' dir='ltr'><strong>alter</strong></span> <span class='ocrx_word' id='word_1_143' title='bbox 1111 1064 1216 1097; x_wconf 87' lang='lat' dir='ltr'><strong>etiam</strong></span> <span class='ocrx_word' id='word_1_144' title='bbox 1243 1065 1346 1099; x_wconf 83' lang='lat' dir='ltr'><strong>molli</strong></span> <span class='ocrx_word' id='word_1_145' title='bbox 1373 1077 1394 1098; x_wconf 85' lang='lat' dir='ltr'><strong>a</strong></span> <span class='ocrx_word' id='word_1_146' title='bbox 1424 1077 1470 1098; x_wconf 90' lang='lat' dir='ltr'><strong>m.</strong></span> <span class='ocrx_word' id='word_1_147' title='bbox 1486 1076 1541 1110; x_wconf 87' lang='lat' dir='ltr'><strong>pr.</strong></span> 
     </span>
     <span class='ocr_line' id='line_1_18' title="bbox 15 1112 1541 1160; baseline -0.001 -12"><span class='ocrx_word' id='word_1_148' title='bbox 15 1114 162 1160; x_wconf 71' lang='lat' dir='ltr'><strong>(molles</strong></span> <span class='ocrx_word' id='word_1_149' title='bbox 175 1112 305 1148; x_wconf 80' lang='lat' dir='ltr'><strong>Medic.</strong></span> <span class='ocrx_word' id='word_1_150' title='bbox 334 1112 430 1157; x_wconf 85' lang='lat' dir='ltr'><strong>Wr.)</strong></span> <span class='ocrx_word' id='word_1_151' title='bbox 477 1113 574 1147; x_wconf 72' lang='lat' dir='ltr'><em>clivo</em></span> <span class='ocrx_word' id='word_1_152' title='bbox 600 1112 769 1146; x_wconf 79' lang='lat' dir='ltr'><strong>Arnudel.</strong></span> <span class='ocrx_word' id='word_1_153' title='bbox 864 1113 936 1149; x_wconf 87' lang='grc'><strong>436</strong></span> <span class='ocrx_word' id='word_1_154' title='bbox 958 1113 1068 1146; x_wconf 74' lang='lat' dir='ltr'><strong>sileae</strong></span> <span class='ocrx_word' id='word_1_155' title='bbox 1086 1112 1245 1145; x_wconf 80' lang='lat' dir='ltr'><strong>iacuisse</strong></span> <span class='ocrx_word' id='word_1_156' title='bbox 1261 1113 1441 1151; x_wconf 86' lang='lat' dir='ltr'><strong>Venetus,</strong></span> <span class='ocrx_word' id='word_1_157' title='bbox 1472 1123 1541 1156; x_wconf 86' lang='lat' dir='ltr'><strong>pro</strong></span> 
     </span>
     <span class='ocr_line' id='line_1_19' title="bbox 16 1158 1542 1206; baseline -0.004 -9"><span class='ocrx_word' id='word_1_158' title='bbox 16 1161 149 1204; x_wconf 71' lang='lat' dir='ltr'><strong>liceat,</strong></span> <span class='ocrx_word' id='word_1_159' title='bbox 181 1166 285 1206; x_wconf 75' lang='lat' dir='ltr'><strong>putat</strong></span> <span class='ocrx_word' id='word_1_160' title='bbox 305 1161 436 1202; x_wconf 66' lang='lat' dir='ltr'><strong>But-m„</strong></span> <span class='ocrx_word' id='word_1_161' title='bbox 469 1172 573 1205; x_wconf 90' lang='lat' dir='ltr'><strong>quem</strong></span> <span class='ocrx_word' id='word_1_162' title='bbox 595 1160 687 1193; x_wconf 83' lang='lat' dir='ltr'><strong>vide.</strong></span> <span class='ocrx_word' id='word_1_163' title='bbox 736 1158 849 1193; x_wconf 80' lang='lat' dir='ltr'><strong>libeat</strong></span> <span class='ocrx_word' id='word_1_164' title='bbox 865 1161 1025 1194; x_wconf 84' lang='lat' dir='ltr'><strong>dormire</strong></span> <span class='ocrx_word' id='word_1_165' title='bbox 1040 1158 1131 1192; x_wconf 87' lang='lat' dir='ltr'><strong>alter</strong></span> <span class='ocrx_word' id='word_1_166' title='bbox 1150 1159 1330 1200; x_wconf 67' lang='lat' dir='ltr'><strong>Rottend„</strong></span> <span class='ocrx_word' id='word_1_167' title='bbox 1364 1171 1407 1192; x_wconf 80' lang='lat' dir='ltr'><strong>ex</strong></span> <span class='ocrx_word' id='word_1_168' title='bbox 1424 1158 1542 1192; x_wconf 80' lang='lat' dir='ltr'><strong>inter—-</strong></span> 
     </span>
     <span class='ocr_line' id='line_1_20' title="bbox 11 1205 1541 1256; baseline -0.003 -13"><span class='ocrx_word' id='word_1_169' title='bbox 11 1209 231 1256; x_wconf 71' lang='lat' dir='ltr'><strong>pretatione.</strong></span> <span class='ocrx_word' id='word_1_170' title='bbox 272 1208 374 1253; x_wconf 74' lang='lat' dir='ltr'><strong>(Aen.</strong></span> <span class='ocrx_word' id='word_1_171' title='bbox 400 1209 436 1249; x_wconf 91' lang='lat'><strong>1,</strong></span> <span class='ocrx_word' id='word_1_172' title='bbox 458 1207 559 1243; x_wconf 80' lang='lat'><strong>214.:</strong></span> <span class='ocrx_word' id='word_1_173' title='bbox 594 1206 767 1252; x_wconf 84' lang='lat' dir='ltr'><strong>„fusique</strong></span> <span class='ocrx_word' id='word_1_174' title='bbox 789 1220 857 1252; x_wconf 85' lang='lat' dir='ltr'><strong>per</strong></span> <span class='ocrx_word' id='word_1_175' title='bbox 878 1205 1078 1247; x_wconf 81' lang='lat' dir='ltr'><strong>herbam;“</strong></span> <span class='ocrx_word' id='word_1_176' title='bbox 1116 1211 1154 1238; x_wconf 87' lang='lat' dir='ltr'><strong>et</strong></span> <span class='ocrx_word' id='word_1_177' title='bbox 1182 1205 1233 1239; x_wconf 84' lang='lat' dir='ltr'><strong>ita</strong></span> <span class='ocrx_word' id='word_1_178' title='bbox 1256 1205 1364 1246; x_wconf 87' lang='lat' dir='ltr'><strong>alias;</strong></span> <span class='ocrx_word' id='word_1_179' title='bbox 1397 1205 1461 1238; x_wconf 87' lang='lat' dir='ltr'><strong>sed</strong></span> <span class='ocrx_word' id='word_1_180' title='bbox 1478 1217 1541 1239; x_wconf 85' lang='lat' dir='ltr'><strong>re·-</strong></span> 
     </span>
     <span class='ocr_line' id='line_1_21' title="bbox 14 1251 1542 1302; baseline -0.003 -11"><span class='ocrx_word' id='word_1_181' title='bbox 14 1257 75 1291; x_wconf 66' lang='lat' dir='ltr'><strong>eto</strong></span> <span class='ocrx_word' id='word_1_182' title='bbox 96 1255 134 1290; x_wconf 82' lang='lat' dir='ltr'><strong>h.</strong></span> <span class='ocrx_word' id='word_1_183' title='bbox 156 1254 183 1289; x_wconf 85' lang='lat' dir='ltr'><strong>l.</strong></span> <span class='ocrx_word' id='word_1_184' title='bbox 207 1267 280 1302; x_wconf 81' lang='lat' dir='ltr'><strong>per</strong></span> <span class='ocrx_word' id='word_1_185' title='bbox 303 1253 454 1294; x_wconf 62' lang='lat' dir='ltr'><strong>herba-n</strong></span> <span class='ocrx_word' id='word_1_186' title='bbox 486 1254 558 1288; x_wconf 80' lang='lat' dir='ltr'><strong>vid.</strong></span> <span class='ocrx_word' id='word_1_187' title='bbox 588 1256 631 1296; x_wconf 86' lang='lat' dir='ltr'><strong>Q.</strong></span> <span class='ocrx_word' id='word_1_188' title='bbox 662 1255 707 1288; x_wconf 86' lang='lat' dir='ltr'><strong>V.</strong></span> <span class='ocrx_word' id='word_1_189' title='bbox 736 1255 852 1296; x_wconf 82' lang='lat' dir='ltr'>VIIII,</span> <span class='ocrx_word' id='word_1_190' title='bbox 874 1254 918 1295; x_wconf 86' lang='lat'><strong>3,</strong></span> <span class='ocrx_word' id='word_1_191' title='bbox 942 1255 1000 1287; x_wconf 89' lang='lat'><strong>111.</strong></span> <span class='ocrx_word' id='word_1_192' title='bbox 1042 1255 1095 1288; x_wconf 88' lang='lat' dir='ltr'><em>W</em></span> <span class='ocrx_word' id='word_1_193' title='bbox 1094 1252 1138 1297; x_wconf 85' lang='lat' dir='ltr'><strong>r.)</strong></span> <span class='ocrx_word' id='word_1_194' title='bbox 1231 1251 1303 1288; x_wconf 81' lang='grc'><strong>437</strong></span> <span class='ocrx_word' id='word_1_195' title='bbox 1328 1254 1542 1300; x_wconf 74' lang='lat' dir='ltr'><strong>Compositis</strong></span> 
     </span>
     <span class='ocr_line' id='line_1_22' title="bbox 14 1298 1540 1344; baseline -0.003 -6"><span class='ocrx_word' id='word_1_196' title='bbox 14 1303 142 1338; x_wconf 66' lang='lat' dir='ltr'><strong>Frate·</strong></span> <span class='ocrx_word' id='word_1_197' title='bbox 162 1308 202 1336; x_wconf 79' lang='lat' dir='ltr'><strong>et</strong></span> <span class='ocrx_word' id='word_1_198' title='bbox 218 1301 385 1336; x_wconf 72' lang='lat' dir='ltr'><strong>thaz.</strong></span> <span class='ocrx_word' id='word_1_199' title='bbox 432 1301 530 1335; x_wconf 87' lang='lat' dir='ltr'><strong>Idem</strong></span> <span class='ocrx_word' id='word_1_200' title='bbox 546 1313 667 1335; x_wconf 83' lang='lat' dir='ltr'><strong>versus</strong></span> <span class='ocrx_word' id='word_1_201' title='bbox 684 1301 748 1335; x_wconf 80' lang='lat' dir='ltr'><strong>inf.</strong></span> <span class='ocrx_word' id='word_1_202' title='bbox 765 1304 852 1335; x_wconf 82' lang='lat' dir='ltr'><strong>Aen.</strong></span> <span class='ocrx_word' id='word_1_203' title='bbox 870 1303 913 1344; x_wconf 87' lang='lat'><strong>11,</strong></span> <span class='ocrx_word' id='word_1_204' title='bbox 936 1301 1019 1342; x_wconf 84' lang='lat'>473,</span> <span class='ocrx_word' id='word_1_205' title='bbox 1045 1300 1104 1334; x_wconf 91' lang='lat' dir='ltr'><strong>ubi</strong></span> <span class='ocrx_word' id='word_1_206' title='bbox 1124 1298 1249 1334; x_wconf 86' lang='lat' dir='ltr'><strong>similis</strong></span> <span class='ocrx_word' id='word_1_207' title='bbox 1268 1300 1431 1333; x_wconf 84' lang='lat' dir='ltr'><strong>varietas.</strong></span> <span class='ocrx_word' id='word_1_208' title='bbox 1468 1300 1540 1333; x_wconf 79' lang='lat' dir='ltr'><strong>Alii</strong></span> 
     </span>
     <span class='ocr_line' id='line_1_23' title="bbox 13 1347 1539 1398; baseline -0.003 -14"><span class='ocrx_word' id='word_1_209' title='bbox 13 1356 101 1398; x_wconf 78' lang='lat' dir='ltr'><strong>post</strong></span> <span class='ocrx_word' id='word_1_210' title='bbox 118 1349 212 1384; x_wconf 83' lang='lat' dir='ltr'><strong>hunc</strong></span> <span class='ocrx_word' id='word_1_211' title='bbox 229 1361 370 1384; x_wconf 79' lang='lat' dir='ltr'><strong>versum</strong></span> <span class='ocrx_word' id='word_1_212' title='bbox 388 1355 558 1395; x_wconf 78' lang='lat' dir='ltr'><strong>repetunt</strong></span> <span class='ocrx_word' id='word_1_213' title='bbox 575 1361 607 1383; x_wconf 77' lang='lat' dir='ltr'><strong>v·</strong></span> <span class='ocrx_word' id='word_1_214' title='bbox 625 1348 706 1385; x_wconf 83' lang='grc'><strong>426.</strong></span> <span class='ocrx_word' id='word_1_215' title='bbox 734 1348 803 1382; x_wconf 85' lang='lat' dir='ltr'><strong>vid.</strong></span> <span class='ocrx_word' id='word_1_216' title='bbox 827 1361 903 1394; x_wconf 85' lang='lat' dir='ltr'><strong>sup.</strong></span> <span class='ocrx_word' id='word_1_217' title='bbox 924 1348 969 1382; x_wconf 87' lang='lat' dir='ltr'><strong>ad</strong></span> <span class='ocrx_word' id='word_1_218' title='bbox 989 1348 1026 1382; x_wconf 92' lang='lat' dir='ltr'><strong>h.</strong></span> <span class='ocrx_word' id='word_1_219' title='bbox 1048 1360 1081 1381; x_wconf 87' lang='lat' dir='ltr'><strong>v.</strong></span> <span class='ocrx_word' id='word_1_220' title='bbox 1175 1347 1247 1382; x_wconf 84' lang='lat'><strong>438</strong></span> <span class='ocrx_word' id='word_1_221' title='bbox 1271 1348 1416 1394; x_wconf 79' lang='lat' dir='ltr'><strong>reponit</strong></span> <span class='ocrx_word' id='word_1_222' title='bbox 1440 1349 1539 1381; x_wconf 85' lang='lat' dir='ltr'><strong>Serv.</strong></span> 
     </span>
     <span class='ocr_line' id='line_1_24' title="bbox 13 1393 1540 1441; baseline -0.004 -8"><span class='ocrx_word' id='word_1_223' title='bbox 13 1397 62 1433; x_wconf 71' lang='lat' dir='ltr'><strong>ad</strong></span> <span class='ocrx_word' id='word_1_224' title='bbox 87 1400 175 1432; x_wconf 77' lang='lat' dir='ltr'><strong>Aen.</strong></span> <span class='ocrx_word' id='word_1_225' title='bbox 194 1398 251 1437; x_wconf 81' lang='lat'><strong>11.</strong></span> <span class='ocrx_word' id='word_1_226' title='bbox 273 1396 357 1433; x_wconf 80' lang='lat'><strong>357.</strong></span> <span class='ocrx_word' id='word_1_227' title='bbox 403 1397 585 1436; x_wconf 79' lang='lat' dir='ltr'><strong>Ceterum,</strong></span> <span class='ocrx_word' id='word_1_228' title='bbox 617 1395 758 1441; x_wconf 87' lang='lat' dir='ltr'><strong>quoties</strong></span> <span class='ocrx_word' id='word_1_229' title='bbox 784 1396 820 1429; x_wconf 86' lang='lat' dir='ltr'><strong>h.</strong></span> <span class='ocrx_word' id='word_1_230' title='bbox 852 1395 876 1430; x_wconf 87' lang='lat' dir='ltr'><strong>l.</strong></span> <span class='ocrx_word' id='word_1_231' title='bbox 906 1401 1085 1436; x_wconf 89' lang='lat' dir='ltr'><strong>retracto,</strong></span> <span class='ocrx_word' id='word_1_232' title='bbox 1124 1393 1233 1427; x_wconf 89' lang='lat' dir='ltr'><strong>otiosi</strong></span> <span class='ocrx_word' id='word_1_233' title='bbox 1261 1394 1395 1439; x_wconf 87' lang='lat' dir='ltr'><strong>aliquid</strong></span> <span class='ocrx_word' id='word_1_234' title='bbox 1422 1394 1540 1427; x_wconf 81' lang='lat' dir='ltr'><strong>inesse</strong></span> 
     </span>
     <span class='ocr_line' id='line_1_25' title="bbox 13 1440 1539 1488; baseline -0.003 -9"><span class='ocrx_word' id='word_1_235' title='bbox 13 1444 132 1480; x_wconf 67' lang='lat' dir='ltr'><strong>sentio</strong></span> <span class='ocrx_word' id='word_1_236' title='bbox 147 1444 186 1478; x_wconf 81' lang='lat' dir='ltr'><strong>in</strong></span> <span class='ocrx_word' id='word_1_237' title='bbox 206 1443 284 1478; x_wconf 76' lang='lat' dir='ltr'><strong>his:</strong></span> <span class='ocrx_word' id='word_1_238' title='bbox 310 1451 379 1478; x_wconf 73' lang='lat' dir='ltr'><strong>aut</strong></span> <span class='ocrx_word' id='word_1_239' title='bbox 405 1444 553 1478; x_wconf 74' lang='lat' dir='ltr'><strong>catulos</strong></span> <span class='ocrx_word' id='word_1_240' title='bbox 572 1445 681 1477; x_wconf 79' lang='lat' dir='ltr'><strong>tectis</strong></span> <span class='ocrx_word' id='word_1_241' title='bbox 706 1451 775 1476; x_wconf 80' lang='lat' dir='ltr'><strong>aut</strong></span> <span class='ocrx_word' id='word_1_242' title='bbox 803 1455 875 1476; x_wconf 78' lang='lat' dir='ltr'><strong>ova</strong></span> <span class='ocrx_word' id='word_1_243' title='bbox 905 1443 1142 1488; x_wconf 81' lang='lat' dir='ltr'><strong>relinquens,</strong></span> <span class='ocrx_word' id='word_1_244' title='bbox 1170 1447 1207 1474; x_wconf 87' lang='lat' dir='ltr'><strong>et</strong></span> <span class='ocrx_word' id='word_1_245' title='bbox 1231 1441 1382 1474; x_wconf 82' lang='lat' dir='ltr'><strong>offendit</strong></span> <span class='ocrx_word' id='word_1_246' title='bbox 1406 1440 1442 1474; x_wconf 91' lang='lat' dir='ltr'><strong>iu</strong></span> <span class='ocrx_word' id='word_1_247' title='bbox 1466 1447 1539 1475; x_wconf 81' lang='lat' dir='ltr'><strong>tam</strong></span> 
     </span>
     <span class='ocr_line' id='line_1_26' title="bbox 12 1488 1539 1538; baseline -0.003 -12"><span class='ocrx_word' id='word_1_248' title='bbox 12 1491 131 1538; x_wconf 77' lang='lat' dir='ltr'><strong>polito</strong></span> <span class='ocrx_word' id='word_1_249' title='bbox 147 1490 301 1532; x_wconf 76' lang='lat' dir='ltr'><strong>carmine</strong></span> <span class='ocrx_word' id='word_1_250' title='bbox 318 1490 480 1525; x_wconf 75' lang='lat' dir='ltr'><strong>defectus</strong></span> <span class='ocrx_word' id='word_1_251' title='bbox 502 1490 650 1536; x_wconf 83' lang='lat' dir='ltr'><strong>copulae</strong></span> <span class='ocrx_word' id='word_1_252' title='bbox 672 1490 709 1523; x_wconf 87' lang='lat' dir='ltr'><strong>in</strong></span> <span class='ocrx_word' id='word_1_253' title='bbox 726 1490 893 1524; x_wconf 78' lang='lat' dir='ltr'><strong>volvitur</strong></span> <span class='ocrx_word' id='word_1_254' title='bbox 913 1491 1047 1529; x_wconf 55' lang='lat' dir='ltr'><strong>micam</strong></span> <span class='ocrx_word' id='word_1_255' title='bbox 1080 1495 1117 1522; x_wconf 91' lang='lat' dir='ltr'><strong>et</strong></span> <span class='ocrx_word' id='word_1_256' title='bbox 1142 1488 1239 1532; x_wconf 89' lang='lat' dir='ltr'><strong>quod</strong></span> <span class='ocrx_word' id='word_1_257' title='bbox 1263 1500 1406 1522; x_wconf 84' lang='lat' dir='ltr'><strong>caussae</strong></span> <span class='ocrx_word' id='word_1_258' title='bbox 1424 1500 1539 1521; x_wconf 89' lang='lat' dir='ltr'><strong>annu—</strong></span> 
     </span>
     <span class='ocr_line' id='line_1_27' title="bbox 12 1534 1539 1584; baseline -0.003 -11"><span class='ocrx_word' id='word_1_259' title='bbox 12 1545 170 1574; x_wconf 79' lang='lat' dir='ltr'><strong>meratae</strong></span> <span class='ocrx_word' id='word_1_260' title='bbox 186 1546 288 1580; x_wconf 81' lang='lat' dir='ltr'><strong>sunt,</strong></span> <span class='ocrx_word' id='word_1_261' title='bbox 324 1538 424 1584; x_wconf 84' lang='lat' dir='ltr'><strong>quasi</strong></span> <span class='ocrx_word' id='word_1_262' title='bbox 442 1550 463 1572; x_wconf 87' lang='lat' dir='ltr'><strong>a</strong></span> <span class='ocrx_word' id='word_1_263' title='bbox 483 1534 663 1584; x_wconf 78' lang='lat' dir='ltr'><strong>scriptore&#39;</strong></span> <span class='ocrx_word' id='word_1_264' title='bbox 677 1537 848 1570; x_wconf 83' lang='lat' dir='ltr'><strong>historiae</strong></span> <span class='ocrx_word' id='word_1_265' title='bbox 872 1536 1043 1570; x_wconf 84' lang='lat' dir='ltr'><strong>naturalis</strong></span> <span class='ocrx_word' id='word_1_266' title='bbox 1064 1535 1122 1581; x_wconf 90' lang='lat' dir='ltr'><strong>qui</strong></span> <span class='ocrx_word' id='word_1_267' title='bbox 1149 1535 1195 1569; x_wconf 90' lang='lat' dir='ltr'><strong>de</strong></span> <span class='ocrx_word' id='word_1_268' title='bbox 1217 1535 1360 1569; x_wconf 83' lang='lat' dir='ltr'><strong>incertis</strong></span> <span class='ocrx_word' id='word_1_269' title='bbox 1378 1547 1539 1580; x_wconf 90' lang='lat' dir='ltr'><strong>pronun-</strong></span> 
     </span>
     <span class='ocr_line' id='line_1_28' title="bbox 11 1583 1539 1628; baseline -0.003 -8"><span class='ocrx_word' id='word_1_270' title='bbox 11 1585 107 1621; x_wconf 78' lang='lat' dir='ltr'><strong>tiare</strong></span> <span class='ocrx_word' id='word_1_271' title='bbox 123 1597 194 1620; x_wconf 81' lang='lat' dir='ltr'><strong>nou</strong></span> <span class='ocrx_word' id='word_1_272' title='bbox 206 1585 567 1628; x_wconf 72' lang='lat' dir='ltr'><strong>audeat‚aut—aut.</strong></span> <span class='ocrx_word' id='word_1_273' title='bbox 591 1585 682 1619; x_wconf 87' lang='lat' dir='ltr'><strong>Satis</strong></span> <span class='ocrx_word' id='word_1_274' title='bbox 702 1591 778 1618; x_wconf 84' lang='lat' dir='ltr'><strong>erat</strong></span> <span class='ocrx_word' id='word_1_275' title='bbox 797 1584 923 1618; x_wconf 84' lang='lat' dir='ltr'><strong>afferre</strong></span> <span class='ocrx_word' id='word_1_276' title='bbox 942 1584 1029 1617; x_wconf 88' lang='lat' dir='ltr'><strong>ista:</strong></span> <span class='ocrx_word' id='word_1_277' title='bbox 1053 1594 1154 1617; x_wconf 78' lang='lat' dir='ltr'><strong>nova</strong></span> <span class='ocrx_word' id='word_1_278' title='bbox 1170 1591 1253 1615; x_wconf 77' lang='lat' dir='ltr'><strong>cute</strong></span> <span class='ocrx_word' id='word_1_279' title='bbox 1269 1583 1439 1616; x_wconf 78' lang='lat' dir='ltr'><strong>indutum</strong></span> <span class='ocrx_word' id='word_1_280' title='bbox 1458 1594 1539 1615; x_wconf 81' lang='lat' dir='ltr'><strong>ser-</strong></span> 
     </span>
     <span class='ocr_line' id='line_1_29' title="bbox 18 1629 1536 1676; baseline -0.004 -8"><span class='ocrx_word' id='word_1_281' title='bbox 18 1640 21 1644; x_wconf 87' lang='lat'>&#39;</span> <span class='ocrx_word' id='word_1_282' title='bbox 39 1640 159 1668; x_wconf 79' lang='lat' dir='ltr'><strong>entem</strong></span> <span class='ocrx_word' id='word_1_283' title='bbox 175 1645 253 1667; x_wconf 82' lang='lat' dir='ltr'><strong>eum</strong></span> <span class='ocrx_word' id='word_1_284' title='bbox 271 1632 422 1667; x_wconf 77' lang='lat' dir='ltr'><strong>maxime</strong></span> <span class='ocrx_word' id='word_1_285' title='bbox 440 1632 493 1666; x_wconf 88' lang='lat' dir='ltr'><strong>ira</strong></span> <span class='ocrx_word' id='word_1_286' title='bbox 510 1639 705 1666; x_wconf 85' lang='lat' dir='ltr'><strong>tumentem</strong></span> <span class='ocrx_word' id='word_1_287' title='bbox 723 1631 869 1665; x_wconf 83' lang='lat' dir='ltr'><strong>saevire.</strong></span> <span class='ocrx_word' id='word_1_288' title='bbox 896 1632 929 1665; x_wconf 87' lang='lat' dir='ltr'>N</span> <span class='ocrx_word' id='word_1_289' title='bbox 932 1643 973 1665; x_wconf 88' lang='lat' dir='ltr'><strong>ec</strong></span> <span class='ocrx_word' id='word_1_290' title='bbox 991 1630 1093 1676; x_wconf 85' lang='lat' dir='ltr'><strong>plura</strong></span> <span class='ocrx_word' id='word_1_291' title='bbox 1110 1635 1351 1663; x_wconf 80' lang='lat' dir='ltr'><strong>memorantur</strong></span> <span class='ocrx_word' id='word_1_292' title='bbox 1369 1629 1405 1662; x_wconf 87' lang='lat' dir='ltr'><strong>in</strong></span> <span class='ocrx_word' id='word_1_293' title='bbox 1423 1629 1536 1663; x_wconf 89' lang='lat' dir='ltr'><strong>altero</strong></span> 
     </span>
     <span class='ocr_line' id='line_1_30' title="bbox 28 1677 1539 1726; baseline -0.004 -11"><span class='ocrx_word' id='word_1_294' title='bbox 28 1692 94 1715; x_wconf 83' lang='lat' dir='ltr'><strong>ooo</strong></span> <span class='ocrx_word' id='word_1_295' title='bbox 113 1684 200 1715; x_wconf 77' lang='lat' dir='ltr'><strong>Aen.</strong></span> <span class='ocrx_word' id='word_1_296' title='bbox 224 1681 266 1721; x_wconf 83' lang='grc' dir='ltr'><strong>Π,</strong></span> <span class='ocrx_word' id='word_1_297' title='bbox 289 1681 363 1716; x_wconf 85' lang='grc'><strong>473</strong></span> <span class='ocrx_word' id='word_1_298' title='bbox 382 1700 428 1706; x_wconf 92' lang='lat'>-</span> <span class='ocrx_word' id='word_1_299' title='bbox 446 1679 516 1715; x_wconf 89' lang='grc'><strong>475</strong></span> <span class='ocrx_word' id='word_1_300' title='bbox 542 1680 673 1723; x_wconf 78' lang='lat' dir='ltr'><strong>Qualis</strong></span> <span class='ocrx_word' id='word_1_301' title='bbox 690 1698 733 1704; x_wconf 93' lang='lat'><strong>—</strong></span> <span class='ocrx_word' id='word_1_302' title='bbox 753 1691 855 1712; x_wconf 83' lang='lat' dir='ltr'><strong>nunc</strong></span> <span class='ocrx_word' id='word_1_303' title='bbox 876 1679 1013 1726; x_wconf 74' lang='lat' dir='ltr'><strong>positis</strong></span> <span class='ocrx_word' id='word_1_304' title='bbox 1030 1689 1151 1711; x_wconf 79' lang='lat' dir='ltr'><strong>novus</strong></span> <span class='ocrx_word' id='word_1_305' title='bbox 1171 1678 1314 1710; x_wconf 74' lang='lat' dir='ltr'><strong>exuviis</strong></span> <span class='ocrx_word' id='word_1_306' title='bbox 1326 1677 1539 1722; x_wconf 76' lang='lat' dir='ltr'><strong>nitidusque</strong></span> 
     </span>
     <span class='ocr_line' id='line_1_31' title="bbox 10 1723 1539 1772; baseline -0.005 -9"><span class='ocrx_word' id='word_1_307' title='bbox 10 1729 169 1764; x_wconf 57' lang='lat' dir='ltr'><strong>noverum</strong></span> <span class='ocrx_word' id='word_1_308' title='bbox 192 1726 355 1761; x_wconf 84' lang='lat' dir='ltr'><strong>Lubrica</strong></span> <span class='ocrx_word' id='word_1_309' title='bbox 379 1727 569 1762; x_wconf 77' lang='lat' dir='ltr'><strong>convolvit</strong></span> <span class='ocrx_word' id='word_1_310' title='bbox 594 1725 743 1761; x_wconf 78' lang='lat' dir='ltr'><strong>subluto</strong></span> <span class='ocrx_word' id='word_1_311' title='bbox 765 1734 917 1772; x_wconf 76' lang='lat' dir='ltr'><strong>pectore</strong></span> <span class='ocrx_word' id='word_1_312' title='bbox 943 1734 1051 1771; x_wconf 75' lang='lat' dir='ltr'><strong>terga</strong></span> <span class='ocrx_word' id='word_1_313' title='bbox 1068 1725 1226 1758; x_wconf 79' lang='lat' dir='ltr'><strong>Arduus</strong></span> <span class='ocrx_word' id='word_1_314' title='bbox 1252 1724 1303 1757; x_wconf 84' lang='lat' dir='ltr'><strong>ad</strong></span> <span class='ocrx_word' id='word_1_315' title='bbox 1333 1723 1466 1766; x_wconf 76' lang='lat' dir='ltr'><strong>solem,</strong></span> <span class='ocrx_word' id='word_1_316' title='bbox 1501 1731 1539 1756; x_wconf 69' lang='lat' dir='ltr'><strong>et</strong></span> 
     </span>
     <span class='ocr_line' id='line_1_32' title="bbox 12 1772 1538 1823; baseline -0.005 -12"><span class='ocrx_word' id='word_1_317' title='bbox 12 1775 156 1823; x_wconf 69' lang='lat' dir='ltr'><strong>linguis</strong></span> <span class='ocrx_word' id='word_1_318' title='bbox 187 1775 300 1808; x_wconf 71' lang='lat' dir='ltr'><strong>micae</strong></span> <span class='ocrx_word' id='word_1_319' title='bbox 335 1787 400 1809; x_wconf 84' lang='lat' dir='ltr'><strong>ore</strong></span> <span class='ocrx_word' id='word_1_320' title='bbox 426 1774 604 1808; x_wconf 73' lang='lat' dir='ltr'><strong>trisulcis.</strong></span> <span class='ocrx_word' id='word_1_321' title='bbox 652 1774 779 1818; x_wconf 81' lang='lat' dir='ltr'><strong>Neque</strong></span> <span class='ocrx_word' id='word_1_322' title='bbox 809 1785 865 1818; x_wconf 90' lang='lat' dir='ltr'><strong>ap.</strong></span> <span class='ocrx_word' id='word_1_323' title='bbox 897 1772 1066 1806; x_wconf 81' lang='lat' dir='ltr'><strong>Nicandr.</strong></span> <span class='ocrx_word' id='word_1_324' title='bbox 1094 1772 1139 1807; x_wconf 84' lang='lat'><strong>31</strong></span> <span class='ocrx_word' id='word_1_325' title='bbox 1168 1783 1240 1816; x_wconf 85' lang='lat' dir='ltr'><strong>sq.‚</strong></span> <span class='ocrx_word' id='word_1_326' title='bbox 1280 1782 1383 1815; x_wconf 90' lang='lat' dir='ltr'><strong>quem</strong></span> <span class='ocrx_word' id='word_1_327' title='bbox 1414 1777 1538 1803; x_wconf 87' lang='lat' dir='ltr'><strong>noster</strong></span> 
     </span>
     <span class='ocr_line' id='line_1_33' title="bbox 12 1817 1539 1863; baseline -0.004 -7"><span class='ocrx_word' id='word_1_328' title='bbox 12 1829 96 1856; x_wconf 75' lang='lat' dir='ltr'><strong>ante</strong></span> <span class='ocrx_word' id='word_1_329' title='bbox 114 1820 238 1856; x_wconf 78' lang='lat' dir='ltr'><strong>oculos</strong></span> <span class='ocrx_word' id='word_1_330' title='bbox 265 1821 411 1862; x_wconf 83' lang='lat' dir='ltr'><strong>habuit,</strong></span> <span class='ocrx_word' id='word_1_331' title='bbox 436 1827 706 1854; x_wconf 81' lang='lat' dir='ltr'><strong>annumerantur</strong></span> <span class='ocrx_word' id='word_1_332' title='bbox 723 1820 832 1862; x_wconf 84' lang='lat' dir='ltr'><strong>haec,</strong></span> <span class='ocrx_word' id='word_1_333' title='bbox 868 1828 936 1853; x_wconf 74' lang='lat' dir='ltr'><strong>aut</strong></span> <span class='ocrx_word' id='word_1_334' title='bbox 955 1819 1120 1860; x_wconf 77' lang='lat' dir='ltr'><strong>catulos,</strong></span> <span class='ocrx_word' id='word_1_335' title='bbox 1151 1826 1219 1851; x_wconf 81' lang='lat' dir='ltr'><strong>aut</strong></span> <span class='ocrx_word' id='word_1_336' title='bbox 1237 1829 1320 1851; x_wconf 80' lang='lat' dir='ltr'><strong>ova.</strong></span> <span class='ocrx_word' id='word_1_337' title='bbox 1369 1817 1539 1863; x_wconf 82' lang='lat' dir='ltr'><strong>Suspica-</strong></span> 
     </span>
     <span class='ocr_line' id='line_1_34' title="bbox 9 1864 1538 1915; baseline -0.005 -11"><span class='ocrx_word' id='word_1_338' title='bbox 9 1866 78 1904; x_wconf 65' lang='lat' dir='ltr'><strong>Bar</strong></span> <span class='ocrx_word' id='word_1_339' title='bbox 94 1868 216 1915; x_wconf 81' lang='lat' dir='ltr'><strong>itaque</strong></span> <span class='ocrx_word' id='word_1_340' title='bbox 240 1868 311 1902; x_wconf 87' lang='lat' dir='ltr'><strong>duo</strong></span> <span class='ocrx_word' id='word_1_341' title='bbox 328 1881 349 1902; x_wconf 89' lang='lat' dir='ltr'><strong>a</strong></span> <span class='ocrx_word' id='word_1_342' title='bbox 369 1876 478 1913; x_wconf 85' lang='lat' dir='ltr'><strong>poeta</strong></span> <span class='ocrx_word' id='word_1_343' title='bbox 505 1868 592 1913; x_wconf 88' lang='lat' dir='ltr'><strong>poni</strong></span> <span class='ocrx_word' id='word_1_344' title='bbox 612 1874 796 1913; x_wconf 86' lang='lat' dir='ltr'><strong>tempora,</strong></span> <span class='ocrx_word' id='word_1_345' title='bbox 830 1866 955 1912; x_wconf 89' lang='lat' dir='ltr'><strong>quibus</strong></span> <span class='ocrx_word' id='word_1_346' title='bbox 983 1877 1130 1911; x_wconf 82' lang='lat' dir='ltr'><strong>serpens</strong></span> <span class='ocrx_word' id='word_1_347' title='bbox 1149 1864 1250 1898; x_wconf 81' lang='lat' dir='ltr'><strong>furiis</strong></span> <span class='ocrx_word' id='word_1_348' title='bbox 1264 1864 1413 1898; x_wconf 82' lang='lat' dir='ltr'><strong>maxime</strong></span> <span class='ocrx_word' id='word_1_349' title='bbox 1434 1876 1538 1898; x_wconf 88' lang='lat' dir='ltr'><strong>exar-</strong></span> 
     </span>
     <span class='ocr_line' id='line_1_35' title="bbox 12 1912 1538 1962; baseline -0.003 -12"><span class='ocrx_word' id='word_1_350' title='bbox 12 1916 151 1958; x_wconf 70' lang='lat' dir='ltr'><strong>descit,</strong></span> <span class='ocrx_word' id='word_1_351' title='bbox 173 1915 272 1962; x_wconf 83' lang='lat' dir='ltr'><strong>pelle</strong></span> <span class='ocrx_word' id='word_1_352' title='bbox 294 1922 430 1949; x_wconf 79' lang='lat' dir='ltr'><strong>mutata</strong></span> <span class='ocrx_word' id='word_1_353' title='bbox 449 1922 486 1948; x_wconf 91' lang='lat' dir='ltr'><strong>et</strong></span> <span class='ocrx_word' id='word_1_354' title='bbox 505 1927 524 1948; x_wconf 92' lang='lat' dir='ltr'><strong>e</strong></span> <span class='ocrx_word' id='word_1_355' title='bbox 541 1914 754 1961; x_wconf 85' lang='lat' dir='ltr'><strong>puerperio:</strong></span> <span class='ocrx_word' id='word_1_356' title='bbox 787 1922 824 1947; x_wconf 86' lang='lat' dir='ltr'><strong>ut</strong></span> <span class='ocrx_word' id='word_1_357' title='bbox 844 1913 1013 1959; x_wconf 84' lang='lat' dir='ltr'><strong>scriptum</strong></span> <span class='ocrx_word' id='word_1_358' title='bbox 1031 1919 1127 1946; x_wconf 82' lang='lat' dir='ltr'><strong>esset</strong></span> <span class='ocrx_word' id='word_1_359' title='bbox 1146 1913 1190 1946; x_wconf 88' lang='lat' dir='ltr'><strong>ab</strong></span> <span class='ocrx_word' id='word_1_360' title='bbox 1206 1923 1269 1944; x_wconf 91' lang='lat' dir='ltr'><strong>eo:</strong></span> <span class='ocrx_word' id='word_1_361' title='bbox 1296 1914 1415 1955; x_wconf 83' lang='lat' dir='ltr'><strong>Quum</strong></span> <span class='ocrx_word' id='word_1_362' title='bbox 1430 1912 1538 1959; x_wconf 82' lang='lat' dir='ltr'><strong>posi-</strong></span> 
     </span>
     <span class='ocr_line' id='line_1_36' title="bbox 12 1959 1536 2009; baseline -0.005 -11"><span class='ocrx_word' id='word_1_363' title='bbox 12 1965 63 1998; x_wconf 73' lang='lat' dir='ltr'><strong>eis</strong></span> <span class='ocrx_word' id='word_1_364' title='bbox 77 1975 202 1998; x_wconf 66' lang='lat' dir='ltr'><strong>novus</strong></span> <span class='ocrx_word' id='word_1_365' title='bbox 216 1964 361 1997; x_wconf 75' lang='lat' dir='ltr'><strong>exuviis</strong></span> <span class='ocrx_word' id='word_1_366' title='bbox 377 1963 594 2009; x_wconf 77' lang='lat' dir='ltr'><strong>nitidusque</strong></span> <span class='ocrx_word' id='word_1_367' title='bbox 610 1964 767 1996; x_wconf 75' lang='lat' dir='ltr'><strong>iuventa</strong></span> <span class='ocrx_word' id='word_1_368' title='bbox 791 1962 989 2004; x_wconf 77' lang='lat' dir='ltr'><strong>Volvitur,</strong></span> <span class='ocrx_word' id='word_1_369' title='bbox 1021 1968 1105 2000; x_wconf 79' lang='lat' dir='ltr'><strong>aut,</strong></span> <span class='ocrx_word' id='word_1_370' title='bbox 1139 1959 1286 1993; x_wconf 76' lang='lat' dir='ltr'><strong>catulos</strong></span> <span class='ocrx_word' id='word_1_371' title='bbox 1305 1960 1412 1993; x_wconf 75' lang='lat' dir='ltr'><strong>tectis</strong></span> <span class='ocrx_word' id='word_1_372' title='bbox 1429 1966 1536 2004; x_wconf 89' lang='lat' dir='ltr'><strong>atque</strong></span> 
     </span>
    </p>
   </div>
   <div class='ocr_carea' id='block_1_7' title="bbox 0 2064 747 3052">
    <p class='ocr_par' dir='ltr' id='par_1_8' title="bbox 0 2064 747 2821">
     <span class='ocr_line' id='line_1_37' title="bbox 9 2064 747 2124; baseline -0.007 -11"><span class='ocrx_word' id='word_1_373' title='bbox 9 2070 234 2124; x_wconf 74' lang='grc' dir='ltr'><strong><em>Σπέρχεται</em></strong></span> <span class='ocrx_word' id='word_1_374' title='bbox 259 2069 302 2111; x_wconf 75' lang='grc' dir='ltr'><strong>ἐκ</strong></span> <span class='ocrx_word' id='word_1_375' title='bbox 330 2065 500 2122; x_wconf 82' lang='grc' dir='ltr'><em>μύωπος</em></span> <span class='ocrx_word' id='word_1_376' title='bbox 519 2064 655 2120; x_wconf 74' lang='grc' dir='ltr'><strong><em>οἷηθὲα</em></strong></span> <span class='ocrx_word' id='word_1_377' title='bbox 678 2068 747 2109; x_wconf 82' lang='grc' dir='ltr'><strong>δέ-</strong></span> 
     </span>
     <span class='ocr_line' id='line_1_38' title="bbox 8 2125 745 2185; baseline -0.004 -17"><span class='ocrx_word' id='word_1_378' title='bbox 8 2145 159 2185; x_wconf 70' lang='grc' dir='ltr'><strong><em>γμενος</em></strong></span> <span class='ocrx_word' id='word_1_379' title='bbox 200 2125 360 2180; x_wconf 76' lang='grc' dir='ltr'><em>ὁρμὴ-ν,</em></span> <span class='ocrx_word' id='word_1_380' title='bbox 400 2127 513 2179; x_wconf 76' lang='lat' dir='ltr'><strong>furit</strong></span> <span class='ocrx_word' id='word_1_381' title='bbox 550 2126 603 2164; x_wconf 84' lang='lat' dir='ltr'><strong>ab</strong></span> <span class='ocrx_word' id='word_1_382' title='bbox 640 2127 745 2165; x_wconf 78' lang='lat' dir='ltr'><strong>asilo</strong></span> 
     </span>
     <span class='ocr_line' id='line_1_39' title="bbox 9 2185 746 2240; baseline -0.007 -13"><span class='ocrx_word' id='word_1_383' title='bbox 9 2189 208 2240; x_wconf 75' lang='lat' dir='ltr'><strong>agitatus,</strong></span> <span class='ocrx_word' id='word_1_384' title='bbox 237 2185 279 2225; x_wconf 91' lang='lat' dir='ltr'><strong>h.</strong></span> <span class='ocrx_word' id='word_1_385' title='bbox 298 2185 539 2234; x_wconf 85' lang='lat' dir='ltr'><strong>exterritus3</strong></span> <span class='ocrx_word' id='word_1_386' title='bbox 571 2191 619 2222; x_wconf 85' lang='lat' dir='ltr'><strong>ut</strong></span> <span class='ocrx_word' id='word_1_387' title='bbox 635 2190 746 2223; x_wconf 85' lang='lat' dir='ltr'><strong>recte</strong></span> 
     </span>
     <span class='ocr_line' id='line_1_40' title="bbox 11 2242 745 2295; baseline -0.007 -10"><span class='ocrx_word' id='word_1_388' title='bbox 11 2246 119 2285; x_wconf 72' lang='lat' dir='ltr'><strong>adea</strong></span> <span class='ocrx_word' id='word_1_389' title='bbox 143 2245 198 2284; x_wconf 83' lang='lat' dir='ltr'><strong>ad</strong></span> <span class='ocrx_word' id='word_1_390' title='bbox 226 2244 374 2293; x_wconf 70' lang='lat' dir='ltr'><strong>suriae,</strong></span> <span class='ocrx_word' id='word_1_391' title='bbox 405 2242 552 2294; x_wconf 88' lang='lat' dir='ltr'><strong>quibus</strong></span> <span class='ocrx_word' id='word_1_392' title='bbox 571 2242 745 2295; x_wconf 86' lang='lat' dir='ltr'><strong>corripi-</strong></span> 
     </span>
     <span class='ocr_line' id='line_1_41' title="bbox 8 2300 744 2354; baseline -0.01 -10"><span class='ocrx_word' id='word_1_393' title='bbox 8 2309 101 2354; x_wconf 79' lang='lat' dir='ltr'><strong>tur,</strong></span> <span class='ocrx_word' id='word_1_394' title='bbox 129 2304 331 2343; x_wconf 76' lang='lat' dir='ltr'><strong>referatur</strong></span> <span class='ocrx_word' id='word_1_395' title='bbox 343 2331 355 2351; x_wconf 86' lang='lat'>,</span> <span class='ocrx_word' id='word_1_396' title='bbox 388 2307 438 2340; x_wconf 92' lang='lat' dir='ltr'><strong>ut</strong></span> <span class='ocrx_word' id='word_1_397' title='bbox 453 2314 575 2353; x_wconf 86' lang='lat' dir='ltr'><strong>supra</strong></span> <span class='ocrx_word' id='word_1_398' title='bbox 600 2314 641 2339; x_wconf 82' lang='lat' dir='ltr'><strong>v.</strong></span> <span class='ocrx_word' id='word_1_399' title='bbox 662 2300 744 2343; x_wconf 80' lang='lat'><strong>149</strong></span> 
     </span>
     <span class='ocr_line' id='line_1_42' title="bbox 10 2359 745 2410; baseline -0.007 -9"><span class='ocrx_word' id='word_1_400' title='bbox 10 2362 62 2401; x_wconf 75' lang='lat' dir='ltr'><strong>ab</strong></span> <span class='ocrx_word' id='word_1_401' title='bbox 81 2362 178 2400; x_wconf 83' lang='lat' dir='ltr'><strong>asilo</strong></span> <span class='ocrx_word' id='word_1_402' title='bbox 198 2369 282 2400; x_wconf 82' lang='lat' dir='ltr'><strong>tota</strong></span> <span class='ocrx_word' id='word_1_403' title='bbox 301 2361 486 2398; x_wconf 78' lang='lat' dir='ltr'><strong>exten-ita</strong></span> <span class='ocrx_word' id='word_1_404' title='bbox 504 2359 618 2397; x_wconf 73' lang='lat' dir='ltr'><strong>silvis,—</strong></span> <span class='ocrx_word' id='word_1_405' title='bbox 637 2359 745 2410; x_wconf 53' lang='grc' dir='ltr'><strong>Βέβ-</strong></span> 
     </span>
     <span class='ocr_line' id='line_1_43' title="bbox 0 2418 745 2473; baseline -0.007 -13"><span class='ocrx_word' id='word_1_406' title='bbox 0 2420 179 2473; x_wconf 78' lang='lat' dir='ltr'><strong>fugiunt</strong></span> <span class='ocrx_word' id='word_1_407' title='bbox 196 2426 394 2458; x_wconf 84' lang='lat' dir='ltr'><strong>armenta.</strong></span> <span class='ocrx_word' id='word_1_408' title='bbox 428 2431 549 2468; x_wconf 64' lang='lat' dir='ltr'><strong>asper</strong></span> <span class='ocrx_word' id='word_1_409' title='bbox 564 2418 646 2466; x_wconf 79' lang='lat' dir='ltr'><strong>siti,</strong></span> <span class='ocrx_word' id='word_1_410' title='bbox 670 2430 745 2456; x_wconf 81' lang='lat' dir='ltr'><strong>ex-</strong></span> 
     </span>
     <span class='ocr_line' id='line_1_44' title="bbox 9 2475 745 2532; baseline -0.005 -15"><span class='ocrx_word' id='word_1_411' title='bbox 9 2484 232 2532; x_wconf 79' lang='lat' dir='ltr'><strong>asperatus,</strong></span> <span class='ocrx_word' id='word_1_412' title='bbox 262 2477 402 2516; x_wconf 80' lang='lat' dir='ltr'><strong>furens</strong></span> <span class='ocrx_word' id='word_1_413' title='bbox 426 2475 509 2514; x_wconf 85' lang='lat' dir='ltr'><strong>sitis</strong></span> <span class='ocrx_word' id='word_1_414' title='bbox 525 2475 745 2527; x_wconf 86' lang='lat' dir='ltr'><strong>impatien-</strong></span> 
     </span>
     <span class='ocr_line' id='line_1_45' title="bbox 8 2533 745 2584; baseline -0.007 -8"><span class='ocrx_word' id='word_1_415' title='bbox 8 2537 79 2576; x_wconf 78' lang='lat' dir='ltr'><strong>tia.</strong></span> <span class='ocrx_word' id='word_1_416' title='bbox 137 2535 336 2584; x_wconf 85' lang='lat' dir='ltr'><strong>Videtur,</strong></span> <span class='ocrx_word' id='word_1_417' title='bbox 374 2540 424 2574; x_wconf 89' lang='lat' dir='ltr'><strong>ut</strong></span> <span class='ocrx_word' id='word_1_418' title='bbox 450 2533 532 2572; x_wconf 86' lang='lat' dir='ltr'><strong>iam</strong></span> <span class='ocrx_word' id='word_1_419' title='bbox 563 2533 745 2572; x_wconf 89' lang='lat' dir='ltr'><strong>Guellius</strong></span> 
     </span>
     <span class='ocr_line' id='line_1_46' title="bbox 8 2591 744 2645; baseline -0.007 -10"><span class='ocrx_word' id='word_1_420' title='bbox 8 2595 186 2645; x_wconf 85' lang='lat' dir='ltr'><strong>monuit,</strong></span> <span class='ocrx_word' id='word_1_421' title='bbox 215 2593 389 2634; x_wconf 83' lang='lat' dir='ltr'><strong>reddere</strong></span> <span class='ocrx_word' id='word_1_422' title='bbox 413 2591 590 2631; x_wconf 82' lang='lat' dir='ltr'><strong>voluisse</strong></span> <span class='ocrx_word' id='word_1_423' title='bbox 614 2593 744 2632; x_wconf 89' lang='lat' dir='ltr'><strong>Grae-</strong></span> 
     </span>
     <span class='ocr_line' id='line_1_47' title="bbox 10 2649 745 2708; baseline -0.005 -16"><span class='ocrx_word' id='word_1_424' title='bbox 10 2666 154 2692; x_wconf 80' lang='lat' dir='ltr'><strong>corum</strong></span> <span class='ocrx_word' id='word_1_425' title='bbox 198 2653 320 2708; x_wconf 78' lang='grc' dir='ltr'><strong><em>Δι’ψῃ</em></strong></span> <span class='ocrx_word' id='word_1_426' title='bbox 380 2649 604 2703; x_wconf 78' lang='grc' dir='ltr'><strong><em>καρχαλέος</em></strong></span> <span class='ocrx_word' id='word_1_427' title='bbox 625 2680 637 2700; x_wconf 87' lang='grc'><em>,</em></span> <span class='ocrx_word' id='word_1_428' title='bbox 695 2656 745 2689; x_wconf 89' lang='lat' dir='ltr'><strong>ut</strong></span> 
     </span>
     <span class='ocr_line' id='line_1_48' title="bbox 0 2708 739 2760; baseline -0.007 -10"><span class='ocrx_word' id='word_1_429' title='bbox 0 2710 123 2750; x_wconf 66' lang='lat' dir='ltr'><strong>Iliad.</strong></span> <span class='ocrx_word' id='word_1_430' title='bbox 140 2726 186 2760; x_wconf 86' lang='grc' dir='ltr'><strong>φ,</strong></span> <span class='ocrx_word' id='word_1_431' title='bbox 210 2708 308 2753; x_wconf 83' lang='grc'><strong>541.</strong></span> <span class='ocrx_word' id='word_1_432' title='bbox 368 2708 521 2747; x_wconf 82' lang='lat' dir='ltr'><strong>Statius</strong></span> <span class='ocrx_word' id='word_1_433' title='bbox 546 2708 572 2747; x_wconf 93' lang='lat' dir='ltr'><strong>l.</strong></span> <span class='ocrx_word' id='word_1_434' title='bbox 594 2722 628 2747; x_wconf 91' lang='lat' dir='ltr'><strong>c.</strong></span> <span class='ocrx_word' id='word_1_435' title='bbox 656 2709 739 2751; x_wconf 81' lang='lat'><strong>521</strong></span> 
     </span>
     <span class='ocr_line' id='line_1_49' title="bbox 7 2767 743 2821; baseline -0.005 -13"><span class='ocrx_word' id='word_1_436' title='bbox 7 2771 183 2821; x_wconf 73' lang='lat' dir='ltr'><strong>siccique</strong></span> <span class='ocrx_word' id='word_1_437' title='bbox 199 2782 345 2806; x_wconf 82' lang='lat' dir='ltr'><strong>nocens</strong></span> <span class='ocrx_word' id='word_1_438' title='bbox 349 2767 462 2819; x_wconf 78' lang='lat' dir='ltr'><strong>furit</strong></span> <span class='ocrx_word' id='word_1_439' title='bbox 481 2769 577 2818; x_wconf 77' lang='lat' dir='ltr'><strong>igne</strong></span> <span class='ocrx_word' id='word_1_440' title='bbox 593 2768 743 2805; x_wconf 62' lang='lat' dir='ltr'><strong>veneni.</strong></span> 
     </span>
    </p>

    <p class='ocr_par' dir='ltr' id='par_1_9' title="bbox 5 2824 745 3052">
     <span class='ocr_line' id='line_1_50' title="bbox 66 2824 745 2869; baseline -0.001 -5"><span class='ocrx_word' id='word_1_441' title='bbox 66 2826 164 2869; x_wconf 85' lang='lat'><strong>435.</strong></span> <span class='ocrx_word' id='word_1_442' title='bbox 209 2825 433 2863; x_wconf 88' lang='lat' dir='ltr'><strong>Subiicitur</strong></span> <span class='ocrx_word' id='word_1_443' title='bbox 478 2838 590 2862; x_wconf 89' lang='lat' dir='ltr'><strong>nunc</strong></span> <span class='ocrx_word' id='word_1_444' title='bbox 632 2824 745 2863; x_wconf 84' lang='lat' dir='ltr'><strong>aliud</strong></span> 
     </span>
     <span class='ocr_line' id='line_1_51' title="bbox 5 2882 743 2938; baseline -0.004 -14"><span class='ocrx_word' id='word_1_445' title='bbox 5 2884 176 2938; x_wconf 84' lang='lat' dir='ltr'><strong>periculi</strong></span> <span class='ocrx_word' id='word_1_446' title='bbox 191 2896 316 2936; x_wconf 89' lang='lat' dir='ltr'><strong>genus</strong></span> <span class='ocrx_word' id='word_1_447' title='bbox 337 2896 389 2920; x_wconf 85' lang='lat' dir='ltr'><strong>ex</strong></span> <span class='ocrx_word' id='word_1_448' title='bbox 410 2882 496 2920; x_wconf 88' lang='lat' dir='ltr'><strong>aliis</strong></span> <span class='ocrx_word' id='word_1_449' title='bbox 509 2889 743 2934; x_wconf 85' lang='lat' dir='ltr'><strong>serpentum</strong></span> 
     </span>
     <span class='ocr_line' id='line_1_52' title="bbox 5 2940 743 2996; baseline -0.003 -14"><span class='ocrx_word' id='word_1_450' title='bbox 5 2942 230 2996; x_wconf 84' lang='lat' dir='ltr'><strong>generibus,</strong></span> <span class='ocrx_word' id='word_1_451' title='bbox 262 2940 334 2992; x_wconf 90' lang='lat' dir='ltr'><strong>qui</strong></span> <span class='ocrx_word' id='word_1_452' title='bbox 349 2940 393 2978; x_wconf 88' lang='lat' dir='ltr'><strong>in</strong></span> <span class='ocrx_word' id='word_1_453' title='bbox 412 2940 595 2979; x_wconf 85' lang='lat' dir='ltr'><strong>cavernis</strong></span> <span class='ocrx_word' id='word_1_454' title='bbox 612 2941 743 2980; x_wconf 87' lang='lat' dir='ltr'><strong>latent</strong></span> 
     </span>
     <span class='ocr_line' id='line_1_53' title="bbox 7 2997 742 3052; baseline -0.003 -12"><span class='ocrx_word' id='word_1_455' title='bbox 7 3007 51 3040; x_wconf 82' lang='lat' dir='ltr'><strong>et</strong></span> <span class='ocrx_word' id='word_1_456' title='bbox 73 3014 125 3039; x_wconf 79' lang='lat' dir='ltr'><strong>ex</strong></span> <span class='ocrx_word' id='word_1_457' title='bbox 143 3000 190 3039; x_wconf 90' lang='lat' dir='ltr'><strong>iis</strong></span> <span class='ocrx_word' id='word_1_458' title='bbox 207 2998 415 3052; x_wconf 85' lang='lat' dir='ltr'><strong>prodeunt</strong></span> <span class='ocrx_word' id='word_1_459' title='bbox 437 2997 554 3036; x_wconf 81' lang='lat' dir='ltr'><strong>certis</strong></span> <span class='ocrx_word' id='word_1_460' title='bbox 580 3004 742 3052; x_wconf 86' lang='lat' dir='ltr'><strong>tempo-</strong></span> 
     </span>
    </p>
   </div>
   <div class='ocr_carea' id='block_1_8' title="bbox 799 2067 1537 2979">
    <p class='ocr_par' dir='ltr' id='par_1_10' title="bbox 799 2067 1537 2979">
     <span class='ocr_line' id='line_1_54' title="bbox 802 2067 1537 2125; baseline -0.003 -18"><span class='ocrx_word' id='word_1_461' title='bbox 802 2069 928 2125; x_wconf 42' lang='lat' dir='ltr'><strong>ribus:</strong></span> <span class='ocrx_word' id='word_1_462' title='bbox 989 2067 1161 2106; x_wconf 84' lang='lat' dir='ltr'><strong>Videtur</strong></span> <span class='ocrx_word' id='word_1_463' title='bbox 1186 2067 1359 2119; x_wconf 84' lang='lat' dir='ltr'><strong>pastoris</strong></span> <span class='ocrx_word' id='word_1_464' title='bbox 1382 2067 1426 2105; x_wconf 89' lang='lat' dir='ltr'><strong>in</strong></span> <span class='ocrx_word' id='word_1_465' title='bbox 1453 2067 1537 2106; x_wconf 89' lang='lat' dir='ltr'><strong>Cu-</strong></span> 
     </span>
     <span class='ocr_line' id='line_1_55' title="bbox 802 2125 1535 2174; baseline -0.003 -9"><span class='ocrx_word' id='word_1_466' title='bbox 802 2127 877 2165; x_wconf 89' lang='lat' dir='ltr'><strong>lice</strong></span> <span class='ocrx_word' id='word_1_467' title='bbox 910 2138 1065 2165; x_wconf 88' lang='lat' dir='ltr'><strong>memor</strong></span> <span class='ocrx_word' id='word_1_468' title='bbox 1091 2138 1185 2163; x_wconf 79' lang='lat' dir='ltr'><strong>esse.</strong></span> <span class='ocrx_word' id='word_1_469' title='bbox 1244 2125 1357 2173; x_wconf 81' lang='lat' dir='ltr'><strong>Nec,</strong></span> <span class='ocrx_word' id='word_1_470' title='bbox 1402 2131 1443 2163; x_wconf 84' lang='lat' dir='ltr'><strong>et</strong></span> <span class='ocrx_word' id='word_1_471' title='bbox 1470 2138 1535 2174; x_wconf 88' lang='lat' dir='ltr'><strong>ne,</strong></span> 
     </span>
     <span class='ocr_line' id='line_1_56' title="bbox 803 2179 1534 2231; baseline -0.001 -9"><span class='ocrx_word' id='word_1_472' title='bbox 803 2185 908 2222; x_wconf 68' lang='lat' dir='ltr'><strong>mila·</strong></span> <span class='ocrx_word' id='word_1_473' title='bbox 922 2193 1008 2222; x_wconf 82' lang='lat' dir='ltr'><strong>tum</strong></span> <span class='ocrx_word' id='word_1_474' title='bbox 1024 2214 1033 2231; x_wconf 94' lang='lat'>,</span> <span class='ocrx_word' id='word_1_475' title='bbox 1068 2183 1118 2221; x_wconf 91' lang='lat' dir='ltr'><strong>de</strong></span> <span class='ocrx_word' id='word_1_476' title='bbox 1143 2184 1273 2221; x_wconf 87' lang='lat' dir='ltr'><strong>forma</strong></span> <span class='ocrx_word' id='word_1_477' title='bbox 1293 2179 1376 2221; x_wconf 84' lang='lat' dir='ltr'><strong>vid.</strong></span> <span class='ocrx_word' id='word_1_478' title='bbox 1397 2182 1450 2221; x_wconf 82' lang='lat' dir='ltr'><strong>ad</strong></span> <span class='ocrx_word' id='word_1_479' title='bbox 1464 2183 1534 2221; x_wconf 89' lang='lat' dir='ltr'><strong>Ge.</strong></span> 
     </span>
     <span class='ocr_line' id='line_1_57' title="bbox 801 2240 1535 2292; baseline -0.004 -11"><span class='ocrx_word' id='word_1_480' title='bbox 801 2242 833 2292; x_wconf 86' lang='grc' dir='ltr'><strong>Ι,</strong></span> <span class='ocrx_word' id='word_1_481' title='bbox 853 2241 952 2285; x_wconf 80' lang='lat'><strong>456.</strong></span> <span class='ocrx_word' id='word_1_482' title='bbox 995 2241 1074 2280; x_wconf 83' lang='lat' dir='ltr'><strong>Hic</strong></span> <span class='ocrx_word' id='word_1_483' title='bbox 1091 2247 1227 2280; x_wconf 86' lang='lat' dir='ltr'><strong>autem</strong></span> <span class='ocrx_word' id='word_1_484' title='bbox 1246 2240 1369 2279; x_wconf 87' lang='lat' dir='ltr'><strong>alium</strong></span> <span class='ocrx_word' id='word_1_485' title='bbox 1383 2241 1535 2279; x_wconf 81' lang='lat' dir='ltr'><strong>Nican-</strong></span> 
     </span>
     <span class='ocr_line' id='line_1_58' title="bbox 804 2298 1536 2339; baseline -0.004 0"><span class='ocrx_word' id='word_1_486' title='bbox 804 2301 870 2339; x_wconf 85' lang='lat' dir='ltr'><strong>dri</strong></span> <span class='ocrx_word' id='word_1_487' title='bbox 908 2301 1045 2339; x_wconf 88' lang='lat' dir='ltr'><strong>loeum</strong></span> <span class='ocrx_word' id='word_1_488' title='bbox 1084 2305 1178 2338; x_wconf 88' lang='lat' dir='ltr'><strong>ante</strong></span> <span class='ocrx_word' id='word_1_489' title='bbox 1218 2299 1356 2337; x_wconf 91' lang='lat' dir='ltr'><strong>oculos</strong></span> <span class='ocrx_word' id='word_1_490' title='bbox 1391 2298 1536 2337; x_wconf 74' lang='lat' dir='ltr'><strong>habuit</strong></span> 
     </span>
     <span class='ocr_line' id='line_1_59' title="bbox 801 2355 1535 2406; baseline -0.001 -8"><span class='ocrx_word' id='word_1_491' title='bbox 801 2358 985 2398; x_wconf 81' lang='lat' dir='ltr'><strong>Then‘ac.</strong></span> <span class='ocrx_word' id='word_1_492' title='bbox 1004 2360 1060 2400; x_wconf 82' lang='lat'><strong>28</strong></span> <span class='ocrx_word' id='word_1_493' title='bbox 1080 2380 1139 2387; x_wconf 92' lang='lat'>—</span> <span class='ocrx_word' id='word_1_494' title='bbox 1159 2355 1229 2406; x_wconf 86' lang='lat'><strong>34,</strong></span> <span class='ocrx_word' id='word_1_495' title='bbox 1255 2363 1297 2395; x_wconf 85' lang='lat' dir='ltr'><strong>et</strong></span> <span class='ocrx_word' id='word_1_496' title='bbox 1321 2359 1415 2398; x_wconf 82' lang='lat'><strong>137.</strong></span> <span class='ocrx_word' id='word_1_497' title='bbox 1438 2359 1535 2398; x_wconf 86' lang='lat'><strong>138.</strong></span> 
     </span>
     <span class='ocr_line' id='line_1_60' title="bbox 802 2414 1533 2466; baseline -0.005 -10"><span class='ocrx_word' id='word_1_498' title='bbox 802 2418 906 2456; x_wconf 86' lang='lat' dir='ltr'><strong>cons.</strong></span> <span class='ocrx_word' id='word_1_499' title='bbox 916 2416 1055 2455; x_wconf 87' lang='lat' dir='ltr'><strong>Valck.</strong></span> <span class='ocrx_word' id='word_1_500' title='bbox 1077 2415 1131 2454; x_wconf 84' lang='lat' dir='ltr'><strong>ad</strong></span> <span class='ocrx_word' id='word_1_501' title='bbox 1140 2414 1309 2454; x_wconf 88' lang='lat' dir='ltr'><strong>Theocr.</strong></span> <span class='ocrx_word' id='word_1_502' title='bbox 1324 2429 1413 2466; x_wconf 87' lang='lat' dir='ltr'><strong>pag.</strong></span> <span class='ocrx_word' id='word_1_503' title='bbox 1435 2415 1533 2458; x_wconf 83' lang='lat'><strong>253.</strong></span> 
     </span>
     <span class='ocr_line' id='line_1_61' title="bbox 802 2473 1534 2527; baseline -0.004 -13"><span class='ocrx_word' id='word_1_504' title='bbox 802 2475 871 2527; x_wconf 87' lang='lat' dir='ltr'><strong>qui</strong></span> <span class='ocrx_word' id='word_1_505' title='bbox 896 2488 961 2513; x_wconf 89' lang='lat' dir='ltr'><strong>me</strong></span> <span class='ocrx_word' id='word_1_506' title='bbox 987 2488 1071 2513; x_wconf 90' lang='lat' dir='ltr'><strong>non</strong></span> <span class='ocrx_word' id='word_1_507' title='bbox 1098 2473 1225 2512; x_wconf 88' lang='lat' dir='ltr'><strong>habet</strong></span> <span class='ocrx_word' id='word_1_508' title='bbox 1252 2473 1534 2511; x_wconf 86' lang='lat' dir='ltr'><strong>assentientem</strong></span> 
     </span>
     <span class='ocr_line' id='line_1_62' title="bbox 799 2531 1534 2584; baseline -0.004 -12"><span class='ocrx_word' id='word_1_509' title='bbox 799 2534 843 2572; x_wconf 90' lang='lat' dir='ltr'><strong>in</strong></span> <span class='ocrx_word' id='word_1_510' title='bbox 865 2534 935 2583; x_wconf 87' lang='lat' dir='ltr'><strong>iis,</strong></span> <span class='ocrx_word' id='word_1_511' title='bbox 965 2545 1069 2584; x_wconf 88' lang='lat' dir='ltr'><strong>quae</strong></span> <span class='ocrx_word' id='word_1_512' title='bbox 1096 2531 1346 2584; x_wconf 86' lang='lat' dir='ltr'><strong>disputavit,</strong></span> <span class='ocrx_word' id='word_1_513' title='bbox 1376 2544 1452 2570; x_wconf 88' lang='lat' dir='ltr'><strong>nec</strong></span> <span class='ocrx_word' id='word_1_514' title='bbox 1467 2531 1534 2569; x_wconf 63' lang='lat' dir='ltr'><strong>xi·-</strong></span> 
     </span>
     <span class='ocr_line' id='line_1_63' title="bbox 803 2590 1533 2641; baseline -0.005 -11"><span class='ocrx_word' id='word_1_515' title='bbox 803 2591 926 2630; x_wconf 86' lang='lat' dir='ltr'><strong>detur</strong></span> <span class='ocrx_word' id='word_1_516' title='bbox 972 2590 1052 2629; x_wconf 91' lang='lat' dir='ltr'><strong>loci</strong></span> <span class='ocrx_word' id='word_1_517' title='bbox 1102 2590 1381 2629; x_wconf 80' lang='lat' dir='ltr'><strong>difficultatem</strong></span> <span class='ocrx_word' id='word_1_518' title='bbox 1437 2602 1533 2641; x_wconf 81' lang='lat' dir='ltr'><strong>per-</strong></span> 
     </span>
     <span class='ocr_line' id='line_1_64' title="bbox 800 2647 1533 2703; baseline -0.005 -15"><span class='ocrx_word' id='word_1_519' title='bbox 800 2649 988 2703; x_wconf 79' lang='lat' dir='ltr'><strong>spexisse.</strong></span> <span class='ocrx_word' id='word_1_520' title='bbox 1045 2647 1144 2691; x_wconf 85' lang='lat'><strong>436.</strong></span> <span class='ocrx_word' id='word_1_521' title='bbox 1183 2648 1347 2686; x_wconf 83' lang='lat' dir='ltr'><strong>dorsum</strong></span> <span class='ocrx_word' id='word_1_522' title='bbox 1370 2647 1533 2700; x_wconf 80' lang='lat' dir='ltr'><strong>proprie</strong></span> 
     </span>
     <span class='ocr_line' id='line_1_65' title="bbox 802 2704 1532 2756; baseline -0.005 -10"><span class='ocrx_word' id='word_1_523' title='bbox 802 2714 861 2746; x_wconf 91' lang='lat' dir='ltr'><strong>est</strong></span> <span class='ocrx_word' id='word_1_524' title='bbox 885 2706 1106 2756; x_wconf 88' lang='lat' dir='ltr'><strong>montium;</strong></span> <span class='ocrx_word' id='word_1_525' title='bbox 1150 2704 1269 2755; x_wconf 88' lang='lat' dir='ltr'><strong>hinc,</strong></span> <span class='ocrx_word' id='word_1_526' title='bbox 1309 2706 1342 2743; x_wconf 91' lang='lat' dir='ltr'><strong>si</strong></span> <span class='ocrx_word' id='word_1_527' title='bbox 1377 2711 1532 2743; x_wconf 89' lang='lat' dir='ltr'><strong>montes</strong></span> 
     </span>
     <span class='ocr_line' id='line_1_66' title="bbox 800 2763 1530 2814; baseline -0.007 -9"><span class='ocrx_word' id='word_1_528' title='bbox 800 2766 910 2805; x_wconf 88' lang='lat' dir='ltr'><strong>silvis</strong></span> <span class='ocrx_word' id='word_1_529' title='bbox 948 2764 1112 2814; x_wconf 86' lang='lat' dir='ltr'><strong>consiti,</strong></span> <span class='ocrx_word' id='word_1_530' title='bbox 1159 2764 1280 2802; x_wconf 90' lang='lat' dir='ltr'><strong>etiam</strong></span> <span class='ocrx_word' id='word_1_531' title='bbox 1317 2763 1530 2811; x_wconf 82' lang='lat' dir='ltr'><strong>silvarum,</strong></span> 
     </span>
     <span class='ocr_line' id='line_1_67' title="bbox 801 2821 1527 2869; baseline -0.007 -6"><span class='ocrx_word' id='word_1_532' title='bbox 801 2838 1026 2864; x_wconf 78' lang='lat' dir='ltr'><strong>nemorum.</strong></span> <span class='ocrx_word' id='word_1_533' title='bbox 1056 2822 1200 2861; x_wconf 86' lang='lat' dir='ltr'><strong>Horat.</strong></span> <span class='ocrx_word' id='word_1_534' title='bbox 1224 2824 1308 2860; x_wconf 85' lang='lat' dir='ltr'><strong>Sat.</strong></span> <span class='ocrx_word' id='word_1_535' title='bbox 1332 2821 1389 2869; x_wconf 90' lang='lat' dir='ltr'><strong>II,</strong></span> <span class='ocrx_word' id='word_1_536' title='bbox 1413 2823 1451 2869; x_wconf 85' lang='lat'><strong>6,</strong></span> <span class='ocrx_word' id='word_1_537' title='bbox 1475 2822 1527 2861; x_wconf 88' lang='grc'><strong>91</strong></span> 
     </span>
     <span class='ocr_line' id='line_1_68' title="bbox 801 2876 1530 2933; baseline -0.01 -12"><span class='ocrx_word' id='word_1_538' title='bbox 801 2883 1021 2933; x_wconf 81' lang='lat' dir='ltr'><strong>Praerupti</strong></span> <span class='ocrx_word' id='word_1_539' title='bbox 1037 2882 1208 2918; x_wconf 80' lang='lat' dir='ltr'><strong>nemoris</strong></span> <span class='ocrx_word' id='word_1_540' title='bbox 1218 2902 1274 2908; x_wconf 93' lang='lat'>—</span> <span class='ocrx_word' id='word_1_541' title='bbox 1283 2878 1410 2916; x_wconf 82' lang='lat' dir='ltr'><strong>dorso.</strong></span> <span class='ocrx_word' id='word_1_542' title='bbox 1432 2876 1530 2918; x_wconf 80' lang='grc'><strong>438.</strong></span> 
     </span>
     <span class='ocr_line' id='line_1_69' title="bbox 800 2934 1530 2979; baseline -0.011 0"><span class='ocrx_word' id='word_1_543' title='bbox 800 2941 958 2979; x_wconf 80' lang='lat' dir='ltr'><strong>catulos</strong></span> <span class='ocrx_word' id='word_1_544' title='bbox 995 2947 1069 2977; x_wconf 81' lang='lat' dir='ltr'><strong>aut</strong></span> <span class='ocrx_word' id='word_1_545' title='bbox 1103 2951 1196 2976; x_wconf 79' lang='lat' dir='ltr'><strong>ova.</strong></span> <span class='ocrx_word' id='word_1_546' title='bbox 1269 2935 1426 2974; x_wconf 88' lang='lat' dir='ltr'><strong>Scilicet</strong></span> <span class='ocrx_word' id='word_1_547' title='bbox 1453 2934 1530 2972; x_wconf 89' lang='lat' dir='ltr'><strong>alia</strong></span> 
     </span>
    </p>
   </div>
   <div class='ocr_carea' id='block_1_9' title="bbox 800 2993 1529 3051">
    <p class='ocr_par' dir='ltr' id='par_1_11' title="bbox 800 2993 1529 3051">
     <span class='ocr_line' id='line_1_70' title="bbox 800 2993 1529 3051; baseline -0.01 -14"><span class='ocrx_word' id='word_1_548' title='bbox 800 3003 1032 3051; x_wconf 85' lang='lat' dir='ltr'><strong>serpentum</strong></span> <span class='ocrx_word' id='word_1_549' title='bbox 1052 3008 1198 3048; x_wconf 85' lang='lat' dir='ltr'><strong>genera</strong></span> <span class='ocrx_word' id='word_1_550' title='bbox 1217 3000 1314 3032; x_wconf 86' lang='lat' dir='ltr'><strong>sunt</strong></span> <span class='ocrx_word' id='word_1_551' title='bbox 1330 2993 1529 3046; x_wconf 83' lang='lat' dir='ltr'><strong>vivipara,</strong></span> 
     </span>
    </p>
   </div>
  </div>
 </body>
</html>
