1768 3320
208 215 311 266 274
717 211 1229 263 PROOEMIUM

209 341 323 392 eius
350 339 418 390 ad
439 338 744 389 Hesiodum
770 340 1032 404 instituta,
1078 339 1214 390 nihil
1242 338 1447 403 exiliUS,
1493 340 1739 407 ieiuniuS,

209 420 264 462 et
291 410 488 461 aridius
515 409 786 474 Hesiodo,
832 409 967 459 nihil
995 410 1265 477 copiosius
1299 419 1351 459 et
1379 409 1590 477 plenius
1617 412 1741 464 Vir—

206 481 345 548 gilio,
420 481 526 544 Qui
553 489 738 531 tamen
758 480 867 530 hoc
890 480 1097 548 primus
1120 479 1428 545 affirmavit,
1468 498 1597 531 eum
1624 496 1740 532 non

208 550 510 603 admodum
538 560 819 601 recentem
847 550 911 600 ab
935 550 1158 601 Hesiodi
1183 550 1421 601 lectione
1449 550 1614 602 fuisse
1641 569 1740 603 ne-

206 638 353 673 cesse
378 630 472 673 est.
543 622 641 674 Vix
671 621 818 671 enim
838 620 895 671 in
915 622 1086 671 tribus
1108 630 1199 671 aut
1218 630 1450 689 quatuor
1474 621 1606 672 locis
1627 624 1740 672 He-

206 693 424 744 siodeae
447 692 745 742 sententiae
772 700 896 741 sunt
919 708 1225 759 expressae3
1266 692 1567 743 carminum
1594 694 1740 760 ipso-

139 811 142 814 ,
204 781 330 814 rum
347 759 525 812 forma
547 776 661 811 non
691 763 967 824 convenit3
1005 761 1214 812 diversa
1233 762 1515 829 utriusque
1536 772 1740 827 natura,

205 834 448 885 diversus
466 833 670 897 genius,
700 832 973 882 diversum
994 832 1291 884 consilium.
1336 833 1606 884 Hesiodus
1624 850 1740 884 non

204 904 493 969 Georgica,
538 902 591 955 h.
622 918 666 954 e.
695 902 764 952 de
793 917 854 952 re
879 902 1098 967 rustica,
1143 902 1351 970 scripsit
1385 911 1475 953 aut
1503 904 1740 955 scribere

204 974 406 1039 voluit,
467 972 565 1023 sed
602 973 766 1023 totius
802 973 941 1023 vitae
987 971 1319 1024 domesticae
1341 1014 1356 1039 ,
1413 974 1582 1041 qualis
1619 983 1740 1025 tum

207 1054 319 1096 erat
340 1085 353 1109 ,
413 1044 732 1094 coniunctae
783 1043 985 1094 scilicet
1025 1043 1163 1094 illius
1210 1042 1299 1094 vel
1340 1044 1590 1096 maxime·
1612 1062 1740 1095 cum

207 1114 613 1181 agricolatione,
655 1114 894 1164 rationes
923 1112 1138 1164 tradere
1155 1155 1168 1179 ,
1215 1113 1539 1182 prudentiae
1579 1115 1738 1166 etiam

209 1196 263 1236 et
309 1200 532 1235 morum
586 1194 873 1252 praecepta
926 1201 1256 1253 proponere.
1344 1185 1510 1249 Quod
1555 1195 1739 1236 autem

205 1259 497 1308 Ascraeum
523 1270 740 1306 carmen
765 1252 997 1323 appellat
1023 1271 1183 1306 suum
1210 1272 1348 1323 opus
1368 1255 1645 1321 VirgiliuS,
1682 1255 1738 1306 id

207 1344 274 1378 eo
307 1327 566 1394 pertinet,
614 1326 766 1394 quod
792 1327 848 1376 in
877 1326 1037 1376 simili
1067 1324 1185 1377 sere
1217 1342 1420 1392 genere
1455 1326 1591 1377 illud
1618 1343 1739 1376 ver-

205 1406 383 1462 satur,
430 1412 546 1446 non
582 1396 735 1464 quod
772 1413 834 1447 ex
865 1396 1141 1447 Hesiodeo
1174 1397 1408 1465 petitum
1446 1405 1536 1447 aut
1567 1405 1739 1447 trans-

204 1468 466 1535 scriptum
520 1476 610 1517 aut
662 1467 731 1518 ad
785 1467 898 1518 eius
947 1465 1187 1518 formam
1231 1476 1314 1518 est
1358 1468 1738 1535 compositum.

203 1541 391 1589 Potest
426 1535 653 1605 quidem
695 1537 883 1606 aliquis
915 1538 972 1588 in
1009 1555 1131 1589 eam
1170 1538 1493 1606 opinionem
1523 1537 1738 1602 adduci,

204 1618 366 1676 ‘atque
407 1609 463 1658 in
501 1624 624 1659 eam
664 1609 773 1658 iam
804 1612 937 1660 Dan.
968 1608 1251 1660 Heinsium
1283 1607 1488 1660 Introd„
1525 1607 1595 1658 ad
1626 1610 1738 1659 He-

205 1678 338 1730 siod.
374 1695 414 1731 c.
439 1683 471 1731 4
500 1679 710 1729 venisse
742 1679 903 1729 video
926 1684 1008 1746 *),
1045 1688 1107 1729 ut
1139 1688 1229 1729 aut
1259 1678 1544 1747 quoddam
1576 1678 1737 1743 aliud,

202 1758 296 1799 aut
318 1748 449 1813 hoe,
486 1748 640 1817 quod
670 1749 960 1813 habemuS,
997 1749 1222 1800 Hesiodi
1244 1764 1381 1817 opus
1408 1749 1543 1799 olim
1560 1747 1735 1799 multo

205 1818 527 1886 locupletius
552 1828 605 1869 et
621 1819 834 1886 plenius
856 1820 1089 1870 extitisse
1112 1819 1389 1872 existimet.
1435 1819 1566 1882 Quis
1587 1819 1736 1869 enim

200 1889 260 1938 in
293 1889 381 1938 tali
414 1890 715 1954 argumenti
749 1891 1066 1940 tractatione
1088 1931 1101 1954 ,
1148 1889 1366 1958 qualem
1397 1905 1543 1940 nunc
1582 1889 1637 1939 in
1670 1906 1736 1940 eo

205 1959 479 2024 videmuS,
517 1975 631 2009 non
654 1961 882 2010 miretur
907 1962 1200 2025 Catonem,
1239 1961 1331 2028 qui
1355 1959 1499 2027 apud
1519 1960 1738 2011 Cicero-

205 2046 340 2079 nem
369 2030 441 2079 ita
472 2029 707 2097 disputat
738 2035 846 2096 **),
895 2039 956 2081 ut
990 2030 1070 2081 ‘de
1101 2029 1523 2081 stercorandi
1549 2030 1737 2080 utili-

206 2108 342 2149 tate
378 2100 646 2150 doctum
668 2101 1036 2151 Hesiodum
1063 2118 1140 2152 ne
1166 2101 1442 2152 verbum
1469 2100 1738 2168 quidem

205 2168 445 2220 fecisse
494 2180 720 2220 moneat
741 2212 755 2235 ,
814 2189 959 2221 cum
1000 2171 1078 2222 de
1119 2171 1379 2222 cultura
1420 2171 1555 2236 agri
1583 2172 1737 2221 scri-

204 2239 240 2288 b
257 2247 434 2291 eret?
484 2240 628 2303 Quid
657 2250 838 2292 autem
860 2242 1141 2292 Manilium
1166 2250 1462 2309 sequutum
1492 2257 1608 2291 esse
1633 2259 1737 2309 pu-

206 2310 464 2375 tabimuS,
505 2311 622 2377 qui,
661 2311 796 2362 dum
818 2312 1042 2362 Hesiodi
1062 2328 1234 2379 ‘opera
1265 2320 1498 2376 enarrat,
1532 2312 1738 2375 Quin·-

206 2380 433 2445 etiam,
471 2381 671 2448 inquit,
706 2383 881 2432 ruris
911 2382 1125 2433 cultus
1152 2382 1174 2431 «l
1190 2397 1475 2449 egesque
1507 2382 1736 2432 novati

203 2450 509 2501 Militiam
526 2468 652 2518 que
711 2452 871 2503 soli:
945 2452 1122 2521 quod
1178 2450 1387 2503 colles
1444 2451 1737 2502 Bacchus

252 2568 280 2612 ’)
305 2570 374 2616 Ios.
391 2567 558 2613 Scaliger,
581 2568 640 2614 qui
661 2569 706 2603 ad
725 2570 863 2604 Manilii
882 2570 944 2604 lo·-
1001 2582 1160 2617 prooem.
1179 2570 1224 2603 ad
1245 2568 1450 2603 Hesiodum.
1488 2568 1586 2603 Idem
1605 2568 1739 2604 Tzetza

205 2629 282 2651 cum
300 2617 391 2649 hano
412 2615 621 2649 sententiam
639 2614 874 2662 improbabat,
892 2617 943 2651 ita
1001 2617 1138 2662 Orphei
1162 2614 1293 2650 'librum
1317 2615 1570 2660 Georgicorum
1598 2616 1738 2657 laudan

202 2662 374 2697 tamenin
393 2662 508 2696 verbis
530 2662 669 2696 Manilii
687 2664 875 2705 haerebat,
900 2670 944 2697 ‘ut
1002 2665 1066 2697 sed
1083 2676 1204 2697 versus
1225 2675 1268 2696 ex
1286 2662 1330 2696 iis
1352 2663 1523 2697 excitatos
1538 2663 1579 2697 *in
1593 2663 1739 2698 Maximi

205 2723 283 2743 eum
304 2711 397 2743 forte
418 2709 552 2755 Orphei
564 2705 683 2755 ’Έργα
700 2709 765 2745 καὶ
783 2707 944 2755 “Ημέρας
1000 2710 1212 2755 Philosophi
1238 2710 1283 2743 de
1312 2709 1556 2744 Electionibus
1586 2711 1738 2744 carmine

204 2757 362 2791 Hesiodo
380 2756 584 2789 attribuisse
599 2757 828 2799 coniectaret,
846 2758 941 2791 cuius
1001 2758 1118 2802 (quod
1151 2756 1332 2790 Fabricius
1363 2757 1535 2791 Biblioth.
1560 2758 1622 2791 Gr.
1652 2757 1737 2793 Vol.

205 2817 287 2839 sane
316 2803 435 2849 operis
469 2803 607 2836 initium
638 2816 715 2837 cum
739 2805 941 2838 Manilianis
1000 2806 1093 2846 VIII,
1122 2815 1158 2848 p.
1179 2802 1249 2840 415
1281 2804 1441 2849 inseruit)
1473 2804 1625 2839 inveniri
1648 2805 1738 2839 vidit

204 2851 363 2886 versibus
392 2849 525 2896 aliquid
554 2850 773 2884 coniunctum
807 2852 941 2884 habere
999 2851 1216 2895 Wesseling.
1238 2851 1418 2886 Probabil.
1443 2863 1520 2896 cap.
1541 2851 1597 2898 17.

204 2899 354 2933 videtur.
387 2901 570 2932 Servatum
589 2897 678 2931 illud
699 2906 753 2932 est
771 2911 790 2932 a
808 2900 940 2933 Tzetza
1045 2898 1088 2943 ”)
1113 2899 1166 2931 De
1185 2902 1324 2939 Senect.
1345 2911 1422 2944 cap·
1446 2900 1502 2935 15·
