1734 3320
149 255 250 303 438
480 254 535 303 P.
572 254 928 304 VIRGILII
962 254 1344 305 MARONIS

147 380 487 446 Excoquere,
536 388 590 430 et
617 395 843 445 magnos
875 379 1155 430 scrobibus
1195 379 1483 431 concidere
1514 397 1677 430 mon-

936 451 1001 499 tis

148 520 287 568 Ante
311 519 577 586 supinatas
602 519 838 586 aquiloni
860 491 1150 571 osten’dere
1174 520 1381 586 glebaS,
1572 457 1676 504 260

151 591 327 652 Quam
351 588 554 640 laetum
577 588 809 640 infodias
832 591 950 641 vitis
973 607 1165 656 genu53
1205 599 1428 658 optuma
1450 590 1596 658 putri

202 719 273 753 260
297 718 524 752 circumdare
540 726 682 752 montes
701 719 888 752 Romanus.
937 728 975 753 et
992 719 1122 753 omittit
1137 719 1267 754 Medic.
1284 719 1414 762 Pierii,
1439 718 1533 764 quod
1552 718 1676 764 place-

147 764 210 798 bat
235 765 407 807 Marfino,
441 766 500 810 qui
524 771 560 798 et
578 765 734 798 malebat
762 766 909 812 magnis
937 765 1133 800 scrobibus.
1183 766 1356 800 Omissum
1384 775 1420 800 et
1442 766 1479 799 in
1499 765 1582 799 edit.
1603 766 1676 799 Cu-

146 811 280 857 ningh„
306 813 402 858 quod
416 812 511 845 idem
528 812 679 845 malebat
698 813 795 846 Cort.
814 812 860 846 ad
876 812 964 847 Plin.
986 815 1053 848 VII
1074 825 1155 859 epp.
1176 813 1211 849 4.
1261 813 1406 848 Scilicet
1434 813 1515 859 quia
1544 813 1676 859 alioqui

147 858 185 892 in
200 859 309 893 tertio
325 860 482 893 membro
496 859 621 904 copula
640 859 859 893 desideratur
873 871 880 892 :
894 863 994 894 Ante
1013 861 1291 907 supinatasque.
1325 863 1393 895 Iac.
1405 862 1538 906 Bryant
1555 868 1677 895 acute:

146 909 269 953 Aeque
289 907 486 952 supinatas
507 906 675 952 aquiloni
695 906 877 946 emendat;
911 908 1006 953 quod
1028 907 1190 952 equidem
1210 909 1420 953 praeferam.
1464 908 1559 953 (Non
1577 914 1676 941 recte

147 962 186 987 et
205 953 320 987 omitti
340 953 480 993 volunt3
515 952 585 986 vid.
615 955 658 995 Q.
679 955 724 989 V.
750 955 833 996 XII,
861 953 936 995 15.;
975 962 1011 988 et
1037 954 1074 987 in
1097 956 1203 989 tertio
1239 956 1395 989 membro
1417 956 1462 989 ob
1485 954 1677 999 repetitum

148 1008 257 1042 ante,
291 1000 334 1033 de
363 1011 432 1045 quo
461 999 530 1033 vid.
563 1000 635 1034 Ecl.
659 1002 686 1043 Ι,
711 1003 770 1037 70.
798 1003 904 1044 Not.,
933 1001 1060 1047 copula
1088 1014 1160 1036 non
1180 1002 1422 1045 desideratur,
1447 1008 1487 1035 ut
1514 1002 1608 1035 infra
1625 1014 1675 1036 vs.

146 1046 230 1083 294.
259 1059 327 1092 sq.:
366 1047 598 1092 „multosque
624 1054 796 1093 nepotes,
843 1049 988 1082 Multa
1022 1049 1135 1083 virum
1170 1050 1317 1084 volvens
1346 1049 1507 1083 durando
1538 1049 1677 1083 saecula

146 1094 290 1128 vincit-.“
322 1095 419 1139 Wr.)
468 1095 552 1128 Cum
572 1095 617 1128 de
639 1095 788 1129 collibus
808 1102 953 1141 agatur,
979 1109 1133 1143 magnos
1151 1108 1223 1130 non
1246 1098 1339 1131 bene
1364 1096 1552 1130 memorari
1571 1108 1677 1130 mon·-

146 1148 201 1174 tes
230 1140 336 1175 facile
364 1141 508 1175 sentias.
556 1142 678 1176 Placet
701 1143 819 1188 itaque
843 1144 936 1188 quod
954 1144 1126 1177 Martinus
1148 1144 1321 1178 malebat:
1357 1145 1504 1191 magnis
1534 1142 1676 1177 scrobi-

149 1187 227 1222 bus.
261 1189 368 1234 (Bene
389 1201 555 1236 magnos.
604 1191 716 1231 Quam
736 1190 808 1223 late
832 1196 954 1235 pateat
972 1203 1091 1233 mons,
1126 1197 1239 1225 totum
1265 1191 1450 1225 scrobibus
1481 1190 1676 1224 conciden-

147 1235 228 1268 dum
252 1235 428 1282 praecipit
458 1242 589 1282 poeta,
633 1249 699 1271 nec
734 1238 948 1282 parcendum
974 1237 1103 1272 labori.
1138 1258 1183 1264 ——-
1218 1247 1363 1273 montes
1395 1237 1525 1272 Medic.
1577 1238 1674 1283 Wr.)

146 1283 214 1318 261
242 1284 441 1318 extendere
466 1284 597 1317 Moret.
624 1284 735 1327 alter,
773 1285 875 1318 male.
921 1285 993 1319 vid.
1019 1287 1106 1319 Not.
1212 1287 1284 1322 262
1309 1287 1449 1320 lentum
1479 1284 1615 1319 Zulich.
1638 1293 1676 1319 et

145 1329 247 1363 Leid.
272 1329 363 1363 alter
393 1343 470 1364 cum
496 1331 605 1364 Goth.
633 1343 725 1375 sec.,
749 1338 925 1377 perpetua
947 1332 1159 1375 variatione,
1193 1332 1352 1379 inprimis
1371 1333 1410 1366 in
1435 1332 1518 1366 vite.
1549 1345 1582 1366 v.
1603 1333 1675 1367 Ecl.

147 1378 206 1419 111,
230 1377 288 1412 38.
324 1377 462 1411 laetum
474 1377 533 1411 hic
551 1390 684 1413 verum.
733 1379 847 1413 Multa
866 1379 958 1413 enim
979 1380 1200 1425 praecipiunt
1217 1380 1320 1414 huius
1341 1380 1486 1414 sationis
1508 1386 1672 1415 auctores

147 1425 192 1459 de
211 1424 376 1470 eligendo
395 1425 646 1460 fecundissimo
665 1432 701 1460 et
720 1426 971 1472 probatissimo
990 1427 1111 1472 stirpis
1131 1439 1272 1473 genere.
1305 1427 1376 1462 vid.
1396 1428 1530 1462 Colum.
1553 1428 1612 1471 III,
1640 1429 1674 1464 6.
1732 1428 1734 1433 ‘

145 1526 285 1565 munia
305 1532 402 1565 sunt
429 1541 523 1566 cum
541 1526 625 1565 aliis
645 1526 880 1571 arboribus:

147 1585 195 1623 cf.
218 1585 318 1624 Plin.
340 1585 467 1635 XVII,
486 1600 516 1624 S.
548 1584 614 1627 14.
635 1588 701 1635 16,
736 1591 775 1623 et
793 1585 881 1638 pri-

937 1542 1007 1578 ra;
1047 1529 1252 1566 concisam
1273 1527 1407 1580 fossis
1441 1526 1676 1579 Aegyptum

939 1600 960 1624 e
980 1587 1136 1625 Iustino
1159 1586 1215 1636 Il,
1243 1588 1263 1628 1
1294 1582 1435 1625 laudat
1454 1586 1674 1624 Burmann.

146 1656 262 1681 mum
282 1643 446 1695 quidem
468 1644 518 1681 de
532 1643 745 1696 faciendis
771 1658 881 1682 scro—

146 1700 287 1748 bibas;
321 1701 393 1740 sed
422 1715 543 1753 quam
569 1702 710 1754 pulcre
740 1707 780 1740 et
811 1716 882 1741 or-

146 1765 241 1798 nate
265 1758 347 1798 hoc
375 1766 639 1813 praeceptum
665 1760 798 1798 tribus
817 1759 881 1798 his

147 1817 332 1857 versibus
360 1818 512 1861 259—
533 1821 614 1860 261
648 1818 880 1870 proposuit!

147 1874 340 1914 Arbitror
365 1882 501 1914 autem
527 1882 621 1914 ante
639 1876 777 1914 oeulos
803 1875 881 1914 ha-

146 1933 279 1972 buisse
313 1940 473 1986 poetam
501 1933 689 1986 Xenoph.
730 1934 880 1973 Oecon.

149 2005 235 2044 cap.
269 1992 385 2042 XVI,
408 1994 456 2033 11
493 2005 590 2044 sqq.,
621 1998 661 2030 et
676 1991 880 2045 Theophr.

149 2049 200 2088 de
229 2049 365 2089 Causs.
393 2050 523 2089 Plant.
554 2050 620 2100 III,
641 2050 680 2093 5.
743 2051 798 2088 De
817 2051 882 2090 vi—

147 2108 253 2147 tium
287 2109 450 2147 cultura
495 2108 679 2161 inprimis
713 2108 883 2148 videndi

148 2166 354 2205 Columell.
371 2167 438 2206 lib.
456 2166 524 2205 III.
555 2168 735 2219 Geopon.
755 2167 881 2206 lib.V.

147 2225 248 2263 Plin.
269 2225 395 2275 XVII,
414 2225 469 2268 35
492 2238 549 2277 sq.
609 2225 884 2264 Serendarum

147 2283 294 2322 vitium
323 2289 405 2322 tres
432 2289 528 2322 sunt
566 2283 696 2322 modi:
739 2290 809 2323 aut
839 2284 882 2322 in

148 2341 350 2394 pastinato
380 2338 492 2394 (agro
522 2341 564 2380 in
595 2348 729 2380 totum
760 2343 880 2393 fosso,

150 2413 230 2451 quo
240 2413 337 2438 mox
349 2400 594 2439 ferramento
614 2400 785 2450 bifurco,
805 2415 881 2453 pa-

149 2457 302 2496 stinum
323 2457 492 2507 dicitur,
525 2458 713 2510 defigitur
735 2472 882 2497 surcu-

148 2514 229 2569 lus)
264 2522 336 2554 aut
366 2515 410 2553 in
428 2517 538 2554 sulco
562 2523 634 2554 aut
651 2517 694 2555 in
721 2517 881 2556 scrobe:

148 2573 249 2611 Plin.
269 2574 295 2612 l.
315 2574 340 2612 l.
354 2573 422 2624 35,
438 2577 476 2616 7.
498 2574 652 2613 Colum.
671 2575 738 2624 III,
764 2577 829 2625 13,
844 2578 881 2616 1.

149 2631 301 2670 Pallad.
330 2631 388 2681 II,
428 2635 481 2674 10
506 2646 568 2684 pr.
628 2634 877 2684 Excoqaere,

149 2688 337 2740 πέπτειν,
376 2691 612 2740 πεπαίνειν,
663 2704 880 2740 macerare,

151 2747 330 2799 adeoque
353 2748 661 2799 excoquendum
681 2748 778 2787 dare
792 2779 802 2798 ,
832 2754 882 2787 ut

149 2806 408 2845 Burmannus
440 2806 542 2844 bene
573 2813 733 2856 monet,
773 2806 880 2856 sole,

150 2863 262 2916 gelu,
309 2864 485 2918 pruinisz
533 2869 583 2903 ut
620 2878 682 2915 ap.
726 2864 880 2903 Colum.

150 2921 223 2972 XI,
247 2925 287 2972 3,
316 2925 382 2964 13.
432 2922 514 2960 [am
533 2922 781 2960 concidimus
801 2930 881 2959 ter-

149 2995 240 3018 ram
257 2979 470 3030 scrobibus„
500 2979 597 3018 dum
610 2980 770 3018 scrobes
791 2993 881 3018 cre-

149 3037 246 3077 bros
265 3039 431 3078 facimus
444 3068 456 3090 ,
486 3037 703 3077 incidimus
731 3038 776 3076 in
791 3044 879 3077 ter—

940 1645 1041 1683 Cum
1084 1650 1221 1683 autem
1261 1644 1404 1683 vineae
1435 1644 1478 1682 in
1506 1643 1675 1682 collibus

938 1704 1022 1742 sere
1049 1703 1310 1755 plantentur,
1350 1710 1501 1740 montes
1519 1712 1675 1740 memo-

938 1768 1006 1800 rat
1035 1768 1167 1814 poeta.
1235 1761 1351 1800 Facit
1382 1766 1518 1799 tamen
1547 1761 1675 1799 mira-

939 1820 1092 1858 tionem
1114 1818 1326 1872 epitheton
1349 1833 1538 1870 mangS.
1573 1817 1674 1872 (vid.

938 1878 986 1917 V.
1008 1878 1050 1917 L.
1086 1879 1157 1917 W
1150 1876 1198 1932 r.)
1260 1876 1350 1915 Alia
1368 1877 1472 1916 ratio
1508 1876 1675 1915 videtur

938 1935 1033 1974 iniri
1052 1936 1101 1975 ab
1120 1935 1218 1986 aliis,
1249 1941 1298 1974 ut
1315 1943 1466 1973 montes
1481 1935 1562 1973 sint
1584 1948 1675 1987 ege-
1731 1967 1734 1969 .

939 1994 992 2032 sti
1028 2007 1048 2031 e
1078 1995 1184 2033 fossa
1214 1993 1390 2032 colliculi
1419 1993 1511 2032 soli:

941 2058 1067 2103 esset,
1110 2051 1308 2091 excidere.
1336 2051 1483 2104 glebae
1499 2053 1675 2102 supina-

941 2119 1025 2160 tae,

1569 2007 1617 2031 ac
1642 1993 1676 2032 si
1726 1990 1734 2037 ’ζ

1085 2116 1198 2149 terra
1245 2110 1446 2164 ligonibus
1500 2109 1672 2149 inversa.
1731 2140 1734 2148 2

940 2169 1126 2222 aquiloni
1146 2168 1359 2219 ostendere,
1393 2181 1608 2220 exponere,
1627 2173 1675 2206 ut
1727 2191 1734 2212 ς.

938 2227 1055 2266 flanti
1072 2227 1236 2281 perviae
1255 2226 1348 2266 sint.
1381 2224 1671 2279 Hesiod.'E9y.
1728 2220 1734 2288 Ξ

942 2288 1026 2328 612
1058 2281 1147 2327 τότε
1190 2281 1347 2334 πάντας
1383 2280 1584 2338 οἷπὸδρεπε
1615 2283 1674 2325 οἴ-

939 2344 1039 2384 καδε
1079 2340 1238 2398 βότρυς.
1287 2343 1430 2392 Δεῖξαι
1471 2338 1513 2384 δ’
1548 2338 1673 2398 ’ἠελίῳ
1729 2337 1734 2384 ἶ

941 2401 1037 2442 δέκα
1064 2398 1106 2442 τ’
1137 2400 1274 2455 ’ἤματα
1300 2400 1370 2442 καὶ
1394 2399 1491 2441 δέκα
1509 2397 1670 2448 νύκτας.

938 2461 1160 2499 Nemesian.
1182 2460 1328 2512 Cyneg.
1349 2460 1434 2500 208
1462 2458 1674 2510 tepidoque

940 2518 1138 2556 oscendere
1182 2517 1262 2555 soli
1276 2534 1287 2555 .-
1339 2516 1461 2555 Ιιωιομ
1491 2522 1530 2555 et
1568 2518 1672 2555 Stat.

939 2575 1064 2615 Theb,
1102 2576 1174 2625 VI,
1213 2577 1269 2616 90
1326 2568 1436 2612 lucos
1474 2574 1673 2612 ostendere

939 2623 1100 2672 Phoebo
1121 2663 1132 2683 ,
1187 2633 1269 2671 iam
1307 2632 1494 2671 laudavit
1533 2633 1671 2671 Burm.

938 2691 1093 2730 Habuit
1129 2690 1250 2729 etiam
1291 2689 1404 2729 hunc
1453 2691 1589 2729 locum
1628 2690 1672 2728 in

939 2750 1072 2788 animo
1085 2749 1241 2787 Colum.
1259 2748 1313 2797 X,
1325 2747 1523 2791 74-76,
1544 2749 1672 2786 Caus—

940 2822 1024 2846 sam
1054 2806 1254 2858 coquendi
1282 2806 1356 2844 soli
1398 2807 1547 2860 apponi
1571 2812 1673 2859 puta

939 2879 1017 2905 vss.
1037 2867 1135 2906 262.
1157 2868 1255 2907 263.
1286 2865 1388 2903 Nam
1410 2865 1586 2918 optimus
1605 2864 1672 2903 vi-

938 2924 1022 2962 neis
1043 2923 1220 2961 serendis
1252 2936 1343 2975 ager
1362 2925 1497 2974 putris
1515 2936 1587 2961 seu
1603 2935 1672 2961 re-

938 2982 1095 3020 solutus
1137 2987 1177 3020 et
1208 2987 1325 3020 tener
1368 2987 1449 3032 est;
1497 2981 1580 3021 vid.
1619 2980 1672 3019 ad

937 3053 977 3079 v.
996 3037 1082 3082 204
1095 3045 1108 3090 3*
1139 3041 1274 3091 patris
1298 3045 1434 3079 autem
1459 3038 1509 3078 fit
1524 3038 1669 3088 ventis,

1730 2527 1734 2550 ε

1724 2609 1734 2661 ¹j}

1722 2728 1734 2800 i

1722 2801 1734 2868 ‘i

1720 2948 1734 2979 ’ξ

1719 2980 1734 3105 Ξ
