1768 3320
338 253 753 306 BUGOLICA
787 255 953 306 ECL.
990 256 1105 320 VII,
1142 261 1361 310 31—37

1514 265 1613 316 195

90 397 137 434 T.
175 380 364 430 Sinum
384 379 556 445 lactiS,
595 389 650 431 et
668 380 803 431 haec
822 389 877 430 te
899 380 1022 445 liba,
1051 382 1268 449 Priape,
1308 395 1443 452 quot
1464 389 1613 439 annis

89 453 406 517 Exspectare
427 459 506 499 sat
530 459 632 502 est:
671 461 849 501 custos
871 467 927 500 es
944 453 1195 518 pauperis
1220 451 1380 506 horti.

85 523 242 572 Nunc
261 529 316 570 te
335 537 707 571 marmoreum
727 539 829 589 pro
844 530 1096 588 tempore
1117 521 1370 585 fecimus;
1386 520 1443 573 'at
1461 534 1535 591 tu,
1548 530 1614 579 35

89 591 146 640 Si
168 589 344 640 fetura
363 606 585 656 gregem
612 592 969 659 suppleverit,
1008 609 1200 642 aureus
1224 603 1354 645 esto,

160 676 204 712 c,
238 661 439 712 Nerine
461 660 678 712 Galatea
693 704 707 728 ,
743 661 932 727 thymo
956 661 1094 711 mihi
1118 662 1331 714 dulcior
1349 664 1571 731 Hyblae,

132 812 181 848 33
203 811 297 846 haec
314 811 382 848 tibi
398 812 474 848 liba
490 813 593 847 multi
610 814 705 859 apud
727 814 849 848 Heius.
869 820 907 847 et
926 814 1041 848 Burm.
1065 825 1142 847 cum
1162 814 1271 849 Goth.
1290 828 1365 861 pn,
1391 817 1486 862 quod
1504 818 1615 863 magis

85 859 233 904 vulgare
255 867 359 894 esset.
409 862 468 906 (At
486 861 581 895 alind
600 868 671 895 est:
698 861 765 896 tibi
782 871 843 895 sac
858 870 925 902 est,
947 860 1043 894 aliud
1062 869 1123 894 sat
1142 870 1199 895 est
1218 871 1256 895 te
1274 872 1502 909 exspectat-03
1527 865 1617 899 illud

88 917 133 940 ex
149 905 290 952 Priapi,
323 907 393 941 hoc
413 920 454 942 ex
474 908 652 954 loquentis
670 920 825 954 persona
844 908 994 949 dictum;
1027 908 1134 953 idque
1153 909 1266 942 solum
1283 910 1364 944 huic
1379 911 1461 944 loco
1484 923 1617 946 conve-

86 952 152 987 nit.
182 955 240 988 W
232 954 278 998 r.)

382 956 430 991 35
456 964 492 989 et
518 964 561 989 tu
578 956 747 990 Rottend.
798 968 843 990 ac
868 965 911 989 tu
935 956 1077 1001 Menag.

1179 957 1227 993 36
1248 970 1384 1004 greges
1408 959 1517 993 Goth.
1546 972 1616 994 sec.

85 1001 135 1037 37
158 1000 271 1034 Nunc
290 1001 475 1036 Galathea
495 1003 610 1038 thimo
632 1023 676 1028 —
702 1003 792 1037 mihi
807 1003 990 1045 Parrhas.,
1025 1009 1150 1048 aperta
1173 1003 1408 1039 aberratione.
1457 1006 1616 1041 Nerine:

88 1059 133 1081 ex
151 1049 349 1095 Νηρείνη,
373 1062 395 1083 a
413 1049 568 1097 Νηρεΐς.
616 1050 714 1085 Alias
735 1057 790 1084 est
812 1052 1017 1097 Νηρηίνη,
1045 1063 1065 1084 a
1089 1050 1254 1097 Νηρηΐς.

86 1176 326 1218 Aeneidem:
363 1180 700 1234 Marmoreas-que
728 1181 815 1231 tibi,

87 1236 190 1287 dea,
230 1237 529 1276 versicoloribus
554 1240 634 1277 alis
659 1241 713 1278 In
729 1254 820 1278 mo-

86 1309 172 1334 rem
183 1296 302 1346 picta
318 1294 440 1334 stabit
463 1296 595 1334 „Amor
604 1297 816 1348 pharetra.

90 1352 291 1391 Gothumo
310 1382 322 1402 ,
366 1353 478 1405 quod
508 1355 822 1395 calceamentum

86 1410 344 1450 venatorium
360 1417 438 1462 est,
468 1412 594 1451 Diana
620 1414 703 1453 fere
723 1428 824 1453 con-

87 1468 224 1522 spicua
242 1468 287 1507 in
304 1469 423 1522 signis
445 1476 487 1509 et
503 1472 679 1523 gemmis.
710 1474 825 1511 euin-

87 1535 155 1565 σία
173 1532 309 1579 potest
324 1541 430 1578 esse,
463 1542 486 1566 a
504 1529 607 1581 pede
628 1529 680 1570 ad
710 1544 825 1570 suras

87 1598 237 1637 usque3
253 1585 329 1624 nisi
349 1592 408 1624 est
426 1586 658 1639 simpliciter
667 1588 825 1627 vincta:

87 1649 139 1682 ut
154 1642 254 1685 Aen.
277 1643 309 1693 I,
329 1646 415 1686 337
435 1646 723 1699 Purpureoque
743 1647 825 1684 alte

88 1715 207 1740 suras
239 1703 389 1740 vincire
424 1702 627 1743 cothurno.
688 1704 825 1743 Livius

56 1762 68 1767 “
87 1757 347 1798 Andronicus
375 1759 418 1799 in
444 1760 568 1799 Inone
598 1762 710 1814 apud
744 1763 824 1801 Te-

87 1817 262 1857 rentian.
293 1817 424 1856 Maur.
454 1818 505 1857 de
531 1819 689 1859 Meti-is:
728 1822 824 1859 Iam

87 1889 197 1914 nunc
204 1889 412 1927 purpureo
433 1891 550 1915 suras
568 1879 729 1917 istc-lude
752 1893 824 1916 co-

89 1933 233 1971 thurno
255 1930 379 1987 (forte
402 1933 455 1973 ad
483 1935 650 1975 Inonem
668 1936 825 1987 nutriX‚

88 1996 137 2030 ut
154 1991 322 2029 Dianam
350 1991 419 2030 illa
446 1992 663 2048 imitetur).
700 1994 826 2033 stabis

88 2063 175 2088 vox
204 2049 412 2089 sollennis:
451 2051 527 2089 tibi
543 2057 674 2091 statua
695 2066 827 2104 pone-

88 2113 178 2146 tur:
219 2107 417 2159 expressit
443 2108 579 2148 locum
602 2109 714 2148 hunc
732 2112 827 2148 Sta-

15 2166 26 2175 *
89 2165 172 2203 tius
189 2164 228 2202 H
246 2164 373 2204 Theb.
391 2167 474 2209 725
494 2180 579 2218 sqq.
611 2166 724 2220 (tota,
742 2182 827 2207 non

90 2221 231 2261 herma
256 2228 429 2262 tantum.
465 2223 601 2279 Voss.)

150 2282 206 2322 33
227 2303 274 2308 —
289 2283 359 2324 36.
387 2281 519 2320 Etiam
540 2281 641 2332 hoc,
666 2289 716 2322 ut
726 2282 825 2333 dixi,

90 2338 335 2391 epigramma
366 2345 446 2390 est,
476 2340 609 2393 Priapi
630 2340 742 2393 signo
764 2342 826 2380 af-

90 2395 243 2447 fixum,
276 2403 327 2436 ut
342 2397 555 2437 innumera
575 2398 673 2448 alia3
701 2398 825 2450 idque

90 2461 238 2493 votum
260 2455 296 2494 ei
319 2456 487 2495 factum.
546 2457 712 2510 Signum
739 2457 824 2496 eius

92 2518 154 2551 est
171 2525 222 2550 ex
240 2527 442 2552 marmore
476 2512 588 2568 (sane
615 2528 639 2552 a
663 2521 827 2567 pastore

91 2569 267 2622 ligneum
301 2571 556 2627 expectabas)
574 2604 585 2623 ‚
626 2572 679 2611 ad
714 2573 826 2625 quod

91 2641 207 2675 sag-a
224 2630 442 2682 quotannis
468 2630 574 2669 fiunt
596 2630 827 2683 pastoritia:

93 2692 219 2738 ponet
244 2700 296 2726 ex
322 2694 419 2727 voto
447 2702 611 2728 auream
639 2694 824 2739 statuam,

96 2740 231 2796 (nimis
272 2746 479 2785 ambitiose
522 2761 599 2800 pro
636 2746 825 2800 pauperis

94 2802 266 2853 pastoris
290 2803 508 2859 persona!)
547 2805 581 2843 si
601 2804 700 2843 deus
724 2818 825 2857 pro-

94 2858 219 2910 pitius
233 2860 368 2900 fuerit.
429 2860 527 2916 (Sed
551 2876 695 2915 magna
713 2862 827 2914 loqui

97 2922 137 2954 et
151 2913 372 2969 κομπάζειν
399 2919 607 2972 Thyrsim,
648 2934 714 2969 ac,
745 2919 827 2958 Mi-

98 2987 198 3012 cone
239 2989 385 3027 magna
429 2977 579 3016 Dianae
623 2978 826 3030 pollicito,

96 3032 251 3070 maiora
287 3038 330 3071 et
367 3033 410 3072 in
449 3034 668 3074 ridiculum
709 3041 830 3074 aucta

876 1180 1023 1232 Priapo
1049 1179 1284 1232 promittere
1309 1182 1498 1234 Virgilius
1521 1184 1619 1223 facit

880 1238 930 1277 de
948 1237 1162 1287 industria,
1192 1244 1242 1277 ut
1259 1239 1363 1278 vidit
1380 1247 1495 1279 acute
1514 1242 1618 1281 Vos-

880 1296 984 1347 sius3
1022 1296 1105 1335 vid.
1136 1296 1255 1335 etiam
1284 1297 1334 1346 Q.
1364 1298 1412 1338 V.
1438 1300 1543 1349 XX,
1578 1302 1617 1341 3.

882 1355 1067 1393 Ceterum
1085 1354 1213 1407 Asper
1228 1354 1272 1393 in
1293 1355 1463 1395 Scholiis
1479 1357 1616 1396 aMaio

883 1412 1022 1451 editis:
1041 1413 1212 1463 „Sinum
1233 1418 1293 1451 est
1308 1428 1381 1453 vas
1397 1415 1617 1465 vinarium,

881 1476 930 1510 ut
969 1471 1106 1509 Cicero
1143 1470 1356 1523 significat,
1408 1487 1513 1523 non,
1567 1479 1619 1512 ut

882 1528 1067 1581 quidam,
1093 1529 1453 1568 lactarium.——
1476 1531 1618 1570 Sinum

882 1600 976 1639 ergo
1002 1601 1075 1626 vas
1092 1588 1279 1640 patulum
1291 1618 1300 1626 .
1315 1619 1324 1627 .
1336 1618 1346 1627 .
1365 1600 1386 1626 e
1408 1588 1519 1628 sinus
1538 1603 1618 1628 vo-

882 1645 1062 1684 citatum.
1073 1647 1099 1667 “
1138 1659 1190 1683 an
1214 1647 1381 1696 proprie
1409 1649 1522 1685 sinus
1547 1647 1618 1686 vs?

882 1703 949 1741 Sic
985 1705 1096 1741 sinus
1135 1702 1247 1756 apud
1279 1703 1418 1743 Attam
1449 1704 1493 1743 in
1527 1704 1616 1744 iisd.
1644 1717 1654 1723 ·

881 1759 1051 1799 Scholiis
1082 1760 1308 1800 laudatum.
1352 1760 1478 1814 W'r.)
1548 1761 1617 1804 34.

880 1818 994 1857 Idem
1022 1819 1134 1858 color
1161 1820 1205 1858 in
1233 1819 1320 1858 Tib.
1352 1819 1392 1870 Ι,
1426 1823 1462 1870 1,
1486 1823 1538 1862 19
1559 1834 1616 1872 sq.

883 1879 955 1916 Sat
976 1883 1037 1915 est
1058 1877 1129 1916 tibi
1146 1876 1246 1915 haec
1267 1891 1291 1915 a
1317 1891 1382 1916 me
1401 1879 1617 1930 quotannis

884 1935 1031 1974 offen-i.
1099 1935 1168 1978 35.
1201 1950 1281 1988 pro
1317 1944 1490 1987 tempore
1514 1967 1526 1986 ,
1570 1941 1618 1975 ut

882 1999 1045 2046 tempus
1077 1999 1118 2031 et
1141 2006 1206 2032 res
1231 1993 1389 2033 ferebat
1405 2024 1417 2044 ,
1458 1993 1500 2035 ἐκ
1533 1997 1617 2036 τῶν

884 2050 1122 2105 παρόντων,
1162 2048 1363 2102 ἐνόντων,
1402 2050 1617 2105 ’ὑπαρχόν-

882 2125 977 2150 των.
1038 2111 1105 2150 36.
1135 2107 1176 2148 h.
1205 2110 1239 2148 si
1267 2109 1376 2148 bona
1398 2111 1537 2148 ovium
1556 2111 1617 2148 se-

884 2173 982 2206 tura
1002 2166 1136 2206 suerit.

943 2227 1011 2266 37.
1048 2225 1202 2262 Nerine
1241 2224 1434 2264 Galatea.
1500 2225 1619 2264 Nerei

885 2288 927 2320 et
941 2282 1103 2321 Doridis
1120 2282 1203 2321 filia
1223 2282 1313 2331 suit,
1344 2282 1532 2336 Nympha
1548 2283 1618 2321 illa

882 2340 1039 2379 marina
1077 2354 1101 2378 a
1129 2339 1378 2392 Polyphemo
1416 2341 1616 2391 adamata,

883 2411 1006 2449 quam
1022 2404 1158 2437 tamen
1173 2397 1241 2437 hic
1256 2399 1462 2451 Corydon,
1488 2400 1617 2452 Nym-

884 2455 1010 2508 pham
1045 2463 1207 2508 pastor,
1253 2462 1461 2508 tamquam
1503 2471 1617 2496 suam

885 2514 1065 2563 amicam,
1101 2521 1150 2553 ut
1163 2514 1322 2566 vesperi
1341 2515 1393 2553 ad
1410 2528 1451 2553 se
1466 2516 1615 2565 veniat,

884 2572 1069 2624 appellat.
1128 2573 1287 2611 Scilicet
1311 2579 1436 2625 poeta
1453 2579 1617 2612 tantum

882 2630 927 2668 in
944 2629 1023 2669 hoc
1055 2629 1299 2679 elaboravit,
1343 2638 1393 2669 ut
1422 2630 1617 2669 Theocri-

880 2693 995 2727 teum
1028 2702 1189 2728 carmen
1223 2688 1465 2741 exprimeret
1499 2688 1615 2740 Idyll.

881 2746 954 2795 XI,
995 2749 1047 2788 19
1065 2760 1135 2798 sq.,
1173 2747 1237 2786 uti
1264 2746 1386 2785 etiam
1414 2746 1508 2785 fecit
1533 2745 1615 2783 Ecl.

881 2803 962 2854 IX,
983 2807 1039 2846 39
1057 2818 1115 2856 sq.
1175 2805 1240 2843 Sic
1267 2818 1354 2856 sup.
1384 2818 1423 2843 v.
1445 2807 1501 2845 26
1530 2803 1615 2840 Ar-

882 2861 1004 2900 cades
1020 2868 1162 2915 pastor
1180 2867 1387 2911 memorat,
1418 2861 1487 2912 qui
1509 2860 1615 2897 inter

882 2918 1128 2959 Mantuanos
1154 2921 1330 2960 vivebat.
1392 2916 1503 2971 (Sed
1530 2916 1613 2955 vid.

884 2983 972 3016 not.
990 2978 1043 3016 ad
1060 2992 1120 3017 vs.
1142 2978 1181 3021 5.
1215 2975 1328 3029 Wr.)
1360 2976 1614 3024 Quamquam

884 3033 967 3073 hoc
980 3035 1068 3088 ipso
1087 3036 1221 3074 minor
1238 3033 1424 3073 carminis
1436 3031 1613 3070 suavitas

1216 3105 1334 3150 13*
