1734 3320
204 225 307 276 590
538 222 594 273 P.
631 221 1000 274 VIRGILII
1033 221 1416 274 MARONIS

201 355 266 403 In
291 349 509 401 stabulis
532 349 678 416 turpi
701 348 900 415 dilapsa
927 347 1181 398 cadavera
1206 347 1357 399 tabo:

201 427 392 474 Donec
413 420 586 471 humo
612 429 821 486 tegere,
860 436 918 469 ac
944 418 1117 470 foveis
1142 417 1478 469 abscondere
1513 419 1734 474 discunt.

200 496 341 546 Nam
370 508 553 560 neque
586 500 698 541 erat
729 490 885 540 coriis
905 507 1059 553 usus;
1098 507 1200 540 nec
1225 491 1426 540 viscera
1454 491 1734 559 quisquam

201 569 308 617 Aut
327 563 487 614 undis
509 562 727 612 abolere
751 569 956 629 potest,
995 570 1084 611 aut
1103 561 1319 610 vincere
1341 559 1572 615 flamma.
1633 566 1734 615 560

200 639 282 688 Ne
305 634 537 684 tondere
561 632 784 701 quidem
810 632 1009 682 morbo
1034 631 1327 700 illuvieque
1350 648 1541 699 peresa

201 705 441 770 Vellera,
477 721 580 753 nec
600 703 732 753 telas
756 712 984 770 possunt
1004 701 1280 767 adtingere
1302 703 1497 769 putris:

273 804 390 853 560.
424 812 674 860 FLAMMA3
749 799 867 850 561.
901 801 1016 849 NEC
1045 813 1091 850 T.
1167 799 1282 851 562.
1318 811 1525 848 PUTms,
1569 863 1572 864 ⁷

249 930 319 966 557
344 929 500 976 delapsa
523 927 594 961 duo
613 928 730 960 Burm.
778 927 966 964 cadavera
985 926 1111 963 morbo
1131 927 1220 962 alter
1244 926 1418 960 Rottend.
1464 926 1597 961 Eadem
1617 925 1734 960 varia-

201 978 254 1011 tio
277 979 341 1011 Ge.
363 978 424 1018 IV,
449 975 530 1011 252.
627 976 696 1010 558
722 987 765 1008 ac
784 975 887 1008 abest
905 977 1015 1010 Goth.
1032 989 1087 1022 pr.
1136 976 1267 1010 dicunt
1287 974 1393 1008 idem.
1437 975 1585 1009 discant
1603 976 1734 1008 Moret.

201 1038 254 1072 pr.
274 1037 356 1071 pars
376 1024 464 1058 libb.
482 1022 628 1056 Martini
648 1028 685 1056 et
700 1022 817 1067 vulgg.
842 1023 923 1057 edd.
942 1024 1037 1069 apud
1053 1023 1225 1065 Pierium‚
1252 1022 1348 1068 quod
1368 1022 1401 1055 ei
1420 1022 1591 1056 maiorem
1615 1022 1734 1067 digni-

201 1080 309 1107 tatem
326 1072 460 1105 habere
482 1069 682 1104 videbatur.
720 1071 771 1116 (et
800 1071 869 1103 hoc
889 1072 1049 1117 sequitur
1076 1071 1244 1110 Bothius;
1277 1069 1377 1116 quasi
1399 1070 1469 1104 hoc
1496 1070 1543 1104 sit
1558 1069 1734 1114 Tisipho-

200 1133 263 1154 nes
282 1119 479 1153 consilium.
529 1121 657 1151 Donec
681 1117 717 1151 h.
740 1117 764 1151 l.
784 1117 878 1151 idem
897 1126 973 1161 est,
1007 1120 1103 1164 quod
1121 1131 1203 1152 cum
1227 1118 1390 1152 tandem.
1438 1121 1526 1152 Aen.
1547 1119 1609 1161 VI,
1631 1116 1733 1153 745.:

200 1167 359 1211 „exinde
381 1178 447 1212 per
463 1165 616 1211 amplum
637 1164 810 1199 Mittimur
829 1165 985 1211 Elysium
997 1193 1006 1208 ‚
1041 1173 1078 1200 et
1096 1165 1201 1213 pauci
1218 1166 1314 1199 laeta
1333 1178 1419 1199 arva
1434 1172 1610 1199 tenemus:
1646 1166 1677 1198 D
1689 1176 1734 1199 o—

200 1228 253 1249 ne
266 1229 285 1250 c
309 1215 415 1259 longa
437 1213 513 1247 dies
527 1240 535 1255 ‚
560 1213 724 1257 perfecto
744 1214 918 1258 temporis
939 1214 1047 1258 orbe,
1072 1215 1278 1248 Concretalh
1303 1213 1430 1247 exemit
1451 1213 1568 1247 labem
1586 1225 1734 1259 purum-

201 1276 269 1308 que
295 1262 440 1308 reliquit
462 1260 670 1295 Aetherium
693 1272 843 1294 sensum.
854 1264 876 1280 ‘⁴
906 1261 1004 1306 Wr.)
1101 1263 1172 1297 560
1189 1262 1356 1308 flammis
1383 1261 1493 1295 Goth.
1513 1273 1568 1307 pr.
1664 1260 1733 1296 561

201 1311 260 1345 Ne
280 1310 438 1345 tondere
471 1309 617 1355 quidem
642 1307 772 1342 Medic.
802 1309 894 1342 Gud.
924 1309 1069 1344 Mentel.
1100 1322 1156 1355 pr.
1177 1309 1278 1342 Leid.
1321 1309 1432 1354 (quod
1451 1307 1638 1349 revocavi3
1662 1308 1734 1342 vid.

199 1364 323 1392 notata
353 1357 397 1391 ad
423 1358 487 1390 Ge.
517 1357 544 1398 I,
571 1355 650 1390 146.
698 1356 802 1400 Apud
830 1357 998 1402 Foggin.‚
1034 1364 1074 1390 ut
1106 1369 1149 1391 ex
1178 1356 1258 1401 ipso
1289 1355 1475 1400 discimus,
1507 1355 1643 1390 incuria
1669 1368 1734 1390 nec

200 1417 267 1452 pro
287 1418 335 1439 ne
352 1404 390 1437 in
405 1410 507 1437 textu
524 1402 699 1437 relictum.
736 1404 900 1437 Ceterum
919 1405 1124 1451 inluviique
1141 1404 1177 1437 in
1198 1403 1327 1440 Medic.
1353 1406 1411 1439 W
1406 1403 1450 1448 r.)
1546 1404 1734 1452 ingluvie·-

200 1466 271 1500 qae
287 1453 361 1487 Erf.
459 1451 529 1487 562
554 1463 602 1484 ne
624 1450 680 1484 ed.
701 1452 792 1485 Iunt.
842 1452 938 1485 telas
959 1452 1166 1499 adiungere
1181 1460 1319 1507 patres
1344 1452 1468 1496 fragm.
1488 1452 1632 1494 Moret.,
1664 1462 1734 1484 non

199 1501 356 1534 indocte.
403 1501 458 1533 Ita
480 1499 578 1533 telae
599 1497 712 1532 dictae
735 1505 816 1532 sunt
835 1499 1000 1545 proprie3
1028 1500 1123 1545 quod
1141 1506 1247 1533 etlam
1262 1498 1368 1533 video
1386 1498 1563 1544 placuisse
1581 1498 1734 1539 Vossio;

201 1560 301 1583 casus
329 1554 450 1581 tamen
489 1558 533 1580 au
561 1545 729 1579 iudicium
765 1547 955 1580 lectionem
985 1547 1215 1593 produxerit,
1257 1558 1329 1580 non
1363 1546 1508 1588 dixer03
1544 1545 1734 1581 auctoritas

200 1596 324 1642 utique
341 1595 446 1628 codd.
469 1594 583 1627 deest.
621 1594 779 1638 (Iahnius
793 1621 801 1636 ,
825 1595 984 1628 refutans
1005 1594 1191 1637 Vossium,
1223 1594 1314 1629 haec
1334 1594 1477 1628 scribit:
1511 1595 1627 1637 „Non
1646 1592 1734 1627 illud

200 1643 258 1677 his
280 1642 399 1676 verbis
421 1641 572 1684 dicitur,
598 1640 696 1686 quod
716 1653 820 1675 nemo
843 1642 934 1675 haec
950 1642 1085 1676 vellera
1102 1641 1329 1684 tractaverit,
1354 1642 1419 1676 sed
1435 1642 1525 1684 hoc,
1550 1641 1647 1687 quod
1666 1653 1734 1674 ne·-

200 1702 258 1724 mo
281 1703 323 1724 ea
349 1689 449 1723 sine
474 1688 700 1735 periculo
728 1688 969 1734 attingere
994 1690 1162 1736 potuerit.
1187 1689 1257 1724 vid.
1281 1701 1331 1723 vs.
1352 1692 1430 1736 sq.“
1487 1690 1540 1723 Ita
1569 1688 1630 1735 qui
1657 1695 1734 1722 sta-

200 1738 271 1771 tuit
283 1764 292 1781 ,
326 1737 369 1770 iis
383 1763 392 1779 ‚
418 1748 508 1782 quae
526 1735 688 1782 proxime
709 1736 866 1771 subiecta
893 1744 976 1770 sunt
989 1764 998 1780 ‚
1023 1737 1165 1771 uberius
1188 1736 1359 1783 explicari
1377 1749 1590 1783 praegressa
1609 1735 1734 1770 existi-

200 1792 273 1819 met
299 1796 445 1818 necesse
472 1790 538 1817 est.
586 1786 633 1816 At
664 1783 804 1828 gravius
835 1790 889 1817 est
917 1784 1008 1818 illud
1038 1787 1175 1819 Verum
1205 1786 1332 1826 etlam,
1385 1797 1488 1830 quam
1517 1784 1614 1829 quod
1640 1784 1734 1817 ferat

202 1831 374 1867 eiusmodi
397 1830 524 1865 oratio.
574 1832 698 1876 Itaque
723 1831 846 1864 telas
873 1843 939 1876 ego
970 1844 1110 1878 quoque
1135 1832 1283 1878 proprie
1313 1831 1424 1866 dictas
1453 1832 1629 1873 arbitr0r3
1662 1842 1734 1865 non

203 1886 374 1925 poterant
394 1885 510 1912 autem
527 1877 619 1911 telas
651 1878 826 1923 attingere
839 1904 848 1920 ,
873 1878 954 1924 quia
978 1887 1145 1924 putres
1173 1887 1291 1923 erant,
1325 1879 1443 1913 statim
1462 1879 1572 1924 igitur
1589 1890 1734 1925 rumpe-

200 1926 341 1961 bantur.
389 1925 572 1960 Sententia
588 1925 680 1959 hunc
701 1926 738 1958 in
755 1925 897 1959 modum
915 1926 1169 1960 conformanda
1191 1933 1262 1960 est:
1307 1953 1328 1969 ‚‚
1340 1938 1426 1968 nec,
1462 1926 1492 1960 si
1511 1926 1588 1972 quis
1610 1933 1734 1960 toton—

201 1975 303 2008 derat
320 1980 356 2007 et
374 1973 484 2007 telam
507 1972 590 2006 inde
613 1973 768 2015 fecerat,
803 1973 877 2007 ullo
902 1985 943 2007 ea
974 1981 1049 2008 erat
1069 1986 1153 2015 usu3
1185 1974 1294 2020 quid?
1329 1974 1445 2019 quod,
1482 1973 1512 2008 si
1540 1973 1600 2020 qui
1615 1980 1734 2008 tamen

200 2022 390 2055 induerant
411 2020 585 2054 eiusmodi
616 2022 789 2062 vestem‚“
816 2027 884 2054 etc.
932 2021 1098 2056 Interieci
1126 2022 1235 2056 haec:
1280 2023 1313 2056 si
1340 2022 1424 2068 quis
1454 2022 1672 2056 totonderat
1698 2029 1734 2055 et

201 2070 314 2104 telam
332 2069 420 2103 inde
429 2067 599 2115 fecerat3
625 2067 676 2101 sic
699 2067 791 2101 enim
812 2068 1070 2103 conditionales
1098 2068 1297 2103 sententiae
1324 2068 1501 2103 interdum
1528 2068 1734 2103 omittuntur

201 2129 222 2151 a
240 2115 377 2163 poetis3
403 2122 443 2149 ut
464 2127 572 2160 supra
592 2127 644 2149 vs.
664 2116 766 2151 206.:
791 2127 971 2162 „namque
987 2124 1067 2150 ante
1089 2117 1302 2151 domandum
1319 2118 1482 2162 Ingentes
1501 2116 1634 2159 tollent
1654 2114 1734 2150 ani-

199 2166 330 2206 mos3“
356 2163 381 2199 i.
398 2176 427 2197 e.
446 2175 548 2206 nam,
574 2162 612 2196 si
636 2162 931 2208 farraginem
959 2164 1152 2198 dederis
1179 2171 1262 2198 ante
1288 2164 1519 2207 domandum,
1547 2170 1613 2198 etc.
1645 2166 1733 2198 Aen.

997 2260 1220 2299 induxerat
1228 2275 1239 2312 3
1280 2275 1422 2299 carnes
1451 2265 1606 2310 autem,
1636 2258 1678 2298 h.
1699 2272 1733 2299 e.

999 2333 1172 2373 corpora
1194 2350 1204 2370 ‚
1247 2318 1481 2371 quomodo,
1532 2319 1575 2357 in
1616 2324 1733 2358 tanta

998 2378 1134 2431 copia,
1166 2384 1239 2418 aut
1261 2392 1399 2431 aqua,
1433 2383 1506 2416 aut
1523 2378 1616 2430 igni
1631 2391 1734 2416 con-

200 2266 241 2300 et
256 2260 408 2299 emittit
427 2259 584 2311 Furias,
615 2272 719 2312 quae
737 2259 941 2299 ulciscan-

200 2325 272 2359 tur
293 2319 372 2358 iras
394 2332 497 2357 suas.

260 2378 345 2421 559
366 2376 418 2415 ad
439 2376 510 2415 fin.
539 2376 693 2415 Unicus
705 2375 852 2415 modus
869 2389 939 2415 re-

201 2436 335 2475 stabat
350 2435 556 2488 pestilenti
583 2435 727 2474 morbo
748 2434 939 2474 medendi

201 2492 334 2549 (isque
366 2494 487 2533 etiam
514 2499 749 2532 nostrorum
775 2493 938 2545 sapien-

199 2557 291 2591 tum
305 2552 457 2591 iudicio
478 2552 642 2602 unicus,
674 2552 745 2604 qui
767 2552 860 2590 satis
877 2551 940 2589 ef-

200 2610 307 2649 ficax
325 2609 394 2666 sit)
411 2641 422 2660 ‚
456 2616 505 2649 ut
530 2617 639 2649 tacta
670 2610 870 2649 cadavera
887 2623 939 2648 ex

201 2675 423 2722 conspectu
439 2667 652 2708 hominum
665 2669 938 2718 auferrentur,

200 2736 245 2766 ut
262 2728 387 2767 humo
406 2736 508 2779 teget
517 2736 642 2765 entur.
702 2726 813 2766 Nihil
830 2726 939 2765 enim

201 2799 255 2826 ex
273 2792 362 2826 toto
389 2785 595 2825 animante
614 2785 706 2825 usui
734 2786 852 2838 alicuj
870 2785 938 2823 in·-

201 2845 354 2885 servire
373 2850 547 2898 poterat.
610 2843 815 2882 coriorum
839 2843 938 2881 nul-

200 2903 265 2943 lus
293 2910 382 2943 erat
409 2917 528 2953 usus,
559 2902 591 2941 si
620 2902 732 2954 quiS,
763 2901 808 2940 id
825 2900 936 2952 quod

200 2967 380 3002 tentasse
409 2961 627 3011 videntur,
670 2974 716 2998 ea
751 2959 935 3012 deripere

201 3026 246 3060 et
265 3035 436 3076 corpora
454 3020 502 3060 iis
518 3018 676 3060 nudare
690 3019 735 3059 in
754 3018 934 3058 animum

998 2437 1102 2476 sumi
1130 2436 1392 2489 potuissent?
1443 2435 1524 2475 Sed
1552 2435 1634 2479 561
1658 2449 1734 2475 nec

996 2496 1120 2534 lanae
1147 2495 1257 2534 ullus
1280 2508 1379 2534 usus
1398 2500 1506 2544 erat,
1538 2501 1734 2548 corrupta

990 2555 1101 2605 pelle
1121 2567 1193 2606 per
1208 2554 1347 2593 ulcera
1365 2558 1406 2592 et
1424 2552 1576 2591 saniem
1587 2583 1598 2603 ‚
1629 2566 1733 2605 quae

996 2618 1058 2650 est
1079 2613 1239 2650 illuvies
1253 2642 1265 2662 ,
1299 2625 1375 2650 nec
1398 2617 1536 2651 tutum
1557 2618 1646 2651 erat
1666 2625 1730 2651 eas

995 2670 1109 2708 lanas
1138 2667 1267 2724 (telas
1294 2683 1318 2708 a
1355 2677 1626 2722 consequente
1656 2684 1732 2724 ap-

995 2727 1121 2780 pellat
1142 2726 1332 2784 doctius),
1361 2729 1565 2781 pestilenti
1584 2735 1731 2783 putre-

998 2786 1093 2825 dine
1109 2786 1290 2835 infectas,
1317 2789 1538 2839 adtingere.
1571 2786 1731 2841 (melius

995 2843 1097 2883 haec
1123 2845 1308 2897 exposita
1332 2845 1436 2898 leges
1463 2846 1505 2884 in
1532 2846 1580 2886 V.
1600 2847 1644 2886 L.
1678 2844 1732 2884 ad

993 2915 1053 2942 vs,
1077 2902 1174 2946 5622
1203 2904 1309 2943 conf.
1338 2905 1457 2943 etiam
1483 2903 1535 2942 ad
1552 2918 1612 2945 VS.
1632 2904 1729 2947 563.

993 2961 1185 3001 Ceterum
1209 2962 1259 3001 de
1285 2962 1524 3015 contagione
1545 2976 1597 3002 ex
1620 2962 1731 3002 eius-

991 3020 1104 3060 modi
1124 3021 1206 3060 tela
1226 3027 1318 3061 orta
1337 3021 1421 3062 vid.
1442 3019 1730 3061 Additamenta
