1734 3320
271 232 765 286 GEORGICON
799 236 942 288 LIB.
962 238 1053 302 IV,
1076 246 1371 298 282—289
1476 251 1579 305 643

47 353 59 390 ἑ
101 383 152 403 μ.
182 378 191 402 ι
207 372 363 409 cerus
384 359 510 426 apes
530 358 716 411 tulerit
739 378 912 415 cruor.
968 363 1136 431 Altius
1157 383 1381 423 omnem
1472 379 1578 431 285

4 911 10 925 2,
24 862 172 919 33³&
190 883 229 918 in
248 884 375 920 eodem
393 896 451 930 ap.
473 886 586 932 Pogg.
611 888 708 933 Wr.)

117 989 139 1012 o
167 978 278 1013 Goth.
306 991 363 1026 pr.

14 1152 266 1212 ζῆοοῙοίωο
286 1156 648 1210 significatv.817.
687 1161 786 1203 284.

0 1211 106 1261 &Et
122 1213 330 1266 quomodo
346 1215 428 1256 iam
445 1230 563 1271 saepe
581 1218 704 1257 caesis
718 1219 786 1259 iu-

3 1270 192 1330 ‚jvends
229 1287 347 1313 cruor
382 1275 604 1316 insincerus
622 1306 635 1327 ,
690 1290 785 1316 cor-

2 1323 200 1384 {ruptus
243 1343 297 1371 ex
328 1333 548 1386 putredine
565 1364 577 1385 ‚
625 1335 782 1386 uclen't,

12 1392 22 1412 ⁷
48 1388 270 1443 protulerit
286 1419 301 1440 ,
366 1393 570 1444 generarit
587 1422 599 1443 ,
666 1408 780 1445 apes.

1 1455 33 1489 ζ,
48 1447 150 1490 286.
179 1449 530 1502 omnemsamam,
553 1450 613 1490 rei
631 1465 788 1491 memo-

48 1504 166 1556 n'am,
182 1506 473 1562 narrationem.
503 1509 700 1549 Ordinem
711 1524 787 1549 au-

47 1568 136 1604 tem
168 1564 416 1605 narrationis
455 1567 515 1606 ita
557 1568 787 1608 constituit:

18 1629 29 1676 3
48 1619 281 1663 Aristaeum
307 1623 457 1677 Tempe
479 1624 705 1665 Thessaliae
719 1627 786 1666 in-

19 1677 26 1685 *
49 1679 261 1737 eolentan-
308 1695 432 1736 apum
477 1685 664 1723 examina
718 1685 785 1724 lue

0 1661 34 1827 ἓ
46 1745 257 1796 grassante
279 1740 466 1781 misisse.
507 1742 784 1795 conquestum

31 1808 34 1814 ’
55 1799 58 1802 ’
182 1797 322 1837 ‘tatem
352 1799 464 1852 apud
492 1807 664 1840 man-em
690 1816 785 1841 cum

23 1855 181 1907 diisset,
218 1857 270 1896 ab
293 1855 373 1896 hac
395 1871 634 1911 responsum
667 1873 784 1899 acce—

29 1930 35 1950 :
46 1913 113 1969 pit
126 1944 139 1964 ,
170 1914 363 1955 Proteum
386 1916 430 1955 in
448 1916 607 1957 Pallene
630 1921 716 1961 392
735 1918 786 1957 de

49 1967 191 2012 mussa
211 1973 309 2013 mali
336 1979 378 2013 et
399 1975 563 2014 medela·
575 1989 658 2014 esse
679 1990 785 2015 con-

28 2072 31 2076 ,
49 2029 281 2072 tulendum.
350 2030 450 2071 Adit
483 2033 643 2073 iuvenis
679 2034 785 2072 Pro-

49 2147 213 2188 missam
237 2160 323 2186 esse
350 2148 434 2187 eius
451 2148 592 2201 apibus
615 2155 785 2202 propter

0 2210 251 2281 333oean
271 2206 323 2244 ab
341 2219 388 2244 eo
412 2206 667 2259 Eurydicen,
699 2207 783 2246 Or-

0 2259 29 2330 ξιξ
47 2262 147 2319 phei
165 2263 375 2317 coniugem
385 2279 396 2315 ;
434 2264 682 2317 expiandum
701 2279 783 2304 esse

2 2318 30 2375 'if
48 2321 249 2375 flagitium
265 2329 306 2361 et
320 2322 557 2376 placandam
567 2324 604 2362 N
604 2323 781 2376 ympha-

0 2378 146 2428 ζὲὲτωιι
171 2381 285 2420 iram.
356 2381 462 2419 Tum
498 2380 705 2420 Aristaeus
736 2381 782 2420 in

51 2437 297 2478 Thessaliam
315 2439 450 2478 redux
473 2453 634 2478 sacrum
650 2446 781 2492 parat,

51 2509 186 2537 caesas
213 2496 411 2550 Nymphis
435 2497 621 2537 victimas
645 2499 688 2537 in
707 2511 783 2536 ne-

42 2567 167 2596 ·more
194 2556 357 2596 relictas
380 2555 519 2608 paullo
545 2562 639 2609 post
672 2556 784 2595 revi—

52 2625 164 2665 aenz,
194 2628 315 2668 apum
336 2614 522 2653 examina
544 2628 597 2653 ex
612 2614 784 2655 visceri-

0 2666 130 2725 ¹,flius
146 2678 345 2726 prognata
364 2672 491 2711 videt.

111 2789 378 2830 287—293.
407 2786 448 2826 h.
468 2801 541 2840 per
560 2793 688 2826 totam
707 2786 783 2826 Ae.

50 2851 233 2899 gyptum.
290 2845 565 2897 Interpretum
591 2851 783 2885 aestuan-

0 2906 2 2908 ’
23 2942 29 2946 ,
50 2901 159 2942 tium
190 2909 359 2942 conatus
386 2916 699 2942 commemorare
724 2903 783 2942 nil

12 2960 14 2964 ’
50 2960 211 3000 attinet.
253 2960 470 3000 Videamus
488 2960 654 3013 singula.
680 2975 785 3013 gens

44 3018 262 3070 for-tzmata
282 3049 294 3068 ‚
338 3032 362 3056 a
397 3024 531 3058 terrae
564 3019 779 3069 felicitate,

2 798 3 802 ’
28 768 53 818 ἶ
98 789 173 826 QG
188 791 322 838 patria
338 798 512 839 repetens
532 793 622 827 Ven.
674 796 833 841 primam
862 795 970 829 Goth.
999 807 1055 840 pr.

145 836 288 892 (nempe
308 837 445 884 virgula
470 844 672 875 transversa
699 853 805 888 supra
832 854 906 888 qua
933 842 1086 876 cernitur
1111 855 1169 889 ap.
1194 845 1343 890 Foggin.

23 2091 164 2134 :temni
185 2102 238 2129 ex
269 2102 397 2142 eoque
425 2090 540 2129 audit
570 2091 677 2130 luem
705 2091 812 2130 im-.

30 450 48 498 3,
148 450 158 473 ο
186 425 547 496 diamprima
568 439 824 497 repetens
842 432 909 482 ab
930 433 1137 499 origine
1156 434 1367 495 famam.

6 503 9 510 ”
35 496 193 557 Nam
215 513 320 579 qua
337 497 536 550 Pellaei
553 514 686 565 gens
704 499 975 553 fortunata
997 506 1146 555 Cano
1187 507 1205 556 i

26 566 271 632 j-‘3Adcolit
289 566 468 620 effuso
491 578 826 636 stagnantem
847 570 1073 624 flumine
1090 523 1272 626 Nilum

28 636 124 692 ‘Et
142 637 347 705 circum
366 639 522 708 pictis
541 639 757 693 vehitur
776 659 870 694 sua
885 660 1010 694 rura
1027 642 1227 706 faselis;

1284 619 1298 643 9

1149 798 1221 833 287
1244 798 1341 832 Nam
1360 812 1470 847 quam
1494 803 1576 836 Me-

1388 848 1577 884 Praeterea

44 927 46 930 ,
129 929 140 939 ,
315 933 324 940 ·
392 930 397 934 ,
656 932 665 944 ¹
805 901 900 934 quae
915 889 1006 923 Gud.
1048 890 1178 933 Pellei,
1202 893 1319 934 Pelei,
1340 894 1460 937 Pelei,
1481 907 1577 929 non-

22 962 30 970 ,,
49 929 152 965 nni.
204 932 320 966 Pena
347 933 471 967 Franc.
518 934 583 967 Est
605 934 754 980 Πελλα,
786 936 983 977 Πελλαῖος.

1076 938 1148 975 288
1170 939 1322 973 Adtulit
1347 940 1482 976 Zulich.
1539 951 1577 977 ee

19 1000 28 1028 4
456 981 528 1016 289
547 984 673 1029 pactis
697 984 868 1018 Rottend.
899 995 970 1018 sec.
1012 983 1211 1031 plna-sellus
1241 986 1354 1020 Cei-da
1384 989 1576 1024 secundm

37 1030 40 1032 ’
113 1024 125 1033 “
150 1036 201 1061 ee.
234 1025 424 1074 (phaselis
435 1027 589 1070 Medic-3
614 1029 688 1064 vid.
707 1037 831 1065 notata
852 1030 899 1065 ad
921 1032 985 1066 Ge.
1003 1032 1032 1074 1,
1054 1031 1136 1067 227.
1167 1033 1263 1077 Wr.)

845 1173 916 1200 seu
938 1161 1143 1200 fertilitate
1170 1176 1223 1201 ex
1242 1162 1321 1202 Nili
1345 1163 1574 1204 incremen-

843 1219 908 1258 tis.
955 1219 1167 1272 Canopus,
1200 1219 1224 1262 ὅ
1244 1216 1464 1275 Κάνωβος,
1490 1222 1574 1262 Ae·-

842 1277 956 1330 gypti
970 1277 1081 1328 urbs,
1102 1292 1186 1317 non
1206 1277 1323 1332 longe
1334 1279 1384 1317 ab
1395 1279 1574 1320 Alexan-

844 1335 956 1386 dria;
983 1349 1104 1387 quae,
1134 1336 1341 1388 quodiam
1360 1337 1573 1390 Martinus,

843 1393 911 1433 vir
932 1394 1120 1446 elegantis
1141 1394 1308 1445 iudicii,
1337 1396 1469 1447 vidit,
1499 1411 1573 1437 oc-

845 1451 1082 1491 cidentalem
1116 1452 1287 1505 Aegypti
1314 1460 1472 1506 partem
1497 1455 1572 1494 de—

844 1510 974 1562 signat
995 1509 1074 1564 (est
1095 1510 1201 1550 enim
1218 1511 1465 1564 Canopicum
1484 1513 1573 1566 pri-

843 1582 956 1607 mum
983 1568 1032 1607 ab
1068 1569 1308 1608 occidentali
1341 1570 1467 1610 latere
1493 1570 1574 1610 Nili

844 1625 1033 1681 ostium);
1061 1627 1170 1666 unde
1202 1626 1385 1681 Aeschyl.
1405 1628 1449 1668 in
1468 1628 1572 1668 Pro-

842 1683 967 1723 meth.
987 1699 1027 1724 v.
1049 1684 1133 1728 845
1166 1684 1274 1727 ἔστιν
1302 1681 1445 1738 πόλις,
1478 1683 1572 1728 Κά-

840 1744 981 1840 ἷῖεξιῗι
996 1773 1009 1794 ’
1030 1738 1418 1841 1ιέσῦιέτοῖᾱὲἕῖΞὲ
1453 1746 1572 1842 gol]

990 1831 1001 1851 7
1062 1831 1071 1840 ·
1410 1832 1423 1852 7

839 1859 913 1899 bili
929 1858 1188 1898 Macedoniae
1205 1859 1308 1898 urbe
1324 1860 1444 1911 Pella,
1462 1860 1573 1900 unde

841 1917 1079 1957 Alexander
1122 1919 1327 1956 Pellaeus.
1388 1918 1452 1958 Ex
1489 1932 1571 1970 quo

842 1981 979 2014 autem
1009 1981 1192 2027 tempore
1219 1975 1459 2015 Macedones
1488 1976 1571 2015 Ae-

842 2039 1011 2086 gyptum
1059 2032 1269 2072 obtinuere
1284 2063 1296 2083 ‚
1349 2047 1373 2071 a
1410 2034 1571 2087 regibus

839 2092 926 2143 ipsa
942 2096 1053 2129 terra
1073 2090 1348 2129 Macedonica
1362 2121 1374 2140 ,
1407 2092 1508 2137 adeo
1530 2097 1571 2130 et

843 2149 1012 2187 Pellaea
1027 2178 1039 2198 ,
1082 2148 1274 2200 appellari
1302 2149 1449 2200 potuit.
1478 2158 1569 2188 sta-

836 2215 1036 2259 gnantem
1087 2219 1164 2258 pro
1205 2205 1422 2246 inundanti
1463 2207 1571 2246 dixit

839 2264 998 2318 poetico
1023 2277 1122 2303 usu:
1161 2263 1218 2302 sic
1246 2264 1395 2303 Lucan.
1416 2264 1465 2314 ΙΙ,
1482 2263 1569 2308 417

841 2322 891 2361 de
920 2322 1062 2361 eodem
1088 2321 1179 2360 Nilo
1202 2336 1351 2373 —per
1390 2322 1569 2374 Libycas

841 2381 972 2419 Nilus
1017 2386 1227 2431 stagnaret
1269 2394 1427 2418 arenas.
1477 2379 1569 2419 Alia

840 2437 924 2478 vid.
943 2437 1051 2491 apud
1074 2437 1259 2477 cerdam.
1317 2437 1370 2476 Et
1389 2451 1484 2476 sane
1502 2438 1568 2491 ff·

828 2496 933 2549 ficso
943 2491 1124 2548 flandae
1145 2500 1303 2547 stagnat
1319 2509 1422 2548 aqua
1436 2496 1481 2535 in
1500 2496 1568 2535 lo-

842 2554 898 2593 cis
914 2554 1079 2604 vicinis,
1113 2553 1188 2592 etsi
1212 2553 1300 2606 ipso
1332 2554 1446 2594 alveo
1464 2567 1568 2606 aqua

842 2612 1105 2651 concitatiore
1126 2624 1248 2651 cursu
1275 2612 1419 2652 fertur.
1441 2615 1567 2663 pictis

828 2670 1007 2723 faseli-9,
1047 2669 1208 2723 pulcre,
1245 2683 1340 2709 nam
1368 2668 1448 2708 hoc
1466 2683 1566 2722 pro-

839 2729 976 2781 prium
1009 2726 1321 2781 Aegyptiorum,
1369 2726 1566 2779 quemad-

839 2786 1010 2825 modum
1034 2799 1087 2825 ex
1102 2785 1279 2824 Diodoro
1305 2785 1373 2823 lib.
1392 2785 1421 2832 1,
1441 2787 1496 2827 98
1525 2790 1567 2823 et

838 2844 1050 2884 Herodoto
1078 2844 1138 2893 Π,
1172 2845 1239 2885 96.
1268 2845 1325 2884 97
1352 2843 1447 2880 satis
1463 2856 1564 2882 con-

839 2908 941 2952 stat,
979 2909 1029 2941 ut
1057 2907 1169 2941 certo
1196 2899 1474 2939 navicularum
1492 2913 1565 2952 ge-

840 2973 958 3010 nere,
995 2961 1123 2998 Ban's
1152 2969 1300 2996 nomen
1334 2963 1423 2997 erat
1439 2987 1453 3009 ‚
1489 2970 1565 3011 per

839 3018 975 3058 Nilum
993 3017 1278 3056 discurrerent.

1177 3083 1288 3130 41*
