1768 3320
314 265 415 313 ΑΒ
439 253 825 314 ‘CA'RMINA
862 264 1283 315 BUcoch
1491 276 1558 322 29

37 380 227 440 servus*
248 398 360 440 erat
392 390 528 454 eiuS,
566 389 659 457 qui
689 389 788 439 sibi
820 399 933 443 erat
959 391 1204 442 aemulus
1235 392 1289 440 in
1322 394 1557 442 Neaerae

37 475 236 511 amore.
303 483 309 491 ·

650 576 810 641 (Ecl.
857 580 952 644 v.)

173 669 324 719 Hanc
342 667 762 734 igiturEclogam
787 671 887 734 (III
903 670 1034 735 iam)
1054 677 1431 737 composuerat
1441 669 1560 721 Vir-

33 737 189 803 gilius
207 738 307 788 sub
327 747 581 789 aestatem
607 740 666 791 ai.
681 746 799 792 712.
838 739 947 789 Sed
967 739 1151 806 paullo
1171 749 1296 806 post
1314 739 1382 789 ad
1402 739 1558 789 aliam

34 823 152 858 sese
193 809 470 874 accingere
517 808 774 872 debebat,
830 827 1000 877 quum
1041 810 1301 860 instarent
1337 810 1557 859 ineunte

37 894 227 928 mense
241 878 380 929 Iulio
402 877 567 929 feriae
586 880 814 929 maxima
836 879 1159 930 solennitate
1187 879 1558 944 celebrandae,

36 964 166 1016 quas
203 949 491 1000 Triumviri
535 950 590 999 in
630 949 904 1001 honorem
940 949 1060 1001 Iulii
1095 951 1331 1002 Caesaris
1371 950 1558 1000 decre-

34 1027 236 1071 verant.

169 1090 286 1140 Iam
329 1105 409 1141 ao,
443 1093 562 1141 710.
605 1104 719 1138 non
760 1089 830 1138 ita
857 1088 1033 1140 multo
1071 1098 1196 1157 post
1229 1106 1424 1140 necem
1457 1089 1555 1141 Iul.

37 1159 272 1211 Caesaris
312 1159 631 1209 Octavianus
676 1157 836 1208 ludos
878 1159 1132 1210 solennes
1164 1160 1462 1210 instituerat
1502 1160 1556 1209 in

33 1227 307 1279 honorem
336 1229 563 1281 Veneris
606 1229 900 1293 genitriciS,
952 1247 1123 1297 quum
1155 1230 1220 1279 ab
1259 1229 1360 1279 hac
1388 1246 1557 1296 genus

34 1315 192 1348 suum
234 1297 332 1349 Iul.
379 1300 571 1349 Caesar
602 1308 887 1365 repeteret.
967 1299 1078 1350 Illis
1133 1299 1322 1350 diebus
1366 1317 1556 1350 mense

38 1368 292 1432 Quinctili
312 1367 466 1418 stella
503 1369 687 1419 crinita
721 1369 975 1435 apparuit.
1046 1369 1287 1435 Populus
1312 1370 1413 1420 sibi
1432 1387 1556 1437 per-

34 1439 219 1500 suasit,
263 1439 498 1487 animam
533 1455 647 1488 esse
672 1439 792 1488 Divi
820 1438 940 1488 Iulii
973 1455 1210 1508 eumque
1243 1440 1384 1490 inter
1409 1442 1555 1490 Deos

35 1517 317 1575 receptum
351 1524 491 1568 esse3
540 1509 859 1559 Octavianus
901 1517 1127 1558 statuam
1166 1511 1400 1560 Caesaris
1432 1526 1555 1560 cum

34 1577 187 1628 stella
229 1594 394 1645 super
433 1587 591 1644 caput
630 1578 685 1627 in
723 1579 950 1629 Veneris
981 1578 1190 1646 templo
1220 1580 1402 1646 posuit
1431 1597 1555 1630 cum

35 1646 191 1698 titulo
210 1651 435 1716 Καίσαρι
460 1650 683 1716 ἦμιθέῳ,·
710 1649 912 1698 mensis
925 1648 1219 1711 QuinctiliS,
1241 1666 1351 1717 quo
1365 1651 1557 1701 Caesar

35 1727 190 1767 natus
213 1715 414 1781 suerat,
448 1716 663 1767 Iulius
700 1717 885 1770 dictus,
934 1722 1030 1770 Ao.
1066 1724 1184 1772 712.
1204 1719 1315 1772 Kal.
1350 1722 1554 1771 Ianuar.

34 1788 328 1839 Triumviri
356 1788 471 1837 iure
506 1787 735 1838 iurando
779 1805 838 1839 se
883 1797 938 1838 et
967 1788 1099 1838 alios
1143 1788 1556 1851 obstrinxerunt,

35 1858 218 1908 omnia
259 1857 495 1909 Caesaris
532 1866 643 1908 acta
685 1875 803 1908 sese
838 1867 950 1908 rata
979 1858 1271 1914 habituros
1344 1860 1555 1910 Octavi-

40 1944 170 1978 anus
199 1943 257 1978 se
287 1928 640 1978 Octavianum
663 1930 946 1980 Caesarem
963 1930 1083 1980 Divi
1110 1928 1286 1980 filium
1306 1930 1556 1980 nomina-

34 1998 123 2052 vit.
194 1999 259 2049 In
278 2013 483 2064 pompa
510 1999 746 2050 Circensi
769 2000 880 2049 eius
900 1999 1192 2064 imaginem
1221 2016 1346 2050 cum
1370 2000 1555 2065 imagi-

34 2068 192 2118 nibus
224 2070 469 2119 Deorum
514 2077 569 2119 et
593 2069 778 2119 matris
815 2070 1041 2121 Veneris
1080 2068 1413 2120 circumferri
1448 2071 1555 2120 ius-

34 2154 171 2190 sum.
241 2136 512 2188 Sacellum
541 2139 590 2188 ei
626 2147 884 2207 tanquam
917 2139 1072 2189 heroi
1094 2141 1150 2190 in
1180 2157 1247 2190 eo
1277 2139 1401 2191 loco
1434 2138 1555 2202 fori,

36 2224 147 2276 quo
184 2216 448 2257 crematus
467 2206 668 2271 fuerat,
706 2209 900 2259 exstrui
926 2218 1208 2276 coeptum,
1244 2227 1330 2275 ac,
1364 2211 1408 2260 si
1436 2210 1554 2278 quis

34 2293 159 2328 reus
187 2276 316 2327 illuc
336 2293 395 2327 se
426 2278 720 2346 reciperet,
763 2295 835 2329 ne
881 2279 945 2328 ab
981 2296 1068 2329 ara
1110 2280 1231 2331 Divi
1261 2279 1382 2332 Iulii
1415 2280 1555 2330 abri-

36 2356 284 2416 peretur,
318 2347 558 2398 vetitum.
634 2349 910 2399 Sancitum
941 2348 1179 2417 denique
1207 2349 1333 2400 diris
1362 2350 1554 2418 poenis

39 2426 93 2467 et
128 2418 597 2481 exsecrationibu5‚
631 2428 694 2469 ut
715 2435 905 2469 onmes
931 2419 1167 2470 natalem
1186 2420 1286 2472 Iul.
1318 2421 1553 2472 Caesaris

42 2486 189 2538 diem
207 2486 403 2537 hilares
444 2496 499 2538 et
543 2487 763 2539 laureati
809 2489 1158 2542 celebrarent.
1243 2493 1409 2542 Natus
1452 2488 1554 2540 fuit

36 2558 126 2608 m.
168 2556 247 2609 Id.
294 2556 544 2620 Quinctil.
584 2560 645 2611 ai.
680 2562 796 2611 654.
869 2559 980 2610 Sed
1026 2560 1081 2610 in
1122 2559 1362 2610 eundem
1406 2559 1552 2610 diem

40 2625 155 2675 ludi
189 2627 527 2694 Apollinares
571 2628 888 2680 inciderunt.
970 2631 1153 2692 Quum
1192 2639 1374 2680 autem
1405 2629 1551 2679 libris

42 2694 308 2759 Sibyllinis
339 2698 565 2748 vetitum
597 2708 757 2763 esset,
803 2715 875 2748 ne
905 2700 1155 2767 cuiquam
1198 2699 1303 2750 deo
1340 2708 1553 2766 praeter

40 2763 349 2830 Apollinem
384 2784 450 2817 eo
484 2767 572 2818 die
617 2785 762 2819 sacra
792 2767 1012 2834 fierent,
1057 2769 1289 2819 natalitia
1319 2768 1551 2820 Caesaris

39 2832 215 2900 pridie
249 2836 452 2899 agenda
494 2854 634 2902 esse,
673 2838 953 2888 decretum
989 2847 1089 2901 est,
1134 2839 1164 2888 i.
1210 2856 1253 2890 e.
1289 2841 1375 2889 IV.
1410 2842 1548 2889 Non.

41 2902 139 2954 Iul.
158 2905 210 2968 *J
280 2907 430 2967 Quae
457 2908 500 2956 si
533 2909 650 2975 quis
689 2907 1010 2974 negligeret,
1057 2925 1206 2959 sacer
1241 2917 1295 2958 et
1327 2908 1550 2957 devotus

87 3005 118 3049 ⁶)
141 3005 254 3049 Vide,
278 3018 367 3053 quae
389 3009 515 3054 scripsi
537 3011 582 3045 ad
603 3012 676 3047 Ecl.
698 3014 745 3056 V,
763 3014 819 3050 66.
875 3014 953 3047 Wr.
