1768 3320
165 242 263 291 194

493 237 549 287 Ρ.
587 233 954 288 VIRGILII
988 228 1371 281 MARONIS

162 365 218 416 Si
237 362 522 432 proprium
543 360 651 411 hoc
675 358 863 421 fuerit,
900 356 1003 407 levi
1027 354 1096 404 de
1118 370 1395 404 marmore
1414 363 1526 405 tota

159 434 397 486 Puniceo
418 431 578 482 stabis
600 447 746 481 suras
773 429 975 479 evincta
998 424 1282 476 cothurnO.

159 544 308 610 Mycori.
355 564 467 608 Myco
485 562 575 596 alter
592 561 732 604 Menag.
759 557 835 604 (sed
852 555 920 589 vid.
939 557 984 589 V.
1004 555 1046 589 L.
1069 554 1114 589 ad
1132 556 1216 588 Aen.
1243 554 1337 593 VIII,
1359 553 1442 590 506.
1474 552 1570 598 Wr.)

1622 565 1689 587 (ΖΓ-

160 624 227 646 vos
250 612 283 657 (a
302 623 347 644 m.
364 609 433 655 pr.)
468 613 518 643 Ec
543 620 653 642 raros
675 609 839 651 Amycon
866 603 994 636 Medic.
1021 602 1180 650 (parvos
1198 607 1251 634 est
1270 600 1372 646 prior
1386 600 1497 635 lectio
1518 601 1577 634 Me
1604 600 1689 642 icei3

160 671 185 692 ιι
209 657 447 703 suprascripta
466 653 673 690 recentioris
694 661 746 687 est
765 653 910 685 formae.
959 651 1150 684 Praeterea
1169 655 1270 682 notat
1288 646 1481 693 Fogginius
1493 673 1503 691 ‚
1527 647 1626 693 prius
1652 646 1690 681 in

120 737 128 752 r
158 705 286 739 Medic.
305 704 473 749 scriptum
490 704 597 736 fuisse
619 702 782 735 Amicon.
813 700 870 733 IV
864 698 910 743 r.)

160 765 225 787 ras
251 750 367 786 stabis
395 752 544 785 evincta
572 748 680 783 Goth.
705 758 761 792 pr.

158 885 267 920 mus,
306 884 434 923 parva
463 868 640 907 carmina
663 864 892 918 promiscue

159 928 376 968 cumulata.
435 927 551 966 Nunc
584 925 651 974 id,
692 923 803 975 quod
827 936 892 962 se-

159 987 322 1039 quitur,
363 991 422 1023 est
454 982 749 1037 epigrammatis
768 994 892 1034 genus

158 1058 230 1083 seu
250 1050 394 1083 votum
413 1048 606 1095 apastore
626 1041 785 1079 Micone
796 1039 893 1078 Dia-

157 1116 233 1141 nae
262 1103 436 1150 sactum,
474 1100 539 1139 cui
567 1098 709 1139 similia
739 1097 893 1137 suntin

157 1159 401 1211 Anthologia
419 1172 572 1211 graeca.
612 1156 893 1210 Supplendum

155 1232 255 1258 vero
292 1218 454 1268 „Micon
484 1217 559 1255 tibi
585 1216 716 1265 dicat,
767 1214 891 1267 quod,

157 1282 197 1315 te
211 1276 399 1329 propitia,
428 1275 595 1314 feliciter
611 1280 785 1313 venatus
801 1273 892 1311 fue-

155 1334 250 1374 rit.“
291 1331 650 1388 (Epigrammatum
672 1338 750 1382 est,
771 1331 892 1384 plura

156 1392 275 1431 etiam
302 1392 448 1431 omitti.
475 1391 559 1431 vid.
587 1391 748 1430 Arrian.
769 1390 799 1439 I,
824 1391 889 1431 16.

162 1452 233 1491 W
227 1448 306 1504 elz.)
367 1449 423 1489 At
449 1450 667 1489 obscurum
700 1454 758 1487 est
779 1446 892 1499 quod

155 1508 335 1561 sequitur
356 1524 365 1547 :
411 1511 448 1546 si
481 1510 693 1560 propriam
728 1507 805 1544 hoc
845 1519 893 1543 ac

154 1572 394 1619 perpetuum
403 1566 548 1619 faerit,
567 1565 770 1620 quoniam,
790 1576 891 1617 poe-

155 1631 222 1663 tae
247 1625 425 1675 incuria,
466 1639 549 1664 non
580 1630 734 1676 certam
766 1621 893 1661 habet

154 1682 530 1735 interpretationem
559 1696 610 1722 ex
636 1682 732 1735 ipsis
755 1680 890 1720 verbis

156 1747 228 1779 aut
259 1754 311 1779 ex
334 1754 398 1790 re,
429 1740 527 1792 quid
555 1741 658 1780 illud
677 1740 747 1789 sit,
780 1738 891 1791 quod

154 1811 227 1851 per
246 1799 322 1836 hoc
343 1798 581 1850 designetur.
641 1798 797 1837 Dicitur
815 1797 891 1835 ali-

155 1855 256 1908 quid
289 1869 372 1894 esse
394 1859 635 1909 proprium,
676 1855 718 1896 h.
743 1869 775 1895 e.
793 1869 891 1908 per-

153 1919 321 1967 petuum
335 1945 346 1964 ,
386 1928 464 1954 usu
494 1921 534 1953 et
562 1915 702 1954 fructu
733 1920 892 1953 certum

156 1985 204 2010 ac
237 1978 375 2011 tutum
395 2003 405 2022 ,
454 1973 615 2012 firmum
654 1979 695 2012 et
735 1972 891 2011 stabile.

157 2027 331 2084 (Cornel.
341 2031 437 2083 Nep.
449 2030 644 2083 Thrasyb.
658 2046 691 2070 c.
702 2029 754 2072 4.;
764 2044 887 2084 „par-

154 2101 209 2127 va
224 2102 393 2127 munera
414 2089 643 2140 diutina;
672 2088 891 2142 locupletia

156 2159 258 2185 non
287 2160 505 2199 proprla
552 2161 634 2185 esse
666 2160 890 2186 consueve-

155 2206 294 2243 runt.“
329 2206 398 2243 W
393 2203 440 2259 r.)
500 2205 556 2244 De
573 2205 653 2245 hoc
668 2220 787 2245 nemo
810 2205 891 2244 du-

155 2261 270 2302 bitet.
329 2262 408 2301 Sed
435 2264 662 2315 quaeritur,
695 2264 794 2316 quid
814 2260 901 2302 hoc‘

156 2319 217 2359 sit.
277 2319 378 2358 Cum
410 2320 647 2361 dedicentur
675 2322 802 2375 spolia
828 2323 889 2360 se·-

155 2390 225 2416 rae
262 2390 313 2416 ex
360 2384 512 2417 venatu
532 2410 542 2429 ,
597 2380 762 2419 videtur
802 2380 892 2419 elici

155 2448 271 2488 posse
292 2448 312 2473 e
328 2435 496 2475 Miconis
519 2451 710 2490 persona:
744 2438 778 2477 si
803 2444 890 2477 tam

157 2493 261 2532 felici
281 2500 435 2532 venatu
452 2502 648 2548 perpetuo
673 2497 736 2534 uti
756 2497 891 2535 conti-

156 2551 259 2604 gerit
279 2557 376 2602 etc.;
413 2551 493 2590 hoc
515 2560 740 2605 sequuntur
763 2556 889 2604 Serv„

158 2609 289 2648 Gerda
317 2615 358 2648 et
386 2609 523 2650 Burm.
584 2610 750 2664 (Recte3
787 2612 890 2651 bene

158 2669 279 2706 etiam
297 2666 527 2707 Wunderl.:
558 2669 666 2718 „Nec
680 2684 773 2708 rara
793 2676 890 2709 sunt

157 2725 269 2775 loca,
307 2724 351 2763 in
381 2726 525 2777 quibus
560 2728 800 2779 pronomina
837 2728 891 2766 ad

156 2796 244 2822 rem
273 2783 528 2833 reseruntur,
568 2798 688 2835 quam
715 2785 759 2823 in
777 2786 890 2838 prio-

157 2841 270 2880 ribus
297 2841 419 2893 magis
459 2841 696 2894 significavit
714 2872 724 2891 ,
769 2857 891 2894 quam

159 2899 342 2938 elocutus
361 2904 421 2938 est
437 2900 621 2952 scriptor.
633 2902 657 2922 “
687 2900 777 2939 Vid.
805 2907 889 2941 not.

158 2957 213 2996 ad
239 2956 370 3009 Viger.
396 2970 482 3010 pag.
512 2960 606 2999 178.
639 2963 742 2996 extr.
777 2957 889 3012 Wr.)

157 3014 247 3054 Hoc
265 3028 383 3054 sensu
400 3015 497 3054 Aen.
518 3015 584 3065 VI,
604 3018 687 3057 872
721 3017 891 3067 propria

1557 695 1605 732 32
1621 707 1689 728 su—

992 699 1039 735 31
1066 697 1145 731 leni
1170 696 1263 739 duo,
1287 702 1327 729 ut
1344 695 1473 729 solent.

949 864 1052 903 haec
1078 865 1115 902 si
1139 862 1248 901 dona
1264 862 1458 915 fuissent.
1517 860 1574 899 Ut
1590 859 1690 899 red-

951 922 1023 961 das
1045 936 1137 961 cum
1157 921 1261 960 aliis:
1301 920 1361 971 „si
1386 917 1551 972 quidem
1570 917 1691 958 habi-

949 986 1015 1020 tus
1044 980 1119 1019 iste
1141 979 1215 1018 tibi
1232 978 1424 1032 proprius
1452 983 1532 1027 est,
1545 978 1570 999 ‘⁴
1600 976 1691 1030 fieri

949 1039 1023 1078 vix
1049 1044 1160 1078 recte
1188 1043 1346 1090 potest3
1383 1049 1480 1075 nam
1503 1041 1544 1074 et
1572 1035 1691 1088 friget

949 1097 1049 1148 hoc,
1082 1103 1123 1136 et
1147 1095 1312 1135 deberet
1328 1095 1384 1134 ita
1401 1107 1485 1132 esse
1505 1101 1574 1144 est,
1604 1106 1690 1132 non

937 1156 1083 1209 ιΙὶιενιίἐ.
1143 1153 1225 1193 Alii
1252 1152 1363 1207 apud
1381 1152 1569 1192 Servium
1584 1166 1690 1203 pro-

943 1216 1086 1266 priam
1106 1213 1182 1251 hoc
1200 1212 1254 1251 ad
1269 1224 1440 1265 gregem,
1472 1223 1591 1263 quem
1610 1224 1689 1263 pa-

949 1273 1084 1311 scebat
1105 1269 1177 1326 (ita
1193 1269 1456 1324 responderet
1478 1282 1538 1308 vs,
1562 1271 1617 1310 36
1653 1269 1692 1306 si

935 1331 1082 1384 setara
1107 1343 1277 1382 gregem
1305 1324 1591 1381 suppleverit),
1623 1325 1691 1365 alii

950 1389 1003 1427 ad
1029 1387 1094 1438 id,
1135 1387 1247 1439 quod
1274 1400 1315 1425 v.
1335 1389 1388 1428 21
1407 1398 1466 1437 Sq-
1500 1385 1688 1437 petierat,

948 1453 998 1486 ut
1033 1460 1195 1485 carmen
1230 1445 1333 1494 sibi,
1385 1442 1502 1496 quale
1540 1442 1688 1493 Codro,

951 1505 1201 1557 contingeret
1222 1534 1233 1554 ‚
1276 1502 1474 1542 referunt.
1536 1501 1690 1540 Volunt

950 1564 1102 1602 scilicet
1131 1560 1234 1601 haec
1262 1574 1313 1600 ex
1346 1558 1574 1613 Corydonis
1590 1573 1689 1612 per-

950 1636 1050 1661 sona
1076 1621 1184 1660 dicta
1205 1633 1309 1670 esse,
1340 1624 1387 1658 ut
1415 1617 1689 1671 comparatio-

949 1693 1044 1719 nem
1062 1680 1274 1719 instituere
1298 1677 1457 1716 djcatur
1476 1675 1688 1729 Corydon:

948 1738 1084 1778 Micon
1114 1737 1188 1776 tibi
1213 1737 1315 1776 haec
1350 1734 1482 1788 capita
1512 1734 1621 1774 cervi
1649 1739 1690 1773 et

949 1797 1038 1850 apri
1066 1795 1235 1846 dicavit,
1288 1809 1312 1833 o
1343 1792 1500 1843 Diana3
1546 1798 1590 1831 at
1617 1805 1688 1846 ego

949 1860 1126 1894 statuam
1145 1865 1435 1902 marmoream,
1466 1851 1579 1903 quod
1597 1861 1689 1889 ma*-

948 1913 1012 1952 ius
1035 1918 1111 1962 est,
1142 1912 1218 1951 tibi
1243 1924 1412 1964 ponam,
1444 1909 1477 1948 si
1494 1909 1689 1962 proprius

950 1985 998 2011 ac
1038 1976 1262 2024 perpetuus
1303 1982 1403 2022 grex
1448 1966 1517 2007 hic
1550 1967 1687 2007 fuerit.

949 2029 1166 2069 Enimvero
1214 2028 1272 2066 sic
1325 2025 1520 2080 impedita
1564 2025 1688 2065 huius

948 2101 1090 2128 versus
1110 2092 1249 2126 manet
1266 2086 1394 2136 ratio3
1425 2090 1464 2122 et
1491 2084 1689 2124 adversa-

947 2152 1020 2186 tur
1039 2145 1131 2196 hoc,
1163 2144 1274 2197 quod
1290 2157 1389 2183 mox
1405 2143 1578 2182 alterum
1600 2142 1688 2196 epi-

947 2218 1152 2258 gramma,
1194 2202 1316 2242 etiam
1341 2215 1392 2240 ex
1422 2200 1587 2241 alterius
1611 2214 1688 2254 pa-

948 2263 1068 2302 storis
1083 2275 1256 2315 persona
1270 2259 1491 2300 subiicitur.
1522 2260 1579 2298 De
1587 2273 1688 2311 pm-

948 2323 1066 2360 tomis
1084 2321 1264 2359 ferarum
1276 2319 1426 2358 Dianae
1444 2317 1688 2358 consecratis

948 2385 990 2418 et
1022 2392 1075 2417 ex
1100 2378 1244 2418 arbore
1267 2377 1466 2430 suspensis
1492 2382 1593 2415 nota
1609 2389 1687 2426 res,

948 2444 989 2476 et
1009 2443 1132 2476 notus
1147 2436 1261 2475 locus
1277 2434 1510 2489 Spanhemii
1528 2434 1581 2474 ad
1594 2434 1688 2473 Cal-

946 2493 1106 2536 limach.
1123 2495 1167 2534 in
1182 2494 1296 2533 Dian.
1320 2494 1368 2532 cf.
1382 2492 1481 2532 Aen.
1503 2492 1576 2543 IX,
1589 2491 1686 2534 407.

947 2553 1033 2596 408
1064 2554 1179 2592 Dona
1208 2575 1263 2581 ——
1293 2553 1331 2590 si
1357 2566 1441 2604 qua
1469 2553 1556 2602 ipse
1586 2551 1687 2589 meis

947 2611 1156 2652 venatibus
1175 2612 1279 2648 auxi
1297 2609 1547 2661 *suspendive
1577 2608 1687 2647 tlzolo

948 2678 1022 2708 aut
1040 2684 1159 2708 sacra
1179 2668 1240 2706 ad
1242 2667 1430 2720 fastigia
1444 2667 1546 2716 fixi.
1581 2668 1688 2707 Sunt

949 2741 1111 2780 quoque
1135 2726 1256 2765 huius
1293 2725 1448 2778 generis
1486 2725 1687 2779 epigram-

948 2793 1077 2825 mata:
1107 2791 1157 2824 ut
1180 2783 1357 2823 Analect.
1391 2784 1503 2822 Tom.
1530 2783 1581 2833 ΙΙ,
1597 2796 1686 2836 pag.

947 2844 1046 2887 295.
1107 2845 1176 2885 32.
1206 2840 1384 2894 Antiquo
1402 2854 1515 2880 more
1534 2841 1578 2880 in
1603 2848 1687 2880 sta-

948 2902 1029 2940 tuis
1048 2902 1166 2941 etiam
1181 2899 1416 2939 marmoreis
1429 2899 1602 2939 vestitus
1612 2913 1686 2941 co-

947 2959 1101 2999 loribus
1119 2958 1229 3012 pingi
1246 2958 1387 2997 solitus
1394 2972 1406 3009 ;
1434 2957 1492 2996 ita
1509 2957 1549 2997 h.
1570 2958 1596 2996 l.
1611 2955 1686 3011 pe-

950 3016 1047 3056 dum
1066 3017 1365 3056 indumentum.
1425 3015 1473 3055 In
1490 3016 1622 3069 Epigr.
1641 3015 1686 3055 in
