1734 3320
260 202 753 282 GEORGIC'ON*
776 198 915 281 Lm.
937 230 1039 294 ΠΙ,
1070 237 1355 288 118—127
1463 240 1565 290 525

0 364 8 399 ἴ
47 355 360 425 Inpendunt
381 373 554 420 ουκ-38,
593 355 1101 407 densodistendere
1123 359 1323 425 pingui,

3 474 6 476 ,
49 428 227 489 Quem
245 425 427 492 legere
448 425 659 490 ducem,
680 435 734 476 et
750 427 936 494 pecori
961 426 1140 478 dixere
1164 431 1441 492 maritum3
1467 435 1565 486 125

12 545 14 547 ,
45 494 423 564 Florentisque
454 506 636 546 secant
662 495 881 561 herbas',
918 493 1219 566 fluviosque
1250 501 1565 567 ministrant,

47 567 341 634 Farraque,
378 583 449 616 ne
474 565 676 617 blando
704 576 939 635 nequeat
961 584 1241 635 superesse
1259 569 1445 635 labori,

92 665 232 717 126.
268 658 653 720 PUBENTESQUE
744 666 855 714 127.
892 664 1213 726 FARRAQUE3
1258 677 1483 726 LABOR13

27 796 30 797 ’
48 789 57 796 ‘
93 786 163 824 124
185 789 403 835 Impendent
423 796 535 835 quart.
559 790 688 824 Moret.
741 790 971 837 distinguere
987 789 1088 826 Leid.
1110 803 1209 826 unus.
1245 792 1388 837 (Medic.
1412 804 1433 826 a
1447 804 1492 825 m.
1510 803 1565 837 pr.

44 835 203 878 densos,
226 835 310 869 inde
329 843 444 870 ortum
458 863 467 879 ,
491 837 587 882 quod
607 836 872 871 terminationes
893 837 1087 872 vicinorum
1113 850 1208 873 vocc.
1235 839 1399 874 librarius
1419 850 1567 884 permu-

43 881 151 923 tavit3
184 894 266 917 nam
291 882 327 916 iu
349 884 475 918 eodem
498 884 630 929 legitur
650 897 758 924 σαι-ας
795 897 813 918 s
835 897 941 930 supra
967 885 1110 932 scripta.
1144 887 1238 931 Wr.)
1336 886 1403 922 125
1428 886 1568 920 duxere

42 929 82 962 in
106 930 266 963 Romano
293 930 420 973 fuisse,
454 939 611 965 notatum
637 931 775 965 invenit
804 934 938 974 Bursa,
973 933 1036 966 sed
1063 946 1082 966 a
1102 933 1247 967 Bartolo
1271 933 1321 967 nil
1349 936 1564 969 anxietatum.

43 978 90 1011 At
107 975 160 1011 sic
177 977 247 1022 leg.
271 976 308 1010 in
339 978 541 1024 Cantabrig.
570 985 607 1012 et
633 979 688 1012 ed.
719 980 808 1012 Ven.
831 978 921 1015 1482
950 986 985 1012 et
1012 992 1033 1014 a
1059 980 1183 1014 Paullo
1205 981 1378 1015 Manutio.
1426 981 1566 1015 dixisse

5 1029 8 1035 ’
42 1024 166 1058 Franc.
215 1027 327 1068 Quem
353 1025 476 1072 legere
501 1027 620 1059 virum
649 1029 745 1060 Serv.
775 1027 819 1060 ad
837 1026 909 1060 Ecl.
933 1028 1009 1068 VII,
1034 1028 1068 1062 7.
1165 1029 1233 1064 126
1258 1028 1462 1074 Exemplum
1481 1027 1565 1069 loci,

44 1069 83 1104 in
101 1082 172 1116 quo
191 1070 281 1105 ratio
303 1071 425 1106 critica
445 1073 549 1107 codd.
577 1084 785 1106 consensum
813 1073 937 1107 elevat.
985 1074 1226 1119 Antiquissimi
1257 1087 1378 1109 omnes
1402 1074 1565 1109 Floren-

44 1118 175 1164 cisque.
220 1117 279 1152 sio
307 1126 343 1152 et
367 1118 458 1153 Gell.
476 1121 512 1162 I,
536 1121 594 1155 22.
643 1122 689 1153 At
718 1118 976 1166 Pubentesque
991 1122 1082 1155 Ven.
1110 1122 1213 1156 Voss.
1241 1123 1372 1156 Moret.
1396 1127 1510 1168 quart.
1529 1128 1567 1155 et

42 1175 100 1210 pr.
126 1177 213 1199 am.
233 1176 303 1198 sec.
329 1166 501 1200 Rottend.
527 1162 609 1200 tert.
629 1178 696 1212 pro
728 1179 799 1201 var.
816 1167 899 1200 lect.
925 1174 959 1200 et
987 1169 1092 1213 Reg„
1125 1168 1210 1202 item
1232 1181 1319 1205 unus
1336 1168 1503 1203 Arundel.
1528 1174 1566 1202 et

44 1211 91 1245 ali
118 1218 180 1245 uot
196 1211 370 1254 Pieriani‚
396 1220 433 1246 et
452 1213 502 1247 sic
523 1214 674 1247 Servius.
724 1214 856 1248 Primus
874 1214 1010 1247 induxit
1026 1215 1062 1248 in
1083 1215 1198 1250 editos
1222 1217 1285 1250 Ge.
1302 1215 1441 1250 Fabric.
1458 1215 1566 1249 Gom-

43 1224 162 1293 mellin-
186 1258 310 1304 steph.
360 1259 440 1294 Nisi
461 1260 669 1303 dicendum,
704 1262 796 1295 hanc
823 1261 1014 1295 lectionem
1043 1274 1085 1295 ex
1114 1266 1201 1297 Aen.
1226 1265 1277 1298 IV
1292 1289 1301 1306 ,
1325 1263 1394 1300 514
1412 1262 1566 1297 transla-

43 1313 115 1340 tam
137 1304 230 1339 essd:
254 1305 428 1340 Falcibus
446 1316 483 1341 et
508 1321 648 1341 messae
667 1309 716 1342 ad
738 1309 863 1342 lanam
886 1317 1119 1354 quaeruntur
1140 1312 1244 1343 aenis
1274 1309 1460 1344 Pubentes
1476 1310 1566 1344 her-

44 1351 123 1387 bae.
156 1360 192 1387 et
217 1354 306 1395 XII,
330 1352 401 1390 413
420 1353 624 1401 puberibus
650 1356 790 1389 caulem
809 1355 932 1402 foliis·
979 1357 1130 1391 Brunck.
1158 1358 1348 1392 Florentis
1373 1357 1564 1391 revocavit.

45 1399 141 1445 (Nisi
161 1407 378 1446 compertum
398 1401 606 1435 haberemus
618 1428 626 1443 ,
650 1403 743 1435 unde
761 1402 869 1436 lectio
884 1401 1056 1448 pubentis
1077 1403 1147 1438 huc
1166 1404 1290 1437 inferri
1305 1403 1482 1449 potuerit,
1505 1403 1564 1438 fa·-

44 1447 145 1481 cilius
162 1447 316 1481 fortasse
332 1448 550 1491 adducerer,
577 1455 615 1482 nt
636 1449 783 1483 alteram
800 1449 991 1483 lectionem
1007 1452 1186 1495 florentis
1203 1458 1239 1485 et
1265 1451 1342 1497 ipse
1368 1451 1563 1487 reiicerem.

42 1495 117 1528 Iam
134 1506 220 1528 vero
238 1507 342 1541 quum
351 1497 533 1542 florentis
552 1503 587 1529 et
607 1496 715 1541 longe
735 1496 965 1541 plurimorum
996 1504 1031 1530 et
1051 1498 1263 1543 optimorum
1281 1499 1385 1532 codd.
1407 1497 1564 1532 auctori-

31 1548 116 1576 ‘tate
142 1542 423 1584 commendetur,
465 1543 633 1588 impetum
659 1543 813 1580 inhiberi
841 1555 984 1577 necesse
1014 1552 1076 1578 est.
1132 1545 1199 1578 Rei
1228 1545 1377 1579 rusticae
1400 1552 1563 1579 auctores

43 1588 318 1623 iubentsmolles
346 1589 496 1632 herbas,
520 1601 592 1623 non
611 1603 777 1635 proceras
794 1617 803 1633 ‚
836 1591 1049 1625 admissariis
1076 1592 1260 1637 praeberi5
1292 1593 1465 1638 pubentes
1493 1592 1564 1636 igi-

40 1642 102 1670 tur
116 1662 126 1678 ,
148 1647 221 1669 non
238 1635 416 1671 florentes.
465 1638 571 1679 Quod
593 1638 732 1682 quidem
760 1646 985 1684 praeceptum
1007 1639 1064 1672 vix
1089 1640 1206 1684 potuit
1223 1639 1338 1673 latere
1365 1639 1563 1685 Virgilium.

43 1686 91 1717 At
109 1694 194 1716 vero
215 1683 355 1717 minime
376 1684 459 1718 hinc
478 1684 649 1726 efficitur,
665 1686 853 1731 florentes
880 1685 1094 1719 deteriorem
1122 1699 1199 1720 esse
1217 1687 1418 1720 lectionem.
1470 1686 1564 1728 Quid

45 1730 159 1772 enim,
183 1729 214 1764 si
234 1730 403 1775 Virgilius
430 1731 597 1765 florentes
627 1732 757 1765 herbas
781 1732 816 1766 h.
847 1731 871 1765 l.
894 1732 1035 1766 easdem
1056 1745 1132 1766 esse
1152 1733 1281 1775 voluit,
1314 1734 1562 1779 quasffpuben-

42 1777 120 1812 tes?
155 1778 358 1857 Acglorere
373 1791 481 1825 saepe
502 1779 547 1812 ad
563 1791 645 1813 arva
662 1780 893 1822 transfertur,
919 1785 958 1812 ut
977 1780 1334 1825 intelliganturagri,
1360 1780 1420 1826 qui
1439 1780 1564 1822 nitent,

42 1836 116 1858 non
134 1824 194 1870 qui
237 1836 334 1858 orem
350 1825 514 1867 induunt;
541 1826 623 1860 hinc
635 1827 802 1860 florentes
826 1826 970 1867 herbae,
995 1839 1083 1873 quae
1102 1827 1227 1861 nitent.
1260 1829 1307 1861 Et
1326 1840 1429 1873 quum
1439 1829 1564 1874 flore—

43 1885 86 1906 re
102 1871 247 1918 proprie
265 1871 402 1906 dicatur
422 1873 467 1906 de
486 1873 616 1915 nitore,
643 1880 681 1906 ut
695 1877 781 1908 Aen.
799 1875 877 1914 Vll,
904 1873 1004 1909 804.:
1031 1874 1228 1916 „florentes
1248 1887 1330 1908 aere
1353 1881 1527 1914 catervas;
1541 1876 1563 1893 “

43 1918 105 1952 nbi
123 1918 193 1952 vid.
210 1921 323 1961 Serv.;
349 1920 496 1964 pulchre
517 1920 646 1954 dixeris
665 1920 830 1955 florentes
851 1920 990 1961 herbas,
1011 1934 1100 1966 quae
1119 1921 1235 1955 nitent
1254 1933 1363 1955 verno
1382 1929 1564 1967 tempore;

44 1978 146 2011 quem
156 1966 308 2000 nitorem
324 1967 461 2001 adultae
480 1968 676 2002 admittunt.
724 1968 814 2001 Hinc
834 1971 918 2001 Aen.
937 1970 998 2010 VI,
1020 1970 1100 2004 677.
1127 1995 1147 2008 „
1160 1969 1273 2014 campi
1297 1969 1450 2003 nitentes
1464 1972 1485 1988 ‘⁴
1504 1969 1564 2002 iu-

42 2013 207 2047 females.
250 2017 364 2059 Atque
384 2026 427 2047 en
446 2015 515 2048 tibi
534 2015 692 2049 Servium
712 2015 856 2056 Dresd.‚
882 2015 958 2060 qui,
983 2016 1228 2060 praescribens
1251 2017 1452 2062 florentis,
1475 2016 1564 2050 haec

43 2060 204 2094 subiicit:
234 2064 355 2102 „Sane
373 2061 514 2106 quidem
532 2062 692 2095 nonnulli
703 2063 893 2108 florentis,
911 2062 1069 2095 nonnulli
1084 2061 1260 2109 pubentis
1288 2063 1430 2107 legunt,
1467 2063 1564 2108 quod

44 2107 255 2141 tantumdem
263 2107 392 2141 valet.'‘
423 2108 559 2149 Quodsi
573 2109 790 2153 reprehendi
803 2108 972 2153 Virgilius
987 2110 1131 2153 poterit,
1143 2110 1238 2154 quod
1251 2110 1411 2154 ambigue
1424 2110 1563 2144 locutus

44 2154 101 2196 sit,
120 2161 194 2187 esto
215 2167 256 2187 ea
279 2154 424 2199 Virgilii
443 2167 563 2196 causa;
588 2167 666 2197 nos,
691 2167 838 2200 quorum
858 2162 914 2188 est
938 2156 1082 2189 criticen
1102 2157 1231 2197 facere,
1266 2165 1423 2194 nostram
1440 2156 1563 2190 tuebi-

42 2214 129 2235 mur.
162 2201 257 2246 Wr)
314 2245 318 2249 .
354 2203 421 2237 127
445 2211 605 2248 nequeat
625 2214 644 2235 e
663 2202 912 2237 vetustioribus
927 2210 1010 2247 post
1030 2203 1182 2236 Pierium
1200 2203 1322 2237 Heius.
1357 2204 1563 2250 (nequeans

42 2248 173 2282 Medic.
194 2261 215 2282 a
237 2261 281 2282 m.
304 2260 373 2293 pr.,
409 2258 568 2294 nequeat
593 2262 613 2283 a
632 2261 703 2283 sec.
734 2250 828 2294 Wr.)
877 2251 929 2283 Ita
953 2256 1071 2283 tamen
1088 2250 1157 2283 iam
1177 2251 1330 2295 Nanger.
1354 2257 1562 2284 correxerat

43 2296 125 2329 Ald.
145 2301 228 2328 tert.
275 2304 462 2342 nequeant
479 2296 595 2341 vulgo.
645 2297 701 2330 Sic
722 2308 861 2342 quoque
883 2297 997 2330 editur
1014 2310 1071 2342 ap.
1091 2297 1185 2331 Geli.
1203 2299 1230 2340 1,
1253 2299 1312 2338 22,
1331 2298 1390 2331 ubi
1409 2298 1471 2331 ille
1494 2311 1562 2331 su-

30 2355 190 2390 ,peresse
204 2342 461 2387 interpretatur
479 2355 595 2391 supra
614 2343 773 2378 laborem
792 2357 873 2378 esse
889 2356 1006 2390 neque
1022 2346 1178 2392 opprimi
1196 2357 1220 2378 a
1240 2343 1377 2379 labore.
1425 2357 1494 2379 nec
1515 2365 1560 2370 —-

43 2398 231 2436 nequeant
250 2389 358 2423 Goth.
378 2401 434 2435 pr.

42 2485 306 2538 pinguedine,
328 2486 500 2538 sagina,
539 2492 589 2525 ut
623 2487 665 2525 in
692 2487 775 2526 Lu-
834 2488 908 2527 bus
939 2501 1012 2540 per
1047 2487 1235 2526 fraudem
1274 2500 1461 2540 agasones
1500 2489 1563 2526 sa·-

44 2543 159 2582 cretii
197 2557 320 2584 versu
348 2544 388 2593 Ι,
422 2545 506 2587 258
539 2545 778 2596 agnoscebat

43 2601 333 2654 Philargyrius:
364 2604 479 2640 Hinc
483 2603 629 2654 fessae
642 2618 775 2655 pecu-

43 2660 113 2698 des
146 2662 304 2712 pingui
337 2675 417 2711 per
454 2660 615 2712 pabula
664 2663 774 2700 laeta

46 2717 222 2769 Corpora
250 2718 478 2769 deponunt;
531 2719 602 2758 ubi
631 2720 775 2772 vulga-

41 2781 134 2814 tum
163 2781 247 2814 est:
300 2775 395 2813 hinc
419 2777 564 2828 fessae
595 2778 773 2829 pecudes

38 2835 240 2885 pingues:
283 2839 332 2872 ut
351 2833 572 2886 iungantur
593 2838 772 2886 pingues

39 2905 116 2942 per
131 2890 316 2941 pabula,
363 2892 436 2929 etsi
472 2892 554 2931 duo
593 2893 772 2945 epitheta

42 2949 100 2987 sic
119 2948 260 2987 iuncta
277 2948 500 2988 offendunt.
529 2950 662 2999 denso,
688 2966 772 2990 non

42 3006 160 3057 laxo,
191 3006 303 3058 quod
328 3006 565 3057 quibusdam
593 3009 772 3060 potioni—

833 2559 922 2585 cere
940 2552 1250 2596 consueverunt,
1280 2552 1328 2584 ut
1347 2546 1448 2585 bene
1469 2547 1563 2584 Ser-

831 2604 934 2644 vius.
967 2602 1228 2657 (diszendere;
1267 2605 1448 2643 similiter
1478 2605 1562 2642 En-

831 2663 923 2701 nius
942 2676 979 2714 p.
1001 2664 1069 2703 89.
1098 2662 1160 2701 ed.
1186 2662 1355 2701 Hessel.:
1393 2668 1562 2711 „venter

831 2721 1027 2759 Carnibus
1044 2719 1230 2759 humanis
1252 2720 1331 2759 dis
1342 2727 1361 2759 t
1373 2733 1392 2757 e
1405 2735 1431 2758 n
1442 2726 1459 2757 t
1469 2734 1495 2758 u
1506 2721 1562 2758 s.“

837 2777 956 2832 Wr.)
996 2778 1108 2816 Idem
1127 2778 1276 2827 dixere,
1308 2777 1349 2817 h.
1375 2777 1561 2828 designa—

830 2850 938 2876 vere.
968 2837 1112 2875 Horat.
1132 2837 1208 2875 Od.
1224 2837 1273 2884 ΙΙ,
1288 2838 1325 2885 7,
1343 2838 1398 2876 27
1435 2835 1562 2885 Quem

837 2897 884 2935 V
879 2910 976 2933 enus
1009 2894 1203 2933 arbilrum
1243 2894 1342 2932 dicit
1374 2891 1562 2929 bibendi?

819 2955 980 3004 fluvios
993 2983 1003 3002 ,
1047 2966 1204 3004 aquam.
1249 2954 1343 2992 126.
1368 2948 1562 3000 pubentes

828 3010 982 3061 herbas,
998 3010 1263 3062 lanuginosas.
1285 3006 1415 3059 pubes
1425 3009 1560 3060 χνοῦς,
