<?xml version="1.0" encoding="UTF-8"?>
<!DOCTYPE html PUBLIC "-//W3C//DTD XHTML 1.0 Transitional//EN"
    "http://www.w3.org/TR/xhtml1/DTD/xhtml1-transitional.dtd">
<html xmlns="http://www.w3.org/1999/xhtml" xml:lang="en" lang="en">
 <head>
  <title>
</title>
<meta http-equiv="Content-Type" content="text/html;charset=utf-8" />
  <meta name='ocr-system' content='tesseract 3.04.00' />
  <meta name='ocr-capabilities' content='ocr_page ocr_carea ocr_par ocr_line ocrx_word'/>
</head>
<body>
  <div class='ocr_page' id='page_1' title='image "./publiusvirgilius01virguoft/publiusvirgilius01virguoft_0434.png"; bbox 0 0 1768 3320; ppageno 0'>
   <div class='ocr_carea' id='block_1_1' title="bbox 198 178 1207 232">
    <p class='ocr_par' dir='ltr' id='par_1_1' title="bbox 198 178 1207 232">
     <span class='ocr_line' id='line_1_1' title="bbox 198 178 1207 232; baseline 0.004 -5"><span class='ocrx_word' id='word_1_1' title='bbox 198 180 302 228; x_wconf 73' lang='lat'>266</span> <span class='ocrx_word' id='word_1_2' title='bbox 710 178 1207 232; x_wconf 87' lang='lat' dir='ltr'>PROOEMIUM</span> 
     </span>
    </p>
   </div>
   <div class='ocr_carea' id='block_1_2' title="bbox 151 303 1726 2559">
    <p class='ocr_par' dir='ltr' id='par_1_2' title="bbox 151 303 1726 2559">
     <span class='ocr_line' id='line_1_2' title="bbox 197 303 1723 361; baseline 0.006 -10"><span class='ocrx_word' id='word_1_3' title='bbox 197 319 321 353; x_wconf 90' lang='lat' dir='ltr'>mae</span> <span class='ocrx_word' id='word_1_4' title='bbox 346 303 602 354; x_wconf 88' lang='lat' dir='ltr'>orationis</span> <span class='ocrx_word' id='word_1_5' title='bbox 628 306 1012 358; x_wconf 87' lang='lat' dir='ltr'>verecundiam</span> <span class='ocrx_word' id='word_1_6' title='bbox 1036 318 1089 359; x_wconf 91' lang='lat' dir='ltr'>et</span> <span class='ocrx_word' id='word_1_7' title='bbox 1113 317 1452 359; x_wconf 81' lang='lat' dir='ltr'><strong>venustatem</strong></span> <span class='ocrx_word' id='word_1_8' title='bbox 1477 307 1723 361; x_wconf 87' lang='lat' dir='ltr'>referen-</span> 
     </span>
     <span class='ocr_line' id='line_1_3' title="bbox 200 373 1724 448; baseline 0.005 -26"><span class='ocrx_word' id='word_1_9' title='bbox 200 373 334 423; x_wconf 92' lang='lat' dir='ltr'>dum</span> <span class='ocrx_word' id='word_1_10' title='bbox 364 373 523 424; x_wconf 89' lang='lat' dir='ltr'>nobis</span> <span class='ocrx_word' id='word_1_11' title='bbox 558 392 673 426; x_wconf 89' lang='lat' dir='ltr'>esse</span> <span class='ocrx_word' id='word_1_12' title='bbox 703 376 918 427; x_wconf 89' lang='lat' dir='ltr'>videtur</span> <span class='ocrx_word' id='word_1_13' title='bbox 948 378 1183 444; x_wconf 86' lang='lat' dir='ltr'>elogium</span> <span class='ocrx_word' id='word_1_14' title='bbox 1215 378 1379 443; x_wconf 89' lang='lat' dir='ltr'>illud,</span> <span class='ocrx_word' id='word_1_15' title='bbox 1427 379 1580 448; x_wconf 90' lang='lat' dir='ltr'>quod</span> <span class='ocrx_word' id='word_1_16' title='bbox 1613 389 1724 431; x_wconf 90' lang='lat' dir='ltr'>tam</span> 
     </span>
     <span class='ocr_line' id='line_1_4' title="bbox 195 444 1724 514; baseline 0.005 -21"><span class='ocrx_word' id='word_1_17' title='bbox 195 444 378 509; x_wconf 82' lang='lat' dir='ltr'>variiS,</span> <span class='ocrx_word' id='word_1_18' title='bbox 416 444 630 496; x_wconf 89' lang='lat' dir='ltr'>incertis</span> <span class='ocrx_word' id='word_1_19' title='bbox 651 463 811 514; x_wconf 82' lang='lat' dir='ltr'><strong>saepe</strong></span> <span class='ocrx_word' id='word_1_20' title='bbox 840 457 893 497; x_wconf 93' lang='lat' dir='ltr'>et</span> <span class='ocrx_word' id='word_1_21' title='bbox 917 448 1180 514; x_wconf 79' lang='lat' dir='ltr'>obscuris,</span> <span class='ocrx_word' id='word_1_22' title='bbox 1217 449 1398 499; x_wconf 91' lang='lat' dir='ltr'>modis</span> <span class='ocrx_word' id='word_1_23' title='bbox 1422 467 1449 500; x_wconf 91' lang='lat' dir='ltr'>a</span> <span class='ocrx_word' id='word_1_24' title='bbox 1472 450 1594 499; x_wconf 87' lang='lat' dir='ltr'>viris</span> <span class='ocrx_word' id='word_1_25' title='bbox 1624 450 1724 501; x_wconf 92' lang='lat' dir='ltr'>do-</span> 
     </span>
     <span class='ocr_line' id='line_1_5' title="bbox 199 514 1726 585; baseline 0.005 -22"><span class='ocrx_word' id='word_1_26' title='bbox 199 514 292 564; x_wconf 90' lang='lat' dir='ltr'>ctis</span> <span class='ocrx_word' id='word_1_27' title='bbox 335 524 607 566; x_wconf 85' lang='lat' dir='ltr'>versatum</span> <span class='ocrx_word' id='word_1_28' title='bbox 652 534 767 566; x_wconf 90' lang='lat' dir='ltr'>esse</span> <span class='ocrx_word' id='word_1_29' title='bbox 803 517 997 571; x_wconf 87' lang='lat' dir='ltr'>videas,</span> <span class='ocrx_word' id='word_1_30' title='bbox 1069 518 1413 585; x_wconf 86' lang='lat' dir='ltr'>Magnificam</span> <span class='ocrx_word' id='word_1_31' title='bbox 1453 529 1635 570; x_wconf 88' lang='lat' dir='ltr'>autem</span> <span class='ocrx_word' id='word_1_32' title='bbox 1672 530 1726 571; x_wconf 92' lang='lat' dir='ltr'>et</span> 
     </span>
     <span class='ocr_line' id='line_1_6' title="bbox 194 584 1724 656; baseline 0.005 -22"><span class='ocrx_word' id='word_1_33' title='bbox 194 584 525 652; x_wconf 87' lang='lat' dir='ltr'>praeclaram</span> <span class='ocrx_word' id='word_1_34' title='bbox 557 603 671 637; x_wconf 91' lang='lat' dir='ltr'>esse</span> <span class='ocrx_word' id='word_1_35' title='bbox 700 587 846 637; x_wconf 91' lang='lat' dir='ltr'>illam</span> <span class='ocrx_word' id='word_1_36' title='bbox 868 588 1144 654; x_wconf 84' lang='lat' dir='ltr'>Virgiliani</span> <span class='ocrx_word' id='word_1_37' title='bbox 1170 590 1416 639; x_wconf 81' lang='lat' dir='ltr'>carminis</span> <span class='ocrx_word' id='word_1_38' title='bbox 1446 590 1724 656; x_wconf 91' lang='lat' dir='ltr'>praedica-</span> 
     </span>
     <span class='ocr_line' id='line_1_7' title="bbox 195 656 1723 726; baseline 0.004 -22"><span class='ocrx_word' id='word_1_39' title='bbox 195 656 428 721; x_wconf 81' lang='lat' dir='ltr'>tionem,</span> <span class='ocrx_word' id='word_1_40' title='bbox 468 657 585 724; x_wconf 91' lang='lat' dir='ltr'>quis</span> <span class='ocrx_word' id='word_1_41' title='bbox 616 673 730 706; x_wconf 88' lang='lat' dir='ltr'>non</span> <span class='ocrx_word' id='word_1_42' title='bbox 759 657 942 710; x_wconf 82' lang='lat' dir='ltr'>videt?</span> <span class='ocrx_word' id='word_1_43' title='bbox 994 661 1088 709; x_wconf 88' lang='lat' dir='ltr'>Est</span> <span class='ocrx_word' id='word_1_44' title='bbox 1119 660 1319 709; x_wconf 89' lang='lat' dir='ltr'>scilicet</span> <span class='ocrx_word' id='word_1_45' title='bbox 1349 676 1560 709; x_wconf 81' lang='lat' dir='ltr'>summa</span> <span class='ocrx_word' id='word_1_46' title='bbox 1593 660 1723 726; x_wconf 79' lang='lat' dir='ltr'>laUS,</span> 
     </span>
     <span class='ocr_line' id='line_1_8' title="bbox 197 726 1723 797; baseline 0.004 -22"><span class='ocrx_word' id='word_1_47' title='bbox 197 743 335 793; x_wconf 92' lang='lat' dir='ltr'>quae</span> <span class='ocrx_word' id='word_1_48' title='bbox 359 727 414 776; x_wconf 87' lang='lat' dir='ltr'>in</span> <span class='ocrx_word' id='word_1_49' title='bbox 442 726 499 776; x_wconf 92' lang='lat' dir='ltr'>id</span> <span class='ocrx_word' id='word_1_50' title='bbox 519 727 766 776; x_wconf 81' lang='lat' dir='ltr'>carminis</span> <span class='ocrx_word' id='word_1_51' title='bbox 795 743 965 792; x_wconf 84' lang='lat' dir='ltr'>genus</span> <span class='ocrx_word' id='word_1_52' title='bbox 999 728 1191 780; x_wconf 88' lang='lat' dir='ltr'>cadere</span> <span class='ocrx_word' id='word_1_53' title='bbox 1219 729 1414 796; x_wconf 85' lang='lat' dir='ltr'>possit,</span> <span class='ocrx_word' id='word_1_54' title='bbox 1453 729 1604 797; x_wconf 90' lang='lat' dir='ltr'>quod</span> <span class='ocrx_word' id='word_1_55' title='bbox 1634 730 1723 781; x_wconf 87' lang='lat' dir='ltr'>di-</span> 
     </span>
     <span class='ocr_line' id='line_1_9' title="bbox 198 796 1724 864; baseline 0.003 -18"><span class='ocrx_word' id='word_1_56' title='bbox 198 797 523 846; x_wconf 89' lang='lat' dir='ltr'>dacticum</span> <span class='ocrx_word' id='word_1_57' title='bbox 549 796 822 864; x_wconf 87' lang='lat' dir='ltr'>appellare</span> <span class='ocrx_word' id='word_1_58' title='bbox 847 797 1102 851; x_wconf 81' lang='lat' dir='ltr'>solemus,</span> <span class='ocrx_word' id='word_1_59' title='bbox 1158 801 1299 851; x_wconf 90' lang='lat' dir='ltr'>Cum</span> <span class='ocrx_word' id='word_1_60' title='bbox 1323 799 1465 849; x_wconf 89' lang='lat' dir='ltr'>enim</span> <span class='ocrx_word' id='word_1_61' title='bbox 1492 800 1604 850; x_wconf 90' lang='lat' dir='ltr'>eius</span> <span class='ocrx_word' id='word_1_62' title='bbox 1628 818 1724 851; x_wconf 89' lang='lat' dir='ltr'>na—</span> 
     </span>
     <span class='ocr_line' id='line_1_10' title="bbox 194 867 1723 937; baseline 0.003 -21"><span class='ocrx_word' id='word_1_63' title='bbox 194 876 312 917; x_wconf 89' lang='lat' dir='ltr'>tura</span> <span class='ocrx_word' id='word_1_64' title='bbox 331 867 386 916; x_wconf 91' lang='lat' dir='ltr'>in</span> <span class='ocrx_word' id='word_1_65' title='bbox 412 884 477 917; x_wconf 92' lang='lat' dir='ltr'>eo</span> <span class='ocrx_word' id='word_1_66' title='bbox 499 868 672 934; x_wconf 87' lang='lat' dir='ltr'>posita</span> <span class='ocrx_word' id='word_1_67' title='bbox 691 868 779 931; x_wconf 87' lang='lat' dir='ltr'>sit,</span> <span class='ocrx_word' id='word_1_68' title='bbox 817 877 878 918; x_wconf 90' lang='lat' dir='ltr'>ut</span> <span class='ocrx_word' id='word_1_69' title='bbox 907 869 1043 919; x_wconf 89' lang='lat' dir='ltr'>sive</span> <span class='ocrx_word' id='word_1_70' title='bbox 1074 869 1262 919; x_wconf 88' lang='lat' dir='ltr'>notio</span> <span class='ocrx_word' id='word_1_71' title='bbox 1299 869 1544 937; x_wconf 88' lang='lat' dir='ltr'>aliqua,</span> <span class='ocrx_word' id='word_1_72' title='bbox 1582 872 1723 922; x_wconf 86' lang='lat' dir='ltr'>sive</span> 
     </span>
     <span class='ocr_line' id='line_1_11' title="bbox 195 938 1720 1007; baseline 0.003 -20"><span class='ocrx_word' id='word_1_73' title='bbox 195 938 553 1002; x_wconf 89' lang='lat' dir='ltr'>sententia,</span> <span class='ocrx_word' id='word_1_74' title='bbox 592 938 728 987; x_wconf 89' lang='lat' dir='ltr'>sive</span> <span class='ocrx_word' id='word_1_75' title='bbox 758 940 1267 1004; x_wconf 89' lang='lat' dir='ltr'>sententiarum,</span> <span class='ocrx_word' id='word_1_76' title='bbox 1307 940 1508 990; x_wconf 89' lang='lat' dir='ltr'>etiam</span> <span class='ocrx_word' id='word_1_77' title='bbox 1535 958 1720 1007; x_wconf 86' lang='lat' dir='ltr'>prae-</span> 
     </span>
     <span class='ocr_line' id='line_1_12' title="bbox 196 1007 1722 1077; baseline 0.003 -19"><span class='ocrx_word' id='word_1_78' title='bbox 196 1017 543 1074; x_wconf 88' lang='lat' dir='ltr'>ceptorum</span> <span class='ocrx_word' id='word_1_79' title='bbox 571 1007 648 1058; x_wconf 93' lang='lat' dir='ltr'>de</span> <span class='ocrx_word' id='word_1_80' title='bbox 676 1013 1094 1077; x_wconf 87' lang='lat' dir='ltr'>quacumque</span> <span class='ocrx_word' id='word_1_81' title='bbox 1123 1011 1258 1060; x_wconf 88' lang='lat' dir='ltr'>sive</span> <span class='ocrx_word' id='word_1_82' title='bbox 1280 1010 1565 1060; x_wconf 82' lang='lat' dir='ltr'>scientia</span> <span class='ocrx_word' id='word_1_83' title='bbox 1588 1011 1722 1062; x_wconf 81' lang='lat' dir='ltr'>sive</span> 
     </span>
     <span class='ocr_line' id='line_1_13' title="bbox 195 1078 1724 1149; baseline 0.003 -21"><span class='ocrx_word' id='word_1_84' title='bbox 195 1087 363 1142; x_wconf 87' lang='lat' dir='ltr'>arte,</span> <span class='ocrx_word' id='word_1_85' title='bbox 412 1078 661 1149; x_wconf 88' lang='lat' dir='ltr'>aliquis</span> <span class='ocrx_word' id='word_1_86' title='bbox 702 1079 1095 1147; x_wconf 85' lang='lat' dir='ltr'>complexus</span> <span class='ocrx_word' id='word_1_87' title='bbox 1137 1097 1210 1130; x_wconf 88' lang='lat' dir='ltr'>eo</span> <span class='ocrx_word' id='word_1_88' title='bbox 1246 1081 1578 1130; x_wconf 90' lang='lat' dir='ltr'>sermonis</span> <span class='ocrx_word' id='word_1_89' title='bbox 1620 1097 1724 1147; x_wconf 83' lang='lat' dir='ltr'>ge-</span> 
     </span>
     <span class='ocr_line' id='line_1_14' title="bbox 151 1150 1724 1219; baseline 0.001 -19"><span class='ocrx_word' id='word_1_90' title='bbox 151 1207 154 1210; x_wconf 66' lang='lat'><em>‚</em></span> <span class='ocrx_word' id='word_1_91' title='bbox 192 1165 358 1200; x_wconf 86' lang='lat' dir='ltr'>nere</span> <span class='ocrx_word' id='word_1_92' title='bbox 412 1150 1041 1217; x_wconf 14' lang='lat' dir='ltr'>exponatur,⁴quod</span> <span class='ocrx_word' id='word_1_93' title='bbox 1083 1168 1279 1219; x_wconf 89' lang='lat' dir='ltr'>quam</span> <span class='ocrx_word' id='word_1_94' title='bbox 1322 1151 1604 1202; x_wconf 85' lang='lat' dir='ltr'>maxime</span> <span class='ocrx_word' id='word_1_95' title='bbox 1646 1151 1724 1202; x_wconf 91' lang='lat' dir='ltr'>ad</span> 
     </span>
     <span class='ocr_line' id='line_1_15' title="bbox 191 1220 1724 1291; baseline 0 -19"><span class='ocrx_word' id='word_1_96' title='bbox 191 1220 754 1291; x_wconf 83' lang='lat' dir='ltr'>permulcendum</span> <span class='ocrx_word' id='word_1_97' title='bbox 782 1220 1132 1288; x_wconf 87' lang='lat' dir='ltr'>voluptate</span> <span class='ocrx_word' id='word_1_98' title='bbox 1171 1221 1392 1289; x_wconf 88' lang='lat' dir='ltr'>aliqua</span> <span class='ocrx_word' id='word_1_99' title='bbox 1431 1222 1724 1272; x_wconf 90' lang='lat' dir='ltr'>animum</span> 
     </span>
     <span class='ocr_line' id='line_1_16' title="bbox 191 1290 1722 1360; baseline -0.001 -17"><span class='ocrx_word' id='word_1_100' title='bbox 191 1295 325 1343; x_wconf 88' lang='lat' dir='ltr'>vim</span> <span class='ocrx_word' id='word_1_101' title='bbox 351 1292 620 1344; x_wconf 88' lang='lat' dir='ltr'>habeat:</span> <span class='ocrx_word' id='word_1_102' title='bbox 668 1290 1006 1358; x_wconf 82' lang='lat' dir='ltr'>voluptatem</span> <span class='ocrx_word' id='word_1_103' title='bbox 1034 1291 1184 1342; x_wconf 91' lang='lat' dir='ltr'>illam</span> <span class='ocrx_word' id='word_1_104' title='bbox 1216 1309 1332 1341; x_wconf 90' lang='lat' dir='ltr'>non</span> <span class='ocrx_word' id='word_1_105' title='bbox 1363 1301 1476 1341; x_wconf 92' lang='lat' dir='ltr'>tam</span> <span class='ocrx_word' id='word_1_106' title='bbox 1505 1292 1570 1342; x_wconf 90' lang='lat' dir='ltr'>ab</span> <span class='ocrx_word' id='word_1_107' title='bbox 1604 1293 1722 1360; x_wconf 91' lang='lat' dir='ltr'>ipso</span> 
     </span>
     <span class='ocr_line' id='line_1_17' title="bbox 194 1361 1724 1431; baseline -0.001 -17"><span class='ocrx_word' id='word_1_108' title='bbox 194 1372 538 1429; x_wconf 85' lang='lat' dir='ltr'>argumento,</span> <span class='ocrx_word' id='word_1_109' title='bbox 588 1379 920 1431; x_wconf 87' lang='lat' dir='ltr'>quamquam</span> <span class='ocrx_word' id='word_1_110' title='bbox 947 1362 1004 1412; x_wconf 91' lang='lat' dir='ltr'>in</span> <span class='ocrx_word' id='word_1_111' title='bbox 1043 1363 1158 1413; x_wconf 64' lang='lat' dir='ltr'>&gt;eius</span> <span class='ocrx_word' id='word_1_112' title='bbox 1189 1362 1391 1413; x_wconf 90' lang='lat' dir='ltr'>dilectu</span> <span class='ocrx_word' id='word_1_113' title='bbox 1428 1371 1482 1412; x_wconf 92' lang='lat' dir='ltr'>et</span> <span class='ocrx_word' id='word_1_114' title='bbox 1507 1361 1615 1413; x_wconf 92' lang='lat' dir='ltr'>hoc</span> <span class='ocrx_word' id='word_1_115' title='bbox 1645 1363 1724 1412; x_wconf 86' lang='lat' dir='ltr'>vi-</span> 
     </span>
     <span class='ocr_line' id='line_1_18' title="bbox 195 1433 1724 1500; baseline -0.002 -15"><span class='ocrx_word' id='word_1_116' title='bbox 195 1434 441 1485; x_wconf 90' lang='lat' dir='ltr'>dendum</span> <span class='ocrx_word' id='word_1_117' title='bbox 471 1442 576 1494; x_wconf 91' lang='lat' dir='ltr'>est,</span> <span class='ocrx_word' id='word_1_118' title='bbox 604 1442 680 1483; x_wconf 74' lang='lat' dir='ltr'>vut</span> <span class='ocrx_word' id='word_1_119' title='bbox 706 1449 778 1482; x_wconf 90' lang='lat' dir='ltr'>ne</span> <span class='ocrx_word' id='word_1_120' title='bbox 805 1433 1163 1483; x_wconf 88' lang='lat' dir='ltr'>iniucundum</span> <span class='ocrx_word' id='word_1_121' title='bbox 1191 1434 1285 1498; x_wconf 88' lang='lat' dir='ltr'>sit,</span> <span class='ocrx_word' id='word_1_122' title='bbox 1324 1449 1488 1500; x_wconf 89' lang='lat' dir='ltr'>quam</span> <span class='ocrx_word' id='word_1_123' title='bbox 1516 1433 1581 1483; x_wconf 91' lang='lat' dir='ltr'>ab</span> <span class='ocrx_word' id='word_1_124' title='bbox 1611 1433 1724 1483; x_wconf 92' lang='lat' dir='ltr'>eius</span> 
     </span>
     <span class='ocr_line' id='line_1_19' title="bbox 191 1501 1723 1572; baseline -0.001 -17"><span class='ocrx_word' id='word_1_125' title='bbox 191 1506 509 1556; x_wconf 79' lang='lat' dir='ltr'>tractatione</span> <span class='ocrx_word' id='word_1_126' title='bbox 550 1512 603 1554; x_wconf 90' lang='lat' dir='ltr'>et</span> <span class='ocrx_word' id='word_1_127' title='bbox 642 1512 837 1553; x_wconf 89' lang='lat' dir='ltr'>ornatu</span> <span class='ocrx_word' id='word_1_128' title='bbox 872 1503 1259 1572; x_wconf 79' lang='lat' dir='ltr'>expectandam</span> <span class='ocrx_word' id='word_1_129' title='bbox 1297 1519 1411 1554; x_wconf 90' lang='lat' dir='ltr'>esse</span> <span class='ocrx_word' id='word_1_130' title='bbox 1437 1501 1595 1553; x_wconf 90' lang='lat' dir='ltr'>facile</span> <span class='ocrx_word' id='word_1_131' title='bbox 1623 1521 1723 1571; x_wconf 89' lang='lat' dir='ltr'>ap-</span> 
     </span>
     <span class='ocr_line' id='line_1_20' title="bbox 190 1572 1721 1644; baseline -0.002 -18"><span class='ocrx_word' id='word_1_132' title='bbox 190 1585 358 1644; x_wconf 89' lang='lat' dir='ltr'>paret.</span> <span class='ocrx_word' id='word_1_133' title='bbox 429 1579 567 1627; x_wconf 85' lang='lat' dir='ltr'>Nam</span> <span class='ocrx_word' id='word_1_134' title='bbox 599 1591 722 1625; x_wconf 89' lang='lat' dir='ltr'>cum</span> <span class='ocrx_word' id='word_1_135' title='bbox 751 1591 933 1641; x_wconf 89' lang='lat' dir='ltr'>neque</span> <span class='ocrx_word' id='word_1_136' title='bbox 969 1572 1219 1625; x_wconf 90' lang='lat' dir='ltr'>factum</span> <span class='ocrx_word' id='word_1_137' title='bbox 1254 1582 1344 1624; x_wconf 86' lang='lat' dir='ltr'>aut</span> <span class='ocrx_word' id='word_1_138' title='bbox 1373 1590 1478 1635; x_wconf 82' lang='lat' dir='ltr'>res</span> <span class='ocrx_word' id='word_1_139' title='bbox 1513 1583 1721 1640; x_wconf 86' lang='lat' dir='ltr'>gesta,</span> 
     </span>
     <span class='ocr_line' id='line_1_21' title="bbox 194 1643 1723 1712; baseline -0.003 -15"><span class='ocrx_word' id='word_1_140' title='bbox 194 1656 283 1698; x_wconf 91' lang='lat' dir='ltr'>aut</span> <span class='ocrx_word' id='word_1_141' title='bbox 312 1647 515 1710; x_wconf 85' lang='lat' dir='ltr'>actiO,</span> <span class='ocrx_word' id='word_1_142' title='bbox 553 1662 736 1712; x_wconf 89' lang='lat' dir='ltr'>neque</span> <span class='ocrx_word' id='word_1_143' title='bbox 770 1645 933 1694; x_wconf 91' lang='lat' dir='ltr'>animi</span> <span class='ocrx_word' id='word_1_144' title='bbox 963 1645 1137 1712; x_wconf 86' lang='lat' dir='ltr'>aliqua</span> <span class='ocrx_word' id='word_1_145' title='bbox 1176 1643 1490 1709; x_wconf 85' lang='lat' dir='ltr'>affectiO,</span> <span class='ocrx_word' id='word_1_146' title='bbox 1526 1643 1723 1694; x_wconf 87' lang='lat' dir='ltr'>volun-</span> 
     </span>
     <span class='ocr_line' id='line_1_22' title="bbox 190 1714 1723 1782; baseline -0.002 -15"><span class='ocrx_word' id='word_1_147' title='bbox 190 1718 310 1767; x_wconf 83' lang='lat' dir='ltr'>tatis</span> <span class='ocrx_word' id='word_1_148' title='bbox 334 1716 608 1766; x_wconf 91' lang='lat' dir='ltr'>inclinatio</span> <span class='ocrx_word' id='word_1_149' title='bbox 636 1725 725 1766; x_wconf 92' lang='lat' dir='ltr'>aut</span> <span class='ocrx_word' id='word_1_150' title='bbox 749 1714 1131 1766; x_wconf 87' lang='lat' dir='ltr'>vehementior</span> <span class='ocrx_word' id='word_1_151' title='bbox 1157 1714 1420 1782; x_wconf 87' lang='lat' dir='ltr'>impulsus</span> <span class='ocrx_word' id='word_1_152' title='bbox 1443 1715 1642 1765; x_wconf 90' lang='lat' dir='ltr'>mentis</span> <span class='ocrx_word' id='word_1_153' title='bbox 1670 1723 1723 1764; x_wconf 88' lang='lat' dir='ltr'>et</span> 
     </span>
     <span class='ocr_line' id='line_1_23' title="bbox 191 1784 1722 1856; baseline -0.002 -19"><span class='ocrx_word' id='word_1_154' title='bbox 191 1787 526 1856; x_wconf 85' lang='lat' dir='ltr'>perturbatio</span> <span class='ocrx_word' id='word_1_155' title='bbox 543 1828 555 1851; x_wconf 88' lang='lat'>,</span> <span class='ocrx_word' id='word_1_156' title='bbox 603 1804 742 1854; x_wconf 89' lang='lat' dir='ltr'>quae</span> <span class='ocrx_word' id='word_1_157' title='bbox 772 1795 825 1836; x_wconf 91' lang='lat' dir='ltr'>et</span> <span class='ocrx_word' id='word_1_158' title='bbox 852 1786 963 1853; x_wconf 89' lang='lat' dir='ltr'>ipsa</span> <span class='ocrx_word' id='word_1_159' title='bbox 991 1803 1120 1852; x_wconf 87' lang='lat' dir='ltr'>cum</span> <span class='ocrx_word' id='word_1_160' title='bbox 1148 1786 1359 1836; x_wconf 90' lang='lat' dir='ltr'>actione</span> <span class='ocrx_word' id='word_1_161' title='bbox 1389 1784 1722 1853; x_wconf 88' lang='lat' dir='ltr'>aliquantum</span> 
     </span>
     <span class='ocr_line' id='line_1_24' title="bbox 194 1857 1720 1923; baseline -0.002 -15"><span class='ocrx_word' id='word_1_162' title='bbox 194 1859 480 1909; x_wconf 88' lang='lat' dir='ltr'>coniuncta</span> <span class='ocrx_word' id='word_1_163' title='bbox 517 1866 664 1921; x_wconf 86' lang='lat' dir='ltr'>sunt,</span> <span class='ocrx_word' id='word_1_164' title='bbox 710 1857 765 1906; x_wconf 91' lang='lat' dir='ltr'>in</span> <span class='ocrx_word' id='word_1_165' title='bbox 796 1873 861 1906; x_wconf 91' lang='lat' dir='ltr'>eo</span> <span class='ocrx_word' id='word_1_166' title='bbox 899 1857 1135 1906; x_wconf 89' lang='lat' dir='ltr'>carmine</span> <span class='ocrx_word' id='word_1_167' title='bbox 1162 1864 1459 1905; x_wconf 86' lang='lat' dir='ltr'>tractentur</span> <span class='ocrx_word' id='word_1_168' title='bbox 1480 1861 1558 1921; x_wconf 83' lang='lat'>*);</span> <span class='ocrx_word' id='word_1_169' title='bbox 1610 1871 1720 1923; x_wconf 89' lang='lat' dir='ltr'>quo</span> 
     </span>
     <span class='ocr_line' id='line_1_25' title="bbox 193 1925 1721 1997; baseline -0.003 -17"><span class='ocrx_word' id='word_1_170' title='bbox 193 1931 311 1997; x_wconf 89' lang='lat' dir='ltr'>ipso</span> <span class='ocrx_word' id='word_1_171' title='bbox 349 1927 466 1978; x_wconf 85' lang='lat' dir='ltr'>fere</span> <span class='ocrx_word' id='word_1_172' title='bbox 502 1928 614 1977; x_wconf 88' lang='lat' dir='ltr'>eius</span> <span class='ocrx_word' id='word_1_173' title='bbox 644 1944 672 1976; x_wconf 85' lang='lat' dir='ltr'>a</span> <span class='ocrx_word' id='word_1_174' title='bbox 700 1926 1039 1995; x_wconf 87' lang='lat' dir='ltr'>reliquorum</span> <span class='ocrx_word' id='word_1_175' title='bbox 1077 1927 1378 1976; x_wconf 89' lang='lat' dir='ltr'>carminum</span> <span class='ocrx_word' id='word_1_176' title='bbox 1410 1934 1599 1975; x_wconf 88' lang='lat' dir='ltr'>natura</span> <span class='ocrx_word' id='word_1_177' title='bbox 1641 1925 1721 1975; x_wconf 90' lang='lat' dir='ltr'>di-</span> 
     </span>
     <span class='ocr_line' id='line_1_26' title="bbox 192 1995 1721 2063; baseline -0.003 -14"><span class='ocrx_word' id='word_1_178' title='bbox 192 2017 344 2050; x_wconf 88' lang='lat' dir='ltr'>versa</span> <span class='ocrx_word' id='word_1_179' title='bbox 380 1998 594 2049; x_wconf 89' lang='lat' dir='ltr'>indoles</span> <span class='ocrx_word' id='word_1_180' title='bbox 633 1997 970 2059; x_wconf 80' lang='lat' dir='ltr'>continetur3</span> <span class='ocrx_word' id='word_1_181' title='bbox 1015 1998 1071 2048; x_wconf 93' lang='lat' dir='ltr'>in</span> <span class='ocrx_word' id='word_1_182' title='bbox 1103 2014 1163 2048; x_wconf 91' lang='lat' dir='ltr'>re</span> <span class='ocrx_word' id='word_1_183' title='bbox 1201 1995 1520 2063; x_wconf 87' lang='lat' dir='ltr'>exponenda</span> <span class='ocrx_word' id='word_1_184' title='bbox 1551 2005 1605 2046; x_wconf 90' lang='lat' dir='ltr'>et</span> <span class='ocrx_word' id='word_1_185' title='bbox 1633 2012 1721 2045; x_wconf 88' lang='lat' dir='ltr'>or-</span> 
     </span>
     <span class='ocr_line' id='line_1_27' title="bbox 192 2065 1720 2121; baseline -0.003 -1"><span class='ocrx_word' id='word_1_186' title='bbox 192 2070 371 2121; x_wconf 88' lang='lat' dir='ltr'>nanda</span> <span class='ocrx_word' id='word_1_187' title='bbox 412 2085 630 2119; x_wconf 88' lang='lat' dir='ltr'>carmen</span> <span class='ocrx_word' id='word_1_188' title='bbox 673 2067 997 2118; x_wconf 90' lang='lat' dir='ltr'>didacticum</span> <span class='ocrx_word' id='word_1_189' title='bbox 1035 2077 1185 2118; x_wconf 90' lang='lat' dir='ltr'>tanto</span> <span class='ocrx_word' id='word_1_190' title='bbox 1223 2068 1395 2117; x_wconf 91' lang='lat' dir='ltr'>maius</span> <span class='ocrx_word' id='word_1_191' title='bbox 1434 2065 1720 2116; x_wconf 87' lang='lat' dir='ltr'>artificium</span> 
     </span>
     <span class='ocr_line' id='line_1_28' title="bbox 191 2136 1721 2208; baseline -0.004 -17"><span class='ocrx_word' id='word_1_192' title='bbox 191 2141 444 2208; x_wconf 87' lang='lat' dir='ltr'>requirit,</span> <span class='ocrx_word' id='word_1_193' title='bbox 493 2156 602 2207; x_wconf 87' lang='lat' dir='ltr'>quo</span> <span class='ocrx_word' id='word_1_194' title='bbox 639 2139 916 2189; x_wconf 86' lang='lat' dir='ltr'>minorem</span> <span class='ocrx_word' id='word_1_195' title='bbox 949 2139 1060 2188; x_wconf 87' lang='lat' dir='ltr'>vim</span> <span class='ocrx_word' id='word_1_196' title='bbox 1086 2155 1173 2188; x_wconf 91' lang='lat' dir='ltr'>res</span> <span class='ocrx_word' id='word_1_197' title='bbox 1202 2138 1314 2204; x_wconf 90' lang='lat' dir='ltr'>ipsa</span> <span class='ocrx_word' id='word_1_198' title='bbox 1349 2137 1417 2187; x_wconf 89' lang='lat' dir='ltr'>ad</span> <span class='ocrx_word' id='word_1_199' title='bbox 1447 2136 1721 2188; x_wconf 86' lang='lat' dir='ltr'>delectan-</span> 
     </span>
     <span class='ocr_line' id='line_1_29' title="bbox 195 2207 1721 2277; baseline -0.003 -16"><span class='ocrx_word' id='word_1_200' title='bbox 195 2212 328 2262; x_wconf 90' lang='lat' dir='ltr'>dum</span> <span class='ocrx_word' id='word_1_201' title='bbox 349 2210 552 2261; x_wconf 86' lang='lat' dir='ltr'>habere</span> <span class='ocrx_word' id='word_1_202' title='bbox 578 2218 782 2277; x_wconf 86' lang='lat' dir='ltr'>potest,</span> <span class='ocrx_word' id='word_1_203' title='bbox 815 2226 1037 2277; x_wconf 88' lang='lat' dir='ltr'>quoque</span> <span class='ocrx_word' id='word_1_204' title='bbox 1063 2209 1231 2274; x_wconf 84' lang='lat' dir='ltr'>magis</span> <span class='ocrx_word' id='word_1_205' title='bbox 1260 2207 1562 2258; x_wconf 84' lang='lat' dir='ltr'>cavendum</span> <span class='ocrx_word' id='word_1_206' title='bbox 1584 2223 1721 2274; x_wconf 89' lang='lat' dir='ltr'>poe—</span> 
     </span>
     <span class='ocr_line' id='line_1_30' title="bbox 191 2279 1720 2347; baseline -0.003 -15"><span class='ocrx_word' id='word_1_207' title='bbox 191 2291 278 2332; x_wconf 88' lang='lat' dir='ltr'>tae</span> <span class='ocrx_word' id='word_1_208' title='bbox 309 2291 411 2345; x_wconf 87' lang='lat' dir='ltr'>est‚</span> <span class='ocrx_word' id='word_1_209' title='bbox 447 2298 518 2331; x_wconf 92' lang='lat' dir='ltr'>ne</span> <span class='ocrx_word' id='word_1_210' title='bbox 546 2280 614 2330; x_wconf 90' lang='lat' dir='ltr'>ad</span> <span class='ocrx_word' id='word_1_211' title='bbox 638 2280 893 2330; x_wconf 89' lang='lat' dir='ltr'>subtilem</span> <span class='ocrx_word' id='word_1_212' title='bbox 917 2279 1386 2347; x_wconf 90' lang='lat' dir='ltr'>praeceptionem,</span> <span class='ocrx_word' id='word_1_213' title='bbox 1424 2295 1530 2346; x_wconf 87' lang='lat' dir='ltr'>qua</span> <span class='ocrx_word' id='word_1_214' title='bbox 1552 2294 1720 2328; x_wconf 91' lang='lat' dir='ltr'>nemo</span> 
     </span>
     <span class='ocr_line' id='line_1_31' title="bbox 191 2348 1722 2415; baseline -0.004 -12"><span class='ocrx_word' id='word_1_215' title='bbox 191 2351 351 2404; x_wconf 86' lang='lat' dir='ltr'>facile</span> <span class='ocrx_word' id='word_1_216' title='bbox 371 2351 679 2414; x_wconf 87' lang='lat' dir='ltr'>delectatur,</span> <span class='ocrx_word' id='word_1_217' title='bbox 702 2360 791 2401; x_wconf 87' lang='lat' dir='ltr'>aut</span> <span class='ocrx_word' id='word_1_218' title='bbox 813 2349 880 2400; x_wconf 90' lang='lat' dir='ltr'>ad</span> <span class='ocrx_word' id='word_1_219' title='bbox 898 2367 1107 2401; x_wconf 90' lang='lat' dir='ltr'>meram</span> <span class='ocrx_word' id='word_1_220' title='bbox 1125 2366 1312 2399; x_wconf 90' lang='lat' dir='ltr'>rerum</span> <span class='ocrx_word' id='word_1_221' title='bbox 1334 2348 1444 2399; x_wconf 91' lang='lat' dir='ltr'>des</span> <span class='ocrx_word' id='word_1_222' title='bbox 1457 2349 1544 2398; x_wconf 92' lang='lat' dir='ltr'>cri</span> <span class='ocrx_word' id='word_1_223' title='bbox 1552 2366 1588 2415; x_wconf 93' lang='lat' dir='ltr'>p</span> <span class='ocrx_word' id='word_1_224' title='bbox 1600 2349 1722 2397; x_wconf 92' lang='lat' dir='ltr'>tio-</span> 
     </span>
     <span class='ocr_line' id='line_1_32' title="bbox 193 2420 1720 2488; baseline -0.004 -15"><span class='ocrx_word' id='word_1_225' title='bbox 193 2440 342 2474; x_wconf 90' lang='lat' dir='ltr'>nem</span> <span class='ocrx_word' id='word_1_226' title='bbox 368 2439 584 2472; x_wconf 87' lang='lat' dir='ltr'>carmen</span> <span class='ocrx_word' id='word_1_227' title='bbox 607 2421 716 2471; x_wconf 92' lang='lat' dir='ltr'>hoc</span> <span class='ocrx_word' id='word_1_228' title='bbox 739 2429 982 2485; x_wconf 86' lang='lat' dir='ltr'>revocet,</span> <span class='ocrx_word' id='word_1_229' title='bbox 1009 2438 1113 2488; x_wconf 90' lang='lat' dir='ltr'>qua</span> <span class='ocrx_word' id='word_1_230' title='bbox 1137 2420 1344 2469; x_wconf 90' lang='lat' dir='ltr'>animos</span> <span class='ocrx_word' id='word_1_231' title='bbox 1369 2428 1585 2468; x_wconf 91' lang='lat' dir='ltr'>nostros</span> <span class='ocrx_word' id='word_1_232' title='bbox 1606 2434 1720 2468; x_wconf 90' lang='lat' dir='ltr'>non</span> 
     </span>
     <span class='ocr_line' id='line_1_33' title="bbox 195 2491 1721 2559; baseline -0.005 -15"><span class='ocrx_word' id='word_1_233' title='bbox 195 2493 288 2544; x_wconf 93' lang='lat' dir='ltr'>diu</span> <span class='ocrx_word' id='word_1_234' title='bbox 318 2510 441 2544; x_wconf 91' lang='lat' dir='ltr'>cum</span> <span class='ocrx_word' id='word_1_235' title='bbox 469 2492 743 2559; x_wconf 86' lang='lat' dir='ltr'>voluptate</span> <span class='ocrx_word' id='word_1_236' title='bbox 771 2492 946 2541; x_wconf 92' lang='lat' dir='ltr'>teneri</span> <span class='ocrx_word' id='word_1_237' title='bbox 984 2491 1104 2541; x_wconf 90' lang='lat' dir='ltr'>satis</span> <span class='ocrx_word' id='word_1_238' title='bbox 1135 2498 1341 2540; x_wconf 89' lang='lat' dir='ltr'>constat</span> <span class='ocrx_word' id='word_1_239' title='bbox 1365 2491 1460 2553; x_wconf 84' lang='lat'><strong>**).</strong></span> <span class='ocrx_word' id='word_1_240' title='bbox 1532 2491 1721 2557; x_wconf 84' lang='lat' dir='ltr'>Itaque</span> 
     </span>
    </p>
   </div>
   <div class='ocr_carea' id='block_1_3' title="bbox 191 2627 1721 2909">
    <p class='ocr_par' dir='ltr' id='par_1_3' title="bbox 191 2627 1721 2909">
     <span class='ocr_line' id='line_1_34' title="bbox 240 2627 1721 2683; baseline -0.006 -13"><span class='ocrx_word' id='word_1_241' title='bbox 240 2637 269 2683; x_wconf 70' lang='lat'>⁸)</span> <span class='ocrx_word' id='word_1_242' title='bbox 302 2636 436 2682; x_wconf 85' lang='lat' dir='ltr'>Utique</span> <span class='ocrx_word' id='word_1_243' title='bbox 474 2646 546 2668; x_wconf 92' lang='lat' dir='ltr'>non</span> <span class='ocrx_word' id='word_1_244' title='bbox 583 2633 654 2676; x_wconf 89' lang='lat' dir='ltr'>sic,</span> <span class='ocrx_word' id='word_1_245' title='bbox 694 2639 733 2666; x_wconf 91' lang='lat' dir='ltr'>ut</span> <span class='ocrx_word' id='word_1_246' title='bbox 767 2631 929 2666; x_wconf 89' lang='lat' dir='ltr'>carminis</span> <span class='ocrx_word' id='word_1_247' title='bbox 986 2633 1116 2665; x_wconf 86' lang='lat' dir='ltr'>borato</span> <span class='ocrx_word' id='word_1_248' title='bbox 1151 2630 1326 2673; x_wconf 85' lang='lat' dir='ltr'>carmine,</span> <span class='ocrx_word' id='word_1_249' title='bbox 1362 2629 1561 2663; x_wconf 76' lang='lat' dir='ltr'>Mus-arion</span> <span class='ocrx_word' id='word_1_250' title='bbox 1590 2627 1721 2662; x_wconf 89' lang='lat' dir='ltr'>inscri-</span> 
     </span>
     <span class='ocr_line' id='line_1_35' title="bbox 193 2675 1721 2727; baseline -0.007 -8"><span class='ocrx_word' id='word_1_251' title='bbox 193 2697 360 2719; x_wconf 78' lang='lat' dir='ltr'>summam</span> <span class='ocrx_word' id='word_1_252' title='bbox 382 2690 419 2717; x_wconf 83' lang='lat' dir='ltr'>et</span> <span class='ocrx_word' id='word_1_253' title='bbox 438 2689 679 2727; x_wconf 86' lang='lat' dir='ltr'>argumentum</span> <span class='ocrx_word' id='word_1_254' title='bbox 703 2680 929 2714; x_wconf 84' lang='lat' dir='ltr'>constituant.</span> <span class='ocrx_word' id='word_1_255' title='bbox 988 2685 1051 2724; x_wconf 90' lang='lat' dir='ltr'>pto</span> <span class='ocrx_word' id='word_1_256' title='bbox 1073 2704 1081 2721; x_wconf 93' lang='lat'>,</span> <span class='ocrx_word' id='word_1_257' title='bbox 1129 2677 1250 2711; x_wconf 84' lang='lat' dir='ltr'>docuit</span> <span class='ocrx_word' id='word_1_258' title='bbox 1291 2675 1594 2722; x_wconf 85' lang='lat' dir='ltr'>ingeniosissimus</span> <span class='ocrx_word' id='word_1_259' title='bbox 1628 2675 1721 2709; x_wconf 87' lang='lat' dir='ltr'>inter</span> 
     </span>
     <span class='ocr_line' id='line_1_36' title="bbox 191 2723 1721 2778; baseline -0.007 -11"><span class='ocrx_word' id='word_1_260' title='bbox 191 2731 336 2778; x_wconf 84' lang='lat' dir='ltr'>Alioqui</span> <span class='ocrx_word' id='word_1_261' title='bbox 365 2730 457 2764; x_wconf 84' lang='lat' dir='ltr'>enim</span> <span class='ocrx_word' id='word_1_262' title='bbox 485 2729 581 2762; x_wconf 85' lang='lat' dir='ltr'>haud</span> <span class='ocrx_word' id='word_1_263' title='bbox 608 2727 715 2761; x_wconf 83' lang='lat' dir='ltr'>dubie</span> <span class='ocrx_word' id='word_1_264' title='bbox 734 2726 839 2760; x_wconf 87' lang='lat' dir='ltr'>etiam</span> <span class='ocrx_word' id='word_1_265' title='bbox 863 2737 929 2770; x_wconf 87' lang='lat' dir='ltr'>per</span> <span class='ocrx_word' id='word_1_266' title='bbox 986 2724 1207 2759; x_wconf 83' lang='lat' dir='ltr'>venustiores</span> <span class='ocrx_word' id='word_1_267' title='bbox 1247 2731 1372 2770; x_wconf 84' lang='lat' dir='ltr'>poetas</span> <span class='ocrx_word' id='word_1_268' title='bbox 1404 2723 1616 2759; x_wconf 87' lang='lat' dir='ltr'>Wielandus</span> <span class='ocrx_word' id='word_1_269' title='bbox 1650 2734 1721 2756; x_wconf 88' lang='lat' dir='ltr'>no—</span> 
     </span>
     <span class='ocr_line' id='line_1_37' title="bbox 192 2773 1090 2814; baseline -0.01 0"><span class='ocrx_word' id='word_1_270' title='bbox 192 2780 434 2814; x_wconf 84' lang='lat' dir='ltr'>narrationem</span> <span class='ocrx_word' id='word_1_271' title='bbox 459 2788 599 2810; x_wconf 83' lang='lat' dir='ltr'>carmen</span> <span class='ocrx_word' id='word_1_272' title='bbox 628 2773 839 2808; x_wconf 87' lang='lat' dir='ltr'>didacticum</span> <span class='ocrx_word' id='word_1_273' title='bbox 862 2773 929 2806; x_wconf 85' lang='lat' dir='ltr'>de-</span> <span class='ocrx_word' id='word_1_274' title='bbox 988 2778 1090 2806; x_wconf 86' lang='lat' dir='ltr'>stras.</span> 
     </span>
     <span class='ocr_line' id='line_1_38' title="bbox 193 2816 1719 2872; baseline -0.007 -11"><span class='ocrx_word' id='word_1_275' title='bbox 193 2826 268 2861; x_wconf 84' lang='lat' dir='ltr'>texi</span> <span class='ocrx_word' id='word_1_276' title='bbox 292 2838 422 2872; x_wconf 86' lang='lat' dir='ltr'>posse,</span> <span class='ocrx_word' id='word_1_277' title='bbox 455 2822 660 2868; x_wconf 81' lang='lat' dir='ltr'>praeclaro,</span> <span class='ocrx_word' id='word_1_278' title='bbox 683 2821 720 2854; x_wconf 92' lang='lat' dir='ltr'>in</span> <span class='ocrx_word' id='word_1_279' title='bbox 747 2820 828 2864; x_wconf 88' lang='lat' dir='ltr'>ipso</span> <span class='ocrx_word' id='word_1_280' title='bbox 852 2821 929 2854; x_wconf 81' lang='lat' dir='ltr'>Ve-</span> <span class='ocrx_word' id='word_1_281' title='bbox 1034 2819 1077 2863; x_wconf 75' lang='lat'>**)</span> <span class='ocrx_word' id='word_1_282' title='bbox 1108 2817 1192 2854; x_wconf 78' lang='lat' dir='ltr'>vid.</span> <span class='ocrx_word' id='word_1_283' title='bbox 1227 2819 1273 2852; x_wconf 90' lang='lat' dir='ltr'>du</span> <span class='ocrx_word' id='word_1_284' title='bbox 1303 2819 1372 2852; x_wconf 89' lang='lat' dir='ltr'>Bos</span> <span class='ocrx_word' id='word_1_285' title='bbox 1410 2817 1541 2852; x_wconf 88' lang='lat' dir='ltr'>Ressex.</span> <span class='ocrx_word' id='word_1_286' title='bbox 1579 2816 1719 2862; x_wconf 77' lang='lat' dir='ltr'>critiqu-</span> 
     </span>
     <span class='ocr_line' id='line_1_39' title="bbox 193 2866 1191 2909; baseline -0.01 0"><span class='ocrx_word' id='word_1_287' title='bbox 193 2875 288 2909; x_wconf 88' lang='lat' dir='ltr'>neris</span> <span class='ocrx_word' id='word_1_288' title='bbox 315 2879 352 2907; x_wconf 81' lang='lat' dir='ltr'>et</span> <span class='ocrx_word' id='word_1_289' title='bbox 370 2871 571 2907; x_wconf 83' lang='lat' dir='ltr'>Gratiarum</span> <span class='ocrx_word' id='word_1_290' title='bbox 594 2866 827 2903; x_wconf 85' lang='lat' dir='ltr'>contubernio</span> <span class='ocrx_word' id='word_1_291' title='bbox 852 2866 929 2899; x_wconf 86' lang='lat' dir='ltr'>ela-</span> <span class='ocrx_word' id='word_1_292' title='bbox 988 2867 1025 2900; x_wconf 88' lang='lat' dir='ltr'>P.</span> <span class='ocrx_word' id='word_1_293' title='bbox 1043 2867 1077 2909; x_wconf 83' lang='lat'>1,</span> <span class='ocrx_word' id='word_1_294' title='bbox 1101 2868 1135 2900; x_wconf 87' lang='lat' dir='ltr'>S.</span> <span class='ocrx_word' id='word_1_295' title='bbox 1156 2867 1191 2901; x_wconf 89' lang='lat'>9.</span> 
     </span>
    </p>
   </div>
  </div>
 </body>
</html>
