1768 3320
166 278 199 326 6
435 272 536 322 DE
585 266 948 321 CARMINE
983 256 1410 314 BUCOLICO

167 400 389 466 scriptae
423 395 762 459 exhibentur,
808 397 915 442 aut
950 387 1156 438 actione
1185 382 1358 450 aliqua
1389 390 1442 433 et
1474 381 1542 432 ad
1563 381 1683 433 dra—

167 470 320 522 matis
348 466 605 530 formam,
659 482 759 532 per
800 460 1091 523 dialogum,
1140 453 1273 504 dum
1312 452 1683 520 colloquentes

169 541 310 591 inter
339 555 397 588 se
426 552 608 588 sensus
639 550 786 594 suOS,
822 530 1118 590 fortunam,
1155 522 1291 573 facta
1322 531 1600 589 exponunt
1623 539 1684 577 ac

171 608 460 660 declarant:
495 606 674 673 priore
696 601 916 670 quidem
934 597 1023 647 illo
1038 636 1052 660 ,
1090 593 1241 662 quod
1259 592 1342 643 vix
1363 592 1456 643 diu
1472 592 1686 660 placere

171 687 371 746 potest,
419 685 471 726 et
502 676 677 742 ipsum
704 670 967 738 peculiare
1011 663 1255 715 carminis
1297 678 1492 727 genUS,
1537 660 1685 712 haud

171 758 352 798 tamen
389 745 666 812 copiosum
695 758 751 791 ac
780 736 1100 798 fecundum,
1149 731 1420 797 efficeret,
1468 732 1685 796 omisso,

174 818 399 867 alterum
427 813 666 880 arripuit,
704 819 755 859 et
782 806 1115 875 pastoritium
1145 819 1362 853 carmen
1391 802 1462 860 ita
1498 802 1686 852 condi-

177 887 253 936 dit
279 895 330 936 et
352 883 636 949 descripsit,
665 888 733 929 ut
763 877 1100 928 actionem
1130 873 1422 941 aliquam
1454 889 1527 923 ex
1559 872 1688 922 ista

175 958 344 1006 vitae
389 951 814 1018 simplicitate
862 956 923 998 et
966 943 1323 1008 felicitate,
1381 959 1498 993 seu
1542 959 1685 996 rem

177 1034 446 1091 gestam,
492 1029 596 1072 aut
641 1035 803 1087 quae
850 1015 1245 1079 contingere
1294 1013 1358 1063 in
1394 1013 1519 1062 ista
1554 1013 1687 1062 vita

177 1114 211 1162 p
226 1112 256 1144 o
270 1111 326 1143 ss
340 1110 367 1142 e
380 1102 400 1141 t
413 1133 425 1156 ,
461 1107 668 1142 sacrum
691 1086 906 1155 aliquod
925 1084 1216 1149 sestumve,
1253 1081 1397 1133 forte
1420 1083 1581 1138 etiam
1603 1099 1689 1132 ca-

177 1181 295 1214 sum
323 1159 753 1222 memorabilem,
798 1166 858 1207 ut
895 1157 1036 1206 inter
1074 1154 1204 1204 tales
1243 1153 1496 1203 homines
1512 1193 1525 1217 ‚
1582 1159 1689 1202 aut

179 1234 370 1284 etiam
407 1230 657 1281 cultum
694 1236 756 1277 et
793 1226 1094 1276 colorem
1142 1225 1285 1274 eius
1330 1224 1540 1287 vitae,
1591 1220 1690 1272 sed

177 1302 354 1352 facto
406 1301 581 1367 aliquo
615 1313 942 1364 expressum,
991 1311 1100 1363 quo
1144 1295 1370 1344 istorum
1399 1292 1691 1343 hominum

177 1372 371 1434 studia,
409 1369 608 1433 officia,
643 1368 900 1431 rationes,
937 1364 1252 1415 affectiones
1272 1363 1689 1427 declararentur,

176 1458 273 1508 per
295 1455 568 1490 sermones
597 1439 820 1488 istorum
852 1436 1143 1486 hominum
1175 1435 1316 1484 inter
1338 1451 1396 1484 se
1430 1431 1691 1488 confabu-

175 1511 396 1560 lantium
438 1510 526 1558 ita
563 1507 858 1572 exhiberet,
904 1515 973 1556 ut
1009 1505 1216 1556 animi
1258 1504 1692 1555 audientium

178 1578 460 1630 iucunda
522 1595 741 1627 rerum
797 1577 1087 1642 imagine
1143 1584 1206 1626 et
1228 1606 1231 1608 >
1254 1574 1432 1626 vitae
1486 1573 1691 1624 istius

178 1658 358 1714 grata
394 1648 620 1714 specie
655 1646 790 1697 frui
824 1646 1298 1710 viderentur*).
1358 1644 1488 1711 Capi
1512 1652 1694 1698 autem

183 1727 236 1768 et
277 1717 566 1767 demulceri
595 1717 702 1766 istis
734 1716 1093 1766 delinimentis
1120 1715 1283 1765 animi
1316 1731 1430 1764 non
1448 1721 1692 1781 possunt,

181 1787 279 1838 nisi
314 1787 376 1836 ab
406 1787 639 1837 urbanae
669 1787 803 1837 vitae
847 1787 983 1837 curis
1016 1803 1075 1837 ac
1112 1785 1371 1836 molestiis
1405 1784 1605 1846 avocati
1636 1783 1692 1832 in

183 1857 314 1922 agris
354 1857 597 1924 silvisque
642 1857 780 1906 inter
809 1872 994 1922 greges
1037 1864 1090 1907 et
1124 1864 1364 1906 armenta
1401 1863 1454 1904 et
1483 1854 1693 1921 pecoris

181 1927 454 1991 magistros
477 1927 667 1976 versari
690 1926 1036 1992 videbuntur,
1059 1935 1218 1994 atque
1247 1924 1314 1975 id
1344 1924 1695 1974 curabitur

185 2012 212 2045 a
242 2005 425 2062 poeta,
473 2004 542 2045 ut
590 2013 668 2046 ne
714 1997 875 2063 quid
910 1997 1150 2047 subeat
1196 1996 1474 2059 animOS,
1512 1991 1695 2061 quod

183 2065 589 2130 molestiam,
633 2067 1059 2132 tenuitatem,
1115 2083 1183 2116 ac
1229 2064 1462 2115 sordes
1499 2063 1695 2114 istius

184 2135 354 2184 vitae
390 2136 452 2184 in
483 2152 540 2184 m
555 2136 868 2186 emoriam
903 2154 1055 2187 revo
1071 2144 1196 2201 cet,
1231 2135 1479 2202 adeoque
1498 2133 1695 2184 suavis-

185 2204 372 2253 simam
415 2204 555 2253 illam
596 2206 877 2256 oculorum
916 2205 1322 2257 fascinationem
1352 2204 1543 2265 solvat3
1592 2219 1696 2270 qua

186 2274 295 2339 ipsa
328 2273 394 2323 de
426 2290 599 2355 caussa
631 2274 831 2326 factum
868 2285 969 2342 est,
1004 2286 1065 2327 ut
1103 2276 1464 2344 pastoritia
1499 2274 1694 2341 potius,

188 2358 348 2409 quam
389 2360 608 2394 omnmo
641 2347 831 2396 rustica
859 2348 986 2411 vita,
1033 2356 1122 2397 aut
1155 2355 1424 2397 aratorum
1464 2353 1517 2394 et
1540 2358 1696 2410 ,opus

186 2413 439 2462 rusticum
467 2410 772 2465 facientium
792 2416 1027 2467 conditio
1061 2417 1117 2466 in
1147 2416 1255 2467 hoc
1284 2415 1517 2466 carmine
1550 2412 1697 2463 exhi-

185 2481 430 2546 beretur,
460 2499 580 2532 cum
607 2484 738 2534 haec
770 2486 990 2553 quidem
1012 2486 1191 2554 paullo
1223 2485 1343 2554 plus
1379 2482 1696 2535 offensionis

186 2550 432 2614 haberet,
476 2569 576 2602 nec
615 2552 767 2604 facile
813 2572 873 2606 ea
908 2556 1157 2606 laborum
1187 2556 1366 2607 taedio
1380 2596 1393 2620 ,
1442 2563 1496 2605 et
1539 2551 1697 2603 attriti

188 2621 426 2687 corporis
468 2620 839 2686 defatigatione
891 2627 1225 2694 omninoque
1265 2624 1532 2677 aerumnis
1575 2623 1697 2686 suiS,

187 2699 379 2756 poetae
399 2699 508 2739 arte
539 2700 591 2740 et
616 2692 828 2757 ingenio
859 2693 1070 2746 liberari
1101 2705 1296 2763 posset.
1370 2694 1480 2746 Sed
1507 2693 1640 2743 haec
1670 2708 1699 2740 a

233 2816 261 2862 ⁸)
286 2816 478 2871 Appellare
502 2817 588 2852 licet
607 2819 697 2853 hanc
727 2832 913 2865 argumen-
971 2822 1168 2857 bucolicum
1193 2834 1260 2868 pro
1287 2821 1457 2857 dramatis
1481 2831 1611 2867 genere
1630 2819 1698 2853 ha-

186 2870 260 2898 tum
271 2864 423 2917 *aliquod
445 2866 620 2918 tractandi
635 2866 805 2900 rationem
823 2867 916 2901 dra-
972 2869 1060 2912 beri,
1086 2876 1145 2903 aut
1161 2870 1243 2904 inde
1263 2870 1404 2904 ductum
1425 2881 1515 2911 esse,
1540 2873 1602 2901 aut
1621 2877 1700 2900 cum

187 2919 365 2952 mancam,
377 2922 539 2955 quomam
556 2912 649 2946 aliud
666 2925 802 2955 nomen,
822 2914 917 2958 quod
973 2915 1076 2949 mimo
1096 2917 1292 2961 Sophronis
1304 2943 1313 2959 ,
1337 2917 1448 2950 multo
1475 2915 1587 2948 minus
1623 2924 1698 2947 eum

187 2956 296 3002 magis
328 2958 624 2992 accommodatum
654 2959 721 3001 sit,
751 2971 822 2993 uon
849 2960 917 2993 ha-
974 2962 1086 2996 mimis
1110 2964 1362 3006 Romanorum,
1395 2959 1591 3008 comparari
1611 2966 1700 3006 pot-

189 3006 328 3045 bemus3
374 3015 438 3037 nec
469 3010 585 3039 tamen
623 3006 677 3039 vel
704 3006 753 3039 sic
781 3018 917 3040 carmen
978 3014 1042 3042 est.
