1768 3320
533 254 616 302 IN
659 251 1083 304 GEORGICA
1474 261 1577 308 269

49 380 320 434 Nicandro
346 378 549 430 debere
577 396 704 429 eum
729 378 1056 430 videbimus:
1083 377 1308 428 tandem
1334 378 1390 427 in
1409 397 1577 430 venu-

50 460 210 514 state,
242 450 598 518 proprietate,
635 449 788 516 copia
818 449 1073 499 orationis
1109 458 1162 499 et
1198 448 1473 514 dictioniS,
1521 451 1577 501 in

51 539 156 591 qua
185 521 566 572 Lucretianum
600 536 816 569 carmen
847 528 969 569 ante
1006 518 1193 569 oculos
1227 518 1442 581 habuit,
1480 520 1578 570 sed

50 590 354 642 emollitum
383 599 437 641 et
466 589 759 658 expolitum
787 589 855 640 ad
879 599 1165 657 poetarum
1189 589 1578 640 Alexandrino-

47 679 172 712 rum
200 660 548 727 elegantiam:
590 660 784 728 quibus
817 660 981 711 rebus
1018 659 1252 710 efficitur
1290 658 1574 710 delectatio

47 731 159 797 illa,
197 749 361 799 quam
388 741 549 799 poeta
579 731 678 780 sibi
707 731 910 781 habere
940 731 1106 781 debet
1133 731 1482 797 propositam.

187 804 365 870 Atque
393 801 527 852 haec
556 801 641 851 illa
669 810 819 866 sunt,
854 819 881 851 a
913 801 1106 869 quibus
1129 800 1332 866 Virgilii
1356 799 1494 863 laus,
1532 801 1576 850 si

48 890 76 922 a
114 871 314 922 iudicio
354 872 532 940 aliquo
572 870 816 938 profecta
860 872 1032 922 videri
1077 871 1273 935 debet,
1330 871 1576 937 inprimis

46 942 343 1010 repetenda
369 951 460 995 est.
529 945 624 993 Est
647 943 689 991 is
714 943 965 1009 proprius
990 942 1139 1009 quasi
1158 941 1432 1007 Virgiliani
1462 958 1576 991 car-

46 1013 206 1063 minis
229 1013 525 1077 character,
551 1022 638 1076 ut,
668 1013 710 1062 si
735 1013 1011 1078 ingenium
1033 1012 1389 1062 Homericum
1412 1012 1466 1061 in
1492 1013 1575 1061 in-

44 1083 327 1133 veniendis
350 1083 513 1134 rebus
537 1082 834 1147 desidereS,
880 1084 922 1132 si
953 1082 1334 1133 Theocriteam
1372 1081 1575 1149 simpli--

46 1154 279 1218 citatem,
305 1163 359 1204 et
379 1154 611 1203 nativam
633 1153 865 1221 aliquam
884 1162 1237 1218 venustatem,
1264 1170 1367 1220 qua
1395 1153 1573 1216 animi,

46 1224 190 1274 inani
211 1233 524 1274 nostrorum
546 1240 767 1274 morum
788 1222 916 1274 fuco
938 1223 1190 1273 nondum
1213 1223 1573 1287 contaminati,

45 1303 329 1362 tantopere
353 1295 658 1362 capiuntur,
686 1293 880 1344 frustra
908 1295 962 1343 in
990 1311 1055 1345 eo
1082 1311 1328 1361 quaeraS,
1360 1293 1574 1359 elegan-

45 1364 175 1414 tiam
206 1373 390 1415 tamen
429 1365 773 1432 cultumque,
821 1364 1169 1431 eundemque
1200 1373 1433 1428 rectum,
1471 1382 1574 1431 pu-

44 1451 191 1497 rum,
226 1435 486 1502 pudicum
513 1452 571 1484 ac
597 1435 885 1499 decorum,
923 1434 1191 1502 simulque
1222 1434 1573 1485 elaboratissi-

43 1522 201 1555 mum
241 1515 295 1555 et
331 1506 829 1573 exquisitissimum,
879 1503 1034 1555 facile
1068 1521 1333 1570 agnoscas,
1413 1507 1573 1555 Inve-

44 1575 231 1625 niendi
251 1576 474 1643 quidem
493 1575 808 1640 sollertiam,
838 1576 880 1625 si
906 1576 1067 1625 animi
1090 1592 1243 1626 sensa
1265 1575 1433 1625 libere
1459 1575 1572 1625 elo-

45 1646 139 1714 qui
166 1643 245 1695 fas
273 1655 374 1711 est,
411 1663 524 1696 non
548 1647 814 1696 maiorem
831 1647 886 1696 in
918 1646 1190 1711 Georgicis
1218 1663 1381 1714 quam
1405 1646 1460 1695 in
1483 1663 1572 1696 re-

42 1715 201 1783 liquis
226 1717 339 1767 eius
365 1717 687 1767 carminibus
714 1716 1190 1784 deprehendimus,
1239 1716 1572 1767 Adumbrata

43 1785 162 1836 fere
190 1788 397 1852 omnia,
445 1787 732 1854 depromta
766 1797 820 1837 et
849 1786 1060 1851 hausta,
1105 1787 1336 1854 plurima
1360 1785 1476 1837 sere
1504 1786 1571 1836 ad

42 1856 274 1907 verbum
316 1874 571 1908 conversa
614 1866 739 1907 sunt
774 1867 827 1908 et
862 1867 1182 1908 transsumta
1221 1875 1281 1907 ex
1317 1857 1427 1907 aliis
1461 1858 1571 1907 sive

45 1927 260 1977 Graecis
302 1928 411 1979 sive
443 1929 703 1980 Romanis
746 1929 921 1995 poetis
966 1945 1024 1978 ac
1063 1928 1426 1995 scriptoribus.
1499 1931 1572 1979 Ut

45 1997 191 2048 enim
225 1998 331 2048 suis
358 1998 490 2048 locis
516 1998 869 2048 indicabimus
885 2040 898 2063 ‚
942 1998 1202 2049 nonnulla
1228 2015 1289 2048 ex
1311 1998 1569 2059 HesiodO,

41 2067 210 2118 multa
241 2085 303 2118 ex
327 2069 612 2132 Lucreti03
661 2068 845 2119 locum
882 2068 951 2118 de
991 2079 1143 2136 peste
1183 2086 1245 2119 ex
1282 2068 1483 2119 eodem
1518 2078 1571 2118 et

44 2137 391 2203 Thucydide3
440 2139 560 2203 alia,
607 2140 851 2206 inprimis
886 2138 1187 2189 doctrinam
1217 2138 1286 2189 de
1312 2139 1570 2189 arborum

44 2207 212 2272 culm,
261 2225 324 2258 ex
364 2208 771 2276 Theophrasto,
829 2209 1130 2259 doctrinam
1175 2209 1243 2259 de
1287 2209 1475 2276 apibus
1510 2227 1571 2260 ex

40 2278 355 2342 Aristotele,
384 2278 569 2329 locum
594 2279 662 2330 de
685 2279 1048 2346 serpentibuS,
1083 2280 1327 2347 inprimis
1351 2279 1420 2330 de
1442 2279 1569 2330 che-

42 2347 198 2412 lydro
223 2354 296 2413 *),
337 2365 399 2399 ex
418 2349 672 2401 Nicandri
702 2349 998 2413 Theriacis,
1035 2349 1220 2400 locum
1241 2350 1310 2400 de
1328 2366 1568 2418 progno—

42 2419 182 2468 sticis
225 2427 404 2468 totum
442 2436 504 2470 ex
541 2420 686 2471 Arati
719 2421 1021 2470 Diosemeis
1044 2425 1157 2486 **),
1204 2420 1466 2471 nonnulla
1508 2437 1570 2470 ex

40 2488 430 2555 Xenophontis.
445 2491 819 2540 Oeconomico
832 2531 844 2554 ,
876 2507 1127 2556 magnam
1151 2500 1570 2558 praeceptorum

40 2567 274 2624 partem,
316 2560 561 2626 inprimis
588 2560 658 2610 de
685 2560 961 2627 pecudum
990 2578 1138 2625 cura,
1187 2579 1248 2611 ex
1276 2564 1482 2613 Catone
1515 2570 1569 2610 et

41 2630 284 2679 Varrone
313 2630 591 2682 transtulit.
666 2631 829 2682 Cuius
857 2632 937 2681 rei
974 2640 1175 2698 quanto
1203 2629 1568 2681 manifestiora

42 2696 274 2759 habituri
299 2716 536 2751 essemus
559 2700 778 2765 indicia,
810 2717 851 2750 si
876 2702 1204 2770 antiquiores
1228 2711 1472 2752 auctores
1498 2701 1566 2750 de

41 2768 123 2818 Re
151 2769 365 2819 Rustica
392 2779 445 2820 et
466 2771 682 2836 singulis
708 2772 820 2821 eius
842 2771 1081 2839 partibus
1101 2776 1242 2838 ***),
1277 2772 1566 2840 praecipue

89 2894 116 2937 ⁸)
142 2895 207 2927 Ge.
224 2896 283 2936 111,
301 2893 371 2932 432
389 2910 465 2943 sqq.
880 2901 939 2945 ”')
964 2899 1078 2934 Multa
1094 2911 1215 2934 eorum
1232 2906 1270 2934 et
1284 2911 1409 2944 magna
1426 2898 1566 2931 nomina

89 2941 132 2984 ⁸⁸)
158 2941 258 2975 Conf.
276 2943 434 2978 Macrob.
452 2947 499 2988 V,
513 2947 547 2981 2⁵
834 2960 854 2982 a
871 2949 1046 2990 Varrone,
1071 2947 1275 2990 Columella,
1300 2953 1338 2980 et
1355 2946 1468 2980 Plinio
1486 2957 1565 2978 me-
