1768 3320
338 220 844 276 &EORGICON
893 223 1036 274 Lm.
1071 223 1114 287 1,
1149 227 1378 279 21-28

1508 232 1611 280 287

18 336 33 342 ,
89 355 490 419 Terrarumque
507 350 637 402 velis
662 366 872 414 curam,
910 358 965 400 et
980 358 1037 400 te
1054 365 1337 400 maxumus
1362 351 1508 402 orbis

85 426 380 474 Auctorem
401 419 621 487 frugum
641 428 1140 488 tempestatumque
1160 428 1446 487 potentem

86 492 355 561 Adcipiat,
388 492 611 558 cingens
629 499 875 542 materna
892 499 1146 559 tempora
1166 497 1374 556 myrto;

132 621 182 660 26
204 628 243 656 te
259 629 299 655 et
315 634 363 656 m.
381 621 524 667 Menag.
542 633 598 667 pr.

78 680 142 715 pr.
189 669 413 715 (Auctorem,
426 667 484 715 sr.
502 677 529 703 t.
541 676 741 716 potentem,
758 668 852 702 Adc.
870 666 1092 721 inter-pungit
1109 669 1181 701 Wa
1209 668 1255 701 ef.
1280 665 1381 711 Wr.)

692 621 740 657 27
754 618 916 668 frugum
932 619 1030 654 caeli
1046 627 1173 655 terrae
1197 632 1243 654 ue
1253 632 1294 667 p.
1312 617 1422 654 Goth.
1442 629 1513 653 sec.
1531 630 1551 652 a
1568 630 1614 652 m.

1473 666 1522 702 28
1538 667 1615 699 Ac-

85 716 198 764 cipiet
212 716 319 752 Voss.
365 715 500 750 Durum
526 723 620 749 esset
643 715 790 761 iungere
813 715 1010 762 Adciptat:
1043 715 1199 760 cingens
1217 734 1263 740 —
1289 721 1411 760 myrto
1435 715 1498 748 An
1524 713 1618 746 deus

85 764 235 804 vente-53
267 762 336 797 etsi
357 761 410 797 tic
429 763 476 796 ad
502 762 607 797 maris
637 762 824 809 imperium
845 768 983 807 myrtea
1009 772 1142 795 corona
1161 768 1329 808 respectu
1347 759 1499 795 Veneris
1523 759 1616 793 bene

84 809 291 846 referretur.
335 809 467 845 Lenius
485 809 651 856 procedit
667 809 803 853 oratio,
826 809 859 843 si
874 808 1051 844 iunxeris:
1085 811 1222 843 &esar
1240 810 1275 855 (e
1292 821 1345 843 vs.
1362 807 1425 853 25)
1450 809 1615 854 cingens.

85 916 333 956 cumceteris
348 916 458 970 iungi
470 922 654 970 possunt.
674 916 821 956 Omni-

84 975 162 1015 hm
178 981 318 1014 tamen
332 975 512 1026 tentatis,
541 975 656 1015 nulla
669 981 732 1014 est
748 989 823 1014 ra·-

84 1034 143 1073 tio
160 1033 314 1085 tutior,
344 1047 468 1086 quem
494 1040 544 1073 ut
564 1035 732 1073 invisere
750 1047 822 1072 ur·-

85 1091 153 1131 bes
178 1091 346 1146 proprie
376 1091 533 1131 dictum
565 1091 822 1145 accipiamus,

83 1156 257 1203 tumque
282 1150 327 1190 in
355 1150 483 1190 altero
515 1150 698 1190 manbre
723 1149 823 1189 sub—

85 1208 301 1248 stituamus
321 1218 373 1248 ex
398 1221 490 1249 wc.
509 1210 679 1248 mvi-sere
699 1221 823 1261 gene-

86 1266 215 1306 ralem
232 1266 463 1317 notionem,
491 1262 665 1318 habere,
695 1267 823 1307 susci-

85 1331 204 1378 pere,
243 1333 439 1364 ter-mmm
460 1339 616 1365 cmm.
675 1325 733 1364 De
749 1325 824 1364 tali

84 1383 204 1423 verbi
260 1383 269 1391 “
322 1382 415 1422 dem
447 1383 641 1423 iunctura
671 1383 824 1437 duplici

85 1441 173 1481 vid.
197 1441 231 1480 B
365 1454 413 1481 ac
429 1442 561 1481 Bentl.
589 1442 643 1481 ad
669 1442 819 1482 Horat.

82 1500 220 1539 Carm.
242 1499 272 1550 Ι,
293 1502 333 1550 1,
350 1503 390 1543 7.
447 1500 615 1553 Proprie
634 1500 697 1539 dii
712 1501 823 1539 imo·—

87 1572 171 1596 sere
209 1557 407 1597 dicuntur
438 1564 569 1597 terras
607 1564 650 1597 et
686 1559 822 1609 urbes,

84 1629 189 1668 quas
206 1621 280 1655 aut
298 1617 514 1670 praecipue
533 1623 672 1656 amant
692 1623 733 1655 et
750 1630 823 1656 co—

87 1675 191 1724 lunt,
222 1680 296 1713 aut
311 1674 358 1713 in
376 1675 523 1728 quibus
539 1674 730 1714 instituta
747 1675 823 1714 sibi

88 1732 283 1772 sollennia
298 1746 417 1772 sacra
440 1733 717 1786 &equentant
764 1734 823 1772 De

87 1789 152 1830 his
196 1790 431 1845 ἐκδημίαις
473 1797 516 1831 et
565 1791 827 1844 ἐπιφανείαις

89 1849 260 1888 deorum
281 1849 364 1902 agit
372 1848 589 1904 Spanhem.
607 1850 825 1890 adeallim.

85 1907 131 1946 in
162 1906 294 1961 Apoll.
320 1921 363 1947 v.
394 1911 460 1950 13.
527 1907 619 1947 Hoc
635 1909 726 1947 loco
754 1914 825 1948 ta·-

88 1979 183 2004 men
208 1967 377 2005 invisere
401 1979 485 2005 esse
505 1966 672 2006 videtur
693 1967 824 2020 inspi-

87 2036 181 2062 oere
202 2053 214 2074 ,
260 2023 445 2081 ἕφορᾷν,·
485 2036 582 2064 nam
609 2025 823 2065 subiicitur

90 2095 188 2120 ewa
208 2112 220 2132 ‚
262 2083 427 2122 curatio
444 2112 456 2133 ,
504 2083 822 2134 administrati03

89 2139 273 2192 adeoque
311 2146 374 2179 est
410 2153 570 2194 regere,
606 2142 824 2181 moderari.

90 2197 253 2238 Scilicet
286 2204 408 2251 poeta
443 2213 610 2252 pergere
644 2200 823 2249 volebat,

91 2255 254 2294 athesae
278 2258 449 2295 invioere
476 2265 515 2295 et
531 2265 655 2296 tenus
670 2271 824 2298 euram.

87 2312 172 2353 hoc
186 2313 431 2354 invertendo
448 2316 647 2367 mutavit,
676 2317 826 2355 velisne

87 2385 232 2410 eta-am
249 2380 454 2413 ter-rmum.
477 2374 548 2413 Est
564 2380 700 2414 autem
710 2375 824 2424 velle,

86 2429 218 2468 etiam
237 2460 249 2480 ,
286 2431 490 2483 praeferre
507 2462 519 2483 ,
557 2433 643 2472 fere
660 2439 711 2472 ut
735 2432 826 2472 Ho-

89 2501 203 2527 mero
230 2486 457 2542 βούλεσθαι
476 2503 486 2513 ·
524 2487 705 2544 βούλομ’
747 2488 826 2545 ἐγώ

91 2543 193 2588 λαόν
211 2543 313 2589 σόον
342 2547 535 2601 ἔμμεναι,
572 2563 650 2602 pro
672 2545 825 2602 βούλο-

92 2619 166 2658 μαι
182 2606 355 2656 μᾶλλον,
386 2607 585 2658 praefero.
622 2608 730 2646 Bene
749 2621 826 2647 au·-

91 2667 176 2700 tem
193 2662 339 2701 Caesar
355 2663 465 2703 inter
485 2665 582 2704 deos
601 2666 766 2705 urbium
784 2671 827 2704 et

91 2725 296 2758 terrarum
306 2722 501 2761 tutelares
517 2724 660 2763 referri
672 2724 827 2777 potuit:

91 2776 155 2815 uti
172 2776 230 2815 dii
251 2785 349 2817 sunt
365 2784 590 2834 πολιοῦχοι.
637 2781 827 2821 Notanda

90 2847 191 2873 vero
208 2835 323 2887 eopia
339 2839 546 2889 orationis,
572 2853 665 2891 qua,
689 2840 827 2893 splen-

92 2891 193 2930 dore
222 2906 315 2931 cum
352 2907 530 2947 summo,
574 2897 683 2937 idem
706 2898 828 2937 toties

91 2949 233 2988 effert:
263 2952 412 2990 velisne
430 2954 530 2993 deu-s·
551 2969 645 2996 esse.
706 2956 827 2995 Gete-

90 3021 185 3047 rum
216 3008 321 3047 conf.
349 3009 497 3050 Lumn.
522 3012 555 3062 Ι,
585 3012 643 3057 45
669 3027 754 3066 sqq.
785 3020 828 3053 et

878 916 981 954 Stat.
1002 914 1128 955 Theb.
1146 915 1177 965 1,
1193 913 1251 957 24
1267 928 1326 967 sq.
1374 917 1445 957 26.
1463 928 1616 952 maa-w-

878 987 969 1012 mus
1006 973 1111 1012 orbis
1130 1002 1143 1024 ,
1194 986 1270 1013 seu
1304 973 1463 1012 melum
1481 1002 1492 1022 ,
1530 984 1615 1022 seu,

878 1030 991 1084 quod
1013 1031 1151 1070 verim
1172 1045 1286 1071 nune
1312 1044 1395 1070 esse
1422 1030 1616 1080 arbita-or,

877 1089 990 1130 orbis
1002 1095 1222 1130 terrarum.
1242 1088 1318 1145 (ita
1332 1089 1476 1129 iubent
1494 1101 1617 1142 prae-

878 1161 1016 1201 gressa
1050 1156 1247 1188 ten-amm
1286 1163 1443 1187 ewam.
1492 1148 1565 1187 W
1557 1144 1615 1201 r.)

879 1208 1087 1245 max-inum
1136 1220 1214 1260 pro
1271 1220 1441 1260 magnus
1460 1236 1471 1256 ‚
1530 1204 1616 1244 vid.

879 1264 1018 1304 Burm.
1039 1264 1093 1304 ad
1109 1278 1150 1304 v.
1175 1267 1270 1308 187.
1295 1266 1506 1317 adcipiat.-
1537 1262 1618 1302 ha·-

880 1323 978 1362 beat
1024 1331 1231 1362 auctorem
1250 1353 1262 1374 ‚
1313 1323 1617 1362 moderatorem

878 1387 1107 1435 proventus
1129 1395 1319 1434 agrorum
1337 1388 1379 1420 et
1392 1386 1618 1434 tempesta-

880 1445 971 1478 tum
982 1469 994 1490 ,
1019 1439 1207 1492 adeoque
1224 1440 1399 1479 tutelam
1418 1439 1617 1492 agrioola-

878 1497 1023 1548 tioni85
1052 1506 1197 1537 auctor
1221 1505 1264 1538 et
1279 1507 1427 1550 potens
1443 1497 1499 1536 ad
1517 1510 1617 1536 enn-

881 1555 974 1595 dem
1011 1556 1220 1596 notionem
1259 1562 1469 1610 spectant;
1520 1569 1617 1595 nam

880 1614 952 1666 qui
976 1614 1151 1667 largitur
1168 1645 1180 1665 ,
1217 1615 1251 1654 is
1273 1613 1401 1654 habet
1422 1615 1468 1653 in
1494 1621 1617 1668 pote-

880 1678 1008 1723 state;
1047 1672 1235 1712 Manilius
1259 1673 1298 1723 1,
1333 1676 1418 1716 393
1449 1686 1500 1712 ex
1527 1672 1570 1712 h.
1588 1673 1616 1712 l.

883 1730 1037 1770 Caesen-
1057 1745 1167 1770 nune
1192 1734 1330 1782 ten-129,
1370 1740 1468 1784 post
1501 1732 1616 1770 eaelo

883 1791 1092 1828 maximus·
1108 1798 1264 1840 auctor,
1296 1796 1501 1843 regnator.
1531 1790 1617 1829 lam

882 1847 1058 1886 debebat
1089 1848 1225 1900 sequi,
1265 1856 1303 1887 te
1325 1851 1504 1887 cinctum
1521 1862 1618 1886 πια-

879 1914 992 1945 tema
1011 1914 1193 1959 tempora
1210 1914 1337 1959 myrto
1345 1922 1362 1955 ;
1382 1919 1494 1946 nune
1508 1906 1618 1945 idem

880 1964 985 2003 orbis
1002 1966 1170 2017 ctlngens
1195 1972 1380 2017 tempora
1396 1973 1524 2018 myrto
1551 1964 1618 2004 di-

880 2028 984 2072 ctus,
1003 2023 1157 2062 scilicet
1173 2036 1326 2062 corona
1346 2030 1505 2077 myrtea
1523 2030 1617 2063 orto

881 2095 906 2119 a
917 2082 1074 2121 Venere
1090 2081 1289 2134 Angusto,
1306 2095 1416 2121 novo
1437 2082 1617 2132 deo,im-

882 2139 1028 2193 posita.
1067 2139 1327 2192 Magnificum
1352 2139 1616 2193 phantasma!

880 2198 965 2236 Fac
997 2204 1039 2236 te
1077 2198 1220 2237 videre
1271 2198 1424 2238 Orbem
1467 2199 1618 2238 Tema-

878 2269 976 2295 rum
1021 2255 1204 2309 Augusto
1249 2257 1377 2296 stanti
1424 2270 1619 2297 coronam

879 2320 1082 2368 myrteam
1098 2315 1395 2368 imponentem3
1434 2323 1508 2355 aut
1528 2315 1618 2355 An-

881 2378 1046 2426 gustum
1073 2373 1118 2412 in
1142 2373 1276 2413 medio
1301 2373 1412 2413 inter
1441 2374 1619 2427 Cybelen

880 2437 924 2470 et
933 2431 1169 2484 Neptunum
1179 2438 1358 2471 stantem
1375 2439 1417 2471 et
1434 2433 1484 2471 ab
1501 2439 1620 2472 utro-

878 2502 961 2542 ane
993 2503 1147 2530 corona
1171 2497 1334 2544 myrtea
1356 2492 1619 2530 coronatum!

881 2550 952 2590 27.
989 2556 1294 2600 tempestatum,
1331 2563 1418 2588 non
1447 2549 1498 2588 de
1515 2563 1619 2602 pro-

882 2605 993 2644 cellis
1022 2606 1325 2660 accipiendum,
1355 2607 1427 2646 sed
1452 2608 1503 2647 de
1521 2608 1620 2647 caeli

882 2664 1066 2716 aerisque
1109 2665 1407 2705 mutationibus
1448 2673 1490 2705 et
1524 2666 1620 2704 anni

881 2722 1153 2776 temporibus,
1193 2724 1289 2777 quia
1314 2737 1409 2763 cum
1435 2724 1620 2777 frugibus

879 2780 950 2820 illa
986 2781 1098 2834 iungi
1131 2796 1221 2822 mos
1257 2788 1332 2821 est.
1368 2790 1621 2834 tempestates

882 2852 962 2891 pro
979 2841 1232 2893 temporibus
1259 2842 1346 2880 sive
1366 2841 1503 2889 statis,
1534 2839 1619 2878 sive

885 2897 1194 2951 quibuscunque
1237 2899 1324 2939 aliis
1347 2898 1415 2937 vel
1443 2896 1620 2936 Lucretii

885 2956 1070 3009 exemplo
1089 2957 1191 2996 bene
1220 2957 1439 3005 dicuntur,
1468 2954 1541 2993 ubi
1566 2953 1620 2991 ad

886 3015 982 3052 anni
1010 3015 1188 3068 caelique
1221 3013 1457 3067 temperiem
1493 3011 1618 3051 aeris-
