<?xml version="1.0" encoding="UTF-8"?>
<!DOCTYPE html PUBLIC "-//W3C//DTD XHTML 1.0 Transitional//EN"
    "http://www.w3.org/TR/xhtml1/DTD/xhtml1-transitional.dtd">
<html xmlns="http://www.w3.org/1999/xhtml" xml:lang="en" lang="en">
 <head>
  <title>
</title>
<meta http-equiv="Content-Type" content="text/html;charset=utf-8" />
  <meta name='ocr-system' content='tesseract 3.04.00' />
  <meta name='ocr-capabilities' content='ocr_page ocr_carea ocr_par ocr_line ocrx_word'/>
</head>
<body>
  <div class='ocr_page' id='page_1' title='image "./publiusvirgilius01virguoft_0814.png"; bbox 0 0 1734 3320; ppageno 0'>
   <div class='ocr_carea' id='block_1_1' title="bbox 170 262 1378 320">
    <p class='ocr_par' dir='ltr' id='par_1_1' title="bbox 170 262 1378 320">
     <span class='ocr_line' id='line_1_1' title="bbox 170 262 1378 320; baseline -0.006 0"><span class='ocrx_word' id='word_1_1' title='bbox 170 271 272 320; x_wconf 84' lang='lat'><strong>644</strong></span> <span class='ocrx_word' id='word_1_2' title='bbox 501 267 557 317; x_wconf 93' lang='lat' dir='ltr'><strong>P.</strong></span> <span class='ocrx_word' id='word_1_3' title='bbox 599 264 964 316; x_wconf 87' lang='lat' dir='ltr'>VIRGILII</span> <span class='ocrx_word' id='word_1_4' title='bbox 1001 262 1378 314; x_wconf 89' lang='lat' dir='ltr'><strong>MARONIS</strong></span> 
     </span>
    </p>
   </div>
   <div class='ocr_carea' id='block_1_2' title="bbox 171 390 1701 526">
    <p class='ocr_par' dir='ltr' id='par_1_2' title="bbox 171 390 1701 526">
     <span class='ocr_line' id='line_1_2' title="bbox 171 390 1701 461; baseline -0.003 -17"><span class='ocrx_word' id='word_1_5' title='bbox 171 398 401 461; x_wconf 83' lang='lat' dir='ltr'><strong>Quaque</strong></span> <span class='ocrx_word' id='word_1_6' title='bbox 424 392 762 460; x_wconf 78' lang='lat' dir='ltr'><strong>pharetratae</strong></span> <span class='ocrx_word' id='word_1_7' title='bbox 783 391 973 441; x_wconf 86' lang='lat' dir='ltr'><strong>vicinia</strong></span> <span class='ocrx_word' id='word_1_8' title='bbox 992 390 1224 441; x_wconf 83' lang='lat' dir='ltr'><strong>Persidis</strong></span> <span class='ocrx_word' id='word_1_9' title='bbox 1244 397 1456 455; x_wconf 83' lang='lat' dir='ltr'><strong>urguet,</strong></span> <span class='ocrx_word' id='word_1_10' title='bbox 1598 393 1701 442; x_wconf 86' lang='grc'>290</span> 
     </span>
     <span class='ocr_line' id='line_1_3' title="bbox 172 459 1507 526; baseline -0.004 -11"><span class='ocrx_word' id='word_1_11' title='bbox 172 465 366 516; x_wconf 88' lang='lat' dir='ltr'><strong>Omnis</strong></span> <span class='ocrx_word' id='word_1_12' title='bbox 389 463 445 513; x_wconf 87' lang='lat' dir='ltr'><strong>in</strong></span> <span class='ocrx_word' id='word_1_13' title='bbox 467 462 566 513; x_wconf 88' lang='lat' dir='ltr'><strong>hac</strong></span> <span class='ocrx_word' id='word_1_14' title='bbox 590 471 791 513; x_wconf 86' lang='lat' dir='ltr'><strong>certam</strong></span> <span class='ocrx_word' id='word_1_15' title='bbox 812 461 961 526; x_wconf 85' lang='lat' dir='ltr'><strong>regio</strong></span> <span class='ocrx_word' id='word_1_16' title='bbox 988 461 1109 511; x_wconf 87' lang='lat' dir='ltr'><strong>iacit</strong></span> <span class='ocrx_word' id='word_1_17' title='bbox 1132 470 1243 511; x_wconf 82' lang='lat' dir='ltr'><strong>arte</strong></span> <span class='ocrx_word' id='word_1_18' title='bbox 1266 459 1507 511; x_wconf 83' lang='lat' dir='ltr'><strong>salutem.</strong></span> 
     </span>
    </p>
   </div>
   <div class='ocr_carea' id='block_1_3' title="bbox 239 556 1700 826">
    <p class='ocr_par' dir='ltr' id='par_1_3' title="bbox 240 556 1700 688">
     <span class='ocr_line' id='line_1_4' title="bbox 240 556 1700 611; baseline -0.007 0"><span class='ocrx_word' id='word_1_19' title='bbox 240 565 357 611; x_wconf 94' lang='grc'>291.</span> <span class='ocrx_word' id='word_1_20' title='bbox 394 560 513 608; x_wconf 82' lang='grc' dir='ltr'><strong>*ΕΤ</strong></span> <span class='ocrx_word' id='word_1_21' title='bbox 571 571 799 608; x_wconf 81' lang='lat' dir='ltr'><strong>VIRIDEM</strong></span> <span class='ocrx_word' id='word_1_22' title='bbox 849 556 1151 604; x_wconf 83' lang='lat' dir='ltr'><strong>AEGYPTUM</strong></span> <span class='ocrx_word' id='word_1_23' title='bbox 1201 567 1371 604; x_wconf 79' lang='lat' dir='ltr'><strong>NIGRA</strong></span> <span class='ocrx_word' id='word_1_24' title='bbox 1421 565 1700 602; x_wconf 81' lang='lat' dir='ltr'><strong>FECUNDAT</strong></span> 
     </span>
     <span class='ocr_line' id='line_1_5' title="bbox 747 630 1198 688; baseline 0 -15"><span class='ocrx_word' id='word_1_25' title='bbox 747 630 991 688; x_wconf 79' lang='lat' dir='ltr'><strong>ARENA,*</strong></span> <span class='ocrx_word' id='word_1_26' title='bbox 1196 682 1198 685; x_wconf 17' lang='lat' dir='ltr'>v</span> 
     </span>
    </p>

    <p class='ocr_par' dir='ltr' id='par_1_4' title="bbox 239 694 1700 750">
     <span class='ocr_line' id='line_1_6' title="bbox 239 694 1700 750; baseline -0.006 0"><span class='ocrx_word' id='word_1_27' title='bbox 239 704 355 750; x_wconf 89' lang='grc'>292.</span> <span class='ocrx_word' id='word_1_28' title='bbox 393 699 501 746; x_wconf 82' lang='grc' dir='ltr'><strong>*ΕΤ</strong></span> <span class='ocrx_word' id='word_1_29' title='bbox 524 709 755 747; x_wconf 84' lang='lat' dir='ltr'><strong>DIVERSA</strong></span> <span class='ocrx_word' id='word_1_30' title='bbox 772 710 942 744; x_wconf 76' lang='lat' dir='ltr'><strong>RUENs</strong></span> <span class='ocrx_word' id='word_1_31' title='bbox 967 710 1170 744; x_wconf 77' lang='lat' dir='ltr'>SEPTEM</span> <span class='ocrx_word' id='word_1_32' title='bbox 1191 709 1477 744; x_wconf 76' lang='lat' dir='ltr'><strong>msctmnrr</strong></span> <span class='ocrx_word' id='word_1_33' title='bbox 1492 709 1547 742; x_wconf 80' lang='lat' dir='ltr'><strong>[N</strong></span> <span class='ocrx_word' id='word_1_34' title='bbox 1563 694 1700 741; x_wconf 80' lang='lat' dir='ltr'><strong>oRA*</strong></span> 
     </span>
    </p>

    <p class='ocr_par' dir='ltr' id='par_1_5' title="bbox 239 766 1636 826">
     <span class='ocr_line' id='line_1_7' title="bbox 239 766 1636 826; baseline -0.007 -4"><span class='ocrx_word' id='word_1_35' title='bbox 239 775 355 821; x_wconf 83' lang='grc'>293.</span> <span class='ocrx_word' id='word_1_36' title='bbox 393 770 578 826; x_wconf 84' lang='lat' dir='ltr'><strong>USQUE</strong></span> <span class='ocrx_word' id='word_1_37' title='bbox 604 780 904 815; x_wconf 85' lang='lat' dir='ltr'><strong>COLORATIS</strong></span> <span class='ocrx_word' id='word_1_38' title='bbox 922 780 1087 816; x_wconf 84' lang='lat' dir='ltr'><strong>AMNIS</strong></span> <span class='ocrx_word' id='word_1_39' title='bbox 1112 779 1353 816; x_wconf 75' lang='lat' dir='ltr'><strong>nEvExus</strong></span> <span class='ocrx_word' id='word_1_40' title='bbox 1371 779 1441 814; x_wconf 85' lang='lat' dir='ltr'><strong>AB</strong></span> <span class='ocrx_word' id='word_1_41' title='bbox 1463 766 1636 824; x_wconf 75' lang='lat' dir='ltr'><strong>IND1s3</strong></span> 
     </span>
    </p>
   </div>
   <div class='ocr_carea' id='block_1_4' title="bbox 159 904 1734 2891">
    <p class='ocr_par' dir='ltr' id='par_1_6' title="bbox 159 904 1734 2891">
     <span class='ocr_line' id='line_1_8' title="bbox 214 904 1699 953; baseline -0.005 -9"><span class='ocrx_word' id='word_1_42' title='bbox 214 913 289 947; x_wconf 79' lang='grc'>290</span> <span class='ocrx_word' id='word_1_43' title='bbox 313 910 480 943; x_wconf 77' lang='lat' dir='ltr'><strong>Presidis</strong></span> <span class='ocrx_word' id='word_1_44' title='bbox 504 908 613 942; x_wconf 86' lang='lat' dir='ltr'><strong>Goth.</strong></span> <span class='ocrx_word' id='word_1_45' title='bbox 647 920 702 953; x_wconf 88' lang='lat' dir='ltr'><strong>pr.</strong></span> <span class='ocrx_word' id='word_1_46' title='bbox 754 909 878 943; x_wconf 72' lang='lat' dir='ltr'><strong>vicina</strong></span> <span class='ocrx_word' id='word_1_47' title='bbox 905 907 1136 952; x_wconf 74' lang='lat' dir='ltr'><strong>Pathyridos</strong></span> <span class='ocrx_word' id='word_1_48' title='bbox 1162 906 1289 941; x_wconf 84' lang='lat' dir='ltr'><strong>Clerici</strong></span> <span class='ocrx_word' id='word_1_49' title='bbox 1317 905 1541 947; x_wconf 85' lang='lat' dir='ltr'><strong>coniectura,</strong></span> <span class='ocrx_word' id='word_1_50' title='bbox 1571 916 1592 937; x_wconf 86' lang='lat' dir='ltr'><strong>a</strong></span> <span class='ocrx_word' id='word_1_51' title='bbox 1606 904 1699 936; x_wconf 88' lang='lat' dir='ltr'><strong>Bur-</strong></span> 
     </span>
     <span class='ocr_line' id='line_1_9' title="bbox 168 951 1698 1000; baseline -0.006 -8"><span class='ocrx_word' id='word_1_52' title='bbox 168 970 295 992; x_wconf 90' lang='lat' dir='ltr'><strong>manno</strong></span> <span class='ocrx_word' id='word_1_53' title='bbox 327 957 412 991; x_wconf 86' lang='lat' dir='ltr'><strong>satis</strong></span> <span class='ocrx_word' id='word_1_54' title='bbox 438 957 566 990; x_wconf 82' lang='lat' dir='ltr'><strong>acerbe</strong></span> <span class='ocrx_word' id='word_1_55' title='bbox 595 955 752 1000; x_wconf 88' lang='lat' dir='ltr'><strong>explosa.</strong></span> <span class='ocrx_word' id='word_1_56' title='bbox 801 955 944 990; x_wconf 85' lang='lat' dir='ltr'><strong>Possint</strong></span> <span class='ocrx_word' id='word_1_57' title='bbox 974 954 1078 988; x_wconf 92' lang='lat' dir='ltr'><strong>huius</strong></span> <span class='ocrx_word' id='word_1_58' title='bbox 1106 955 1246 999; x_wconf 85' lang='lat' dir='ltr'><strong>generis</strong></span> <span class='ocrx_word' id='word_1_59' title='bbox 1274 953 1378 1000; x_wconf 86' lang='lat' dir='ltr'><strong>plura</strong></span> <span class='ocrx_word' id='word_1_60' title='bbox 1407 951 1617 992; x_wconf 86' lang='lat' dir='ltr'><strong>coniectari;</strong></span> <span class='ocrx_word' id='word_1_61' title='bbox 1649 957 1698 993; x_wconf 87' lang='lat' dir='ltr'><strong>ut,</strong></span> 
     </span>
     <span class='ocr_line' id='line_1_10' title="bbox 167 999 1698 1051; baseline -0.005 -12"><span class='ocrx_word' id='word_1_62' title='bbox 167 1008 291 1040; x_wconf 75' lang='lat' dir='ltr'><strong>vicina</strong></span> <span class='ocrx_word' id='word_1_63' title='bbox 309 1004 559 1051; x_wconf 81' lang='lat' dir='ltr'><strong>PapremidiS,</strong></span> <span class='ocrx_word' id='word_1_64' title='bbox 584 1003 642 1037; x_wconf 87' lang='lat' dir='ltr'><strong>vel</strong></span> <span class='ocrx_word' id='word_1_65' title='bbox 662 1004 892 1050; x_wconf 70' lang='lat' dir='ltr'><strong>Pro-sapidis.</strong></span> <span class='ocrx_word' id='word_1_66' title='bbox 942 1002 1013 1037; x_wconf 87' lang='lat' dir='ltr'><strong>Sed</strong></span> <span class='ocrx_word' id='word_1_67' title='bbox 1030 1002 1102 1035; x_wconf 87' lang='lat' dir='ltr'><strong>vid.</strong></span> <span class='ocrx_word' id='word_1_68' title='bbox 1120 1003 1207 1035; x_wconf 86' lang='lat' dir='ltr'><strong>Not.</strong></span> <span class='ocrx_word' id='word_1_69' title='bbox 1255 1001 1335 1035; x_wconf 86' lang='lat' dir='ltr'><strong>Nisi</strong></span> <span class='ocrx_word' id='word_1_70' title='bbox 1351 1001 1525 1035; x_wconf 83' lang='lat' dir='ltr'><strong>vicinium</strong></span> <span class='ocrx_word' id='word_1_71' title='bbox 1542 999 1698 1032; x_wconf 87' lang='lat' dir='ltr'><strong>habere-</strong></span> 
     </span>
     <span class='ocr_line' id='line_1_11' title="bbox 167 1045 1700 1095; baseline -0.005 -9"><span class='ocrx_word' id='word_1_72' title='bbox 167 1060 247 1094; x_wconf 92' lang='lat' dir='ltr'><strong>tur,</strong></span> <span class='ocrx_word' id='word_1_73' title='bbox 273 1052 400 1086; x_wconf 83' lang='lat' dir='ltr'><strong>liceret</strong></span> <span class='ocrx_word' id='word_1_74' title='bbox 426 1051 591 1095; x_wconf 84' lang='lat' dir='ltr'><strong>confinia</strong></span> <span class='ocrx_word' id='word_1_75' title='bbox 617 1050 830 1084; x_wconf 87' lang='lat' dir='ltr'><strong>coniectare.</strong></span> <span class='ocrx_word' id='word_1_76' title='bbox 881 1052 958 1084; x_wconf 86' lang='lat' dir='ltr'><strong>Hoc</strong></span> <span class='ocrx_word' id='word_1_77' title='bbox 976 1049 1090 1093; x_wconf 86' lang='lat' dir='ltr'><strong>ipsum</strong></span> <span class='ocrx_word' id='word_1_78' title='bbox 1118 1061 1208 1083; x_wconf 90' lang='lat' dir='ltr'><strong>nunc</strong></span> <span class='ocrx_word' id='word_1_79' title='bbox 1230 1048 1335 1082; x_wconf 89' lang='lat' dir='ltr'><strong>video</strong></span> <span class='ocrx_word' id='word_1_80' title='bbox 1357 1046 1553 1082; x_wconf 86' lang='lat' dir='ltr'><strong>Bentleium</strong></span> <span class='ocrx_word' id='word_1_81' title='bbox 1574 1045 1700 1080; x_wconf 77' lang='lat' dir='ltr'><strong>conie-</strong></span> 
     </span>
     <span class='ocr_line' id='line_1_12' title="bbox 168 1093 1697 1139; baseline -0.005 -6"><span class='ocrx_word' id='word_1_82' title='bbox 168 1107 283 1134; x_wconf 84' lang='lat' dir='ltr'><strong>ctasse</strong></span> <span class='ocrx_word' id='word_1_83' title='bbox 301 1100 346 1133; x_wconf 89' lang='lat' dir='ltr'><strong>ad</strong></span> <span class='ocrx_word' id='word_1_84' title='bbox 363 1100 494 1131; x_wconf 86' lang='lat' dir='ltr'><strong>Lucan.</strong></span> <span class='ocrx_word' id='word_1_85' title='bbox 513 1099 555 1139; x_wconf 84' lang='lat' dir='ltr'><strong>ll,</strong></span> <span class='ocrx_word' id='word_1_86' title='bbox 579 1098 661 1133; x_wconf 81' lang='grc'>435.</span> <span class='ocrx_word' id='word_1_87' title='bbox 709 1098 801 1131; x_wconf 88' lang='lat' dir='ltr'><strong>Mira</strong></span> <span class='ocrx_word' id='word_1_88' title='bbox 821 1110 897 1131; x_wconf 91' lang='lat' dir='ltr'><strong>cum</strong></span> <span class='ocrx_word' id='word_1_89' title='bbox 917 1096 1112 1131; x_wconf 80' lang='lat' dir='ltr'><strong>subtilitate</strong></span> <span class='ocrx_word' id='word_1_90' title='bbox 1132 1097 1256 1130; x_wconf 83' lang='lat' dir='ltr'><strong>Persas</strong></span> <span class='ocrx_word' id='word_1_91' title='bbox 1283 1095 1446 1129; x_wconf 88' lang='lat' dir='ltr'><strong>Herculis</strong></span> <span class='ocrx_word' id='word_1_92' title='bbox 1467 1093 1612 1128; x_wconf 82' lang='lat' dir='ltr'><strong>comites</strong></span> <span class='ocrx_word' id='word_1_93' title='bbox 1639 1104 1697 1138; x_wconf 86' lang='lat' dir='ltr'><strong>ap.</strong></span> 
     </span>
     <span class='ocr_line' id='line_1_13' title="bbox 166 1140 1698 1191; baseline -0.005 -10"><span class='ocrx_word' id='word_1_94' title='bbox 166 1147 307 1181; x_wconf 77' lang='lat' dir='ltr'><strong>Sallust.</strong></span> <span class='ocrx_word' id='word_1_95' title='bbox 336 1145 505 1191; x_wconf 81' lang='lat' dir='ltr'>Iugurtha</span> <span class='ocrx_word' id='word_1_96' title='bbox 538 1146 580 1180; x_wconf 87' lang='grc'><strong>18</strong></span> <span class='ocrx_word' id='word_1_97' title='bbox 606 1145 642 1177; x_wconf 89' lang='lat' dir='ltr'><strong>in</strong></span> <span class='ocrx_word' id='word_1_98' title='bbox 661 1145 814 1179; x_wconf 82' lang='lat' dir='ltr'><strong>Africam</strong></span> <span class='ocrx_word' id='word_1_99' title='bbox 835 1145 1007 1179; x_wconf 90' lang='lat' dir='ltr'><strong>adductos</strong></span> <span class='ocrx_word' id='word_1_100' title='bbox 1035 1143 1104 1177; x_wconf 90' lang='lat' dir='ltr'><strong>huc</strong></span> <span class='ocrx_word' id='word_1_101' title='bbox 1123 1143 1293 1189; x_wconf 83' lang='lat' dir='ltr'><strong>deportat</strong></span> <span class='ocrx_word' id='word_1_102' title='bbox 1310 1144 1466 1177; x_wconf 88' lang='lat' dir='ltr'><strong>Hasaeus</strong></span> <span class='ocrx_word' id='word_1_103' title='bbox 1485 1140 1522 1174; x_wconf 88' lang='lat' dir='ltr'><strong>in</strong></span> <span class='ocrx_word' id='word_1_104' title='bbox 1546 1141 1638 1174; x_wconf 86' lang='lat' dir='ltr'><strong>Diss.</strong></span> <span class='ocrx_word' id='word_1_105' title='bbox 1661 1146 1698 1173; x_wconf 86' lang='lat' dir='ltr'><strong>et</strong></span> 
     </span>
     <span class='ocr_line' id='line_1_14' title="bbox 167 1189 1697 1237; baseline -0.005 -9"><span class='ocrx_word' id='word_1_106' title='bbox 167 1195 267 1228; x_wconf 92' lang='lat' dir='ltr'><strong>Obss.</strong></span> <span class='ocrx_word' id='word_1_107' title='bbox 286 1196 431 1227; x_wconf 85' lang='lat' dir='ltr'><strong>Bremae</strong></span> <span class='ocrx_word' id='word_1_108' title='bbox 465 1193 567 1228; x_wconf 83' lang='lat'>1731.</span> <span class='ocrx_word' id='word_1_109' title='bbox 593 1192 684 1226; x_wconf 83' lang='lat' dir='ltr'><strong>Diss.</strong></span> <span class='ocrx_word' id='word_1_110' title='bbox 714 1193 780 1226; x_wconf 91' lang='lat' dir='ltr'><strong>XI.</strong></span> <span class='ocrx_word' id='word_1_111' title='bbox 875 1194 943 1228; x_wconf 85' lang='grc'><strong>291</strong></span> <span class='ocrx_word' id='word_1_112' title='bbox 965 1193 1004 1224; x_wconf 90' lang='lat' dir='ltr'><strong>In</strong></span> <span class='ocrx_word' id='word_1_113' title='bbox 1025 1193 1185 1225; x_wconf 84' lang='lat' dir='ltr'><strong>Romano</strong></span> <span class='ocrx_word' id='word_1_114' title='bbox 1215 1192 1265 1237; x_wconf 89' lang='lat' dir='ltr'><strong>(et</strong></span> <span class='ocrx_word' id='word_1_115' title='bbox 1285 1191 1389 1225; x_wconf 85' lang='lat' dir='ltr'><strong>Hafn.</strong></span> <span class='ocrx_word' id='word_1_116' title='bbox 1419 1191 1457 1223; x_wconf 89' lang='grc' dir='ltr'>Β.</span> <span class='ocrx_word' id='word_1_117' title='bbox 1490 1189 1585 1233; x_wconf 89' lang='lat' dir='ltr'><strong>Wr.)</strong></span> <span class='ocrx_word' id='word_1_118' title='bbox 1612 1199 1697 1221; x_wconf 89' lang='lat' dir='ltr'><strong>ver-</strong></span> 
     </span>
     <span class='ocr_line' id='line_1_15' title="bbox 166 1238 1697 1286; baseline -0.003 -12"><span class='ocrx_word' id='word_1_119' title='bbox 166 1254 223 1275; x_wconf 89' lang='lat' dir='ltr'><strong>sus</strong></span> <span class='ocrx_word' id='word_1_120' title='bbox 237 1242 287 1275; x_wconf 88' lang='lat' dir='ltr'><strong>ita</strong></span> <span class='ocrx_word' id='word_1_121' title='bbox 305 1240 523 1286; x_wconf 82' lang='lat' dir='ltr'><strong>transpositi,</strong></span> <span class='ocrx_word' id='word_1_122' title='bbox 547 1246 586 1272; x_wconf 87' lang='lat' dir='ltr'><strong>ut</strong></span> <span class='ocrx_word' id='word_1_123' title='bbox 605 1240 694 1273; x_wconf 84' lang='lat' dir='ltr'><strong>sint:</strong></span> <span class='ocrx_word' id='word_1_124' title='bbox 722 1243 874 1286; x_wconf 81' lang='lat' dir='ltr'><strong>Quaque</strong></span> <span class='ocrx_word' id='word_1_125' title='bbox 890 1240 1251 1286; x_wconf 73' lang='lat' dir='ltr'><strong>pharetratae—Et</strong></span> <span class='ocrx_word' id='word_1_126' title='bbox 1270 1239 1474 1272; x_wconf 76' lang='lat' dir='ltr'><strong>diversa—</strong></span> <span class='ocrx_word' id='word_1_127' title='bbox 1493 1238 1617 1282; x_wconf 73' lang='lat' dir='ltr'><strong>Usque</strong></span> <span class='ocrx_word' id='word_1_128' title='bbox 1632 1247 1697 1268; x_wconf 85' lang='lat' dir='ltr'><strong>co—</strong></span> 
     </span>
     <span class='ocr_line' id='line_1_16' title="bbox 166 1282 1698 1334; baseline -0.006 -11"><span class='ocrx_word' id='word_1_129' title='bbox 166 1290 300 1323; x_wconf 80' lang='lat' dir='ltr'><strong>loratis</strong></span> <span class='ocrx_word' id='word_1_130' title='bbox 318 1309 362 1314; x_wconf 90' lang='lat'>—</span> <span class='ocrx_word' id='word_1_131' title='bbox 383 1292 434 1321; x_wconf 75' lang='lat' dir='ltr'><strong>Ec</strong></span> <span class='ocrx_word' id='word_1_132' title='bbox 464 1287 618 1321; x_wconf 77' lang='lat' dir='ltr'><strong>viridem</strong></span> <span class='ocrx_word' id='word_1_133' title='bbox 648 1290 872 1334; x_wconf 78' lang='lat' dir='ltr'><strong>Aegyptum.</strong></span> <span class='ocrx_word' id='word_1_134' title='bbox 915 1287 1032 1332; x_wconf 89' lang='lat' dir='ltr'><strong>(quem</strong></span> <span class='ocrx_word' id='word_1_135' title='bbox 1059 1285 1220 1319; x_wconf 89' lang='lat' dir='ltr'><strong>ordinem</strong></span> <span class='ocrx_word' id='word_1_136' title='bbox 1245 1290 1456 1320; x_wconf 76' lang='lat' dir='ltr'><strong>revocarunt</strong></span> <span class='ocrx_word' id='word_1_137' title='bbox 1483 1282 1631 1318; x_wconf 88' lang='lat' dir='ltr'><strong>Vossius</strong></span> <span class='ocrx_word' id='word_1_138' title='bbox 1661 1287 1698 1315; x_wconf 90' lang='lat' dir='ltr'><strong>et</strong></span> 
     </span>
     <span class='ocr_line' id='line_1_17' title="bbox 164 1330 1695 1380; baseline -0.005 -10"><span class='ocrx_word' id='word_1_139' title='bbox 164 1337 281 1377; x_wconf 86' lang='lat' dir='ltr'><strong>Iahn.;</strong></span> <span class='ocrx_word' id='word_1_140' title='bbox 306 1342 405 1370; x_wconf 88' lang='lat' dir='ltr'><strong>recte</strong></span> <span class='ocrx_word' id='word_1_141' title='bbox 432 1347 536 1377; x_wconf 89' lang='lat' dir='ltr'><strong>sane,</strong></span> <span class='ocrx_word' id='word_1_142' title='bbox 570 1334 601 1367; x_wconf 90' lang='lat' dir='ltr'><strong>si</strong></span> <span class='ocrx_word' id='word_1_143' title='bbox 627 1334 764 1380; x_wconf 88' lang='lat' dir='ltr'><strong>reliqua</strong></span> <span class='ocrx_word' id='word_1_144' title='bbox 790 1335 880 1367; x_wconf 86' lang='lat' dir='ltr'><strong>bene</strong></span> <span class='ocrx_word' id='word_1_145' title='bbox 913 1346 951 1367; x_wconf 89' lang='lat' dir='ltr'><strong>se</strong></span> <span class='ocrx_word' id='word_1_146' title='bbox 982 1333 1169 1367; x_wconf 83' lang='lat' dir='ltr'><strong>haberent.</strong></span> <span class='ocrx_word' id='word_1_147' title='bbox 1206 1333 1304 1378; x_wconf 87' lang='lat' dir='ltr'><strong>Wr.)</strong></span> <span class='ocrx_word' id='word_1_148' title='bbox 1351 1331 1481 1366; x_wconf 85' lang='lat' dir='ltr'><strong>Medic.</strong></span> <span class='ocrx_word' id='word_1_149' title='bbox 1506 1330 1596 1365; x_wconf 90' lang='lat' dir='ltr'><strong>Gud.</strong></span> <span class='ocrx_word' id='word_1_150' title='bbox 1624 1330 1695 1363; x_wconf 85' lang='lat' dir='ltr'><strong>duo</strong></span> 
     </span>
     <span class='ocr_line' id='line_1_18' title="bbox 166 1378 1695 1426; baseline -0.004 -9"><span class='ocrx_word' id='word_1_151' title='bbox 166 1384 339 1418; x_wconf 85' lang='lat' dir='ltr'><strong>Rottend.</strong></span> <span class='ocrx_word' id='word_1_152' title='bbox 369 1389 405 1416; x_wconf 91' lang='lat' dir='ltr'><strong>et</strong></span> <span class='ocrx_word' id='word_1_153' title='bbox 427 1382 527 1415; x_wconf 82' lang='lat' dir='ltr'><strong>Leid.</strong></span> <span class='ocrx_word' id='word_1_154' title='bbox 553 1382 621 1415; x_wconf 89' lang='lat' dir='ltr'><strong>duo</strong></span> <span class='ocrx_word' id='word_1_155' title='bbox 649 1382 717 1415; x_wconf 93' lang='lat' dir='ltr'><strong>hos</strong></span> <span class='ocrx_word' id='word_1_156' title='bbox 735 1387 986 1426; x_wconf 89' lang='lat' dir='ltr'><strong>transponunt:</strong></span> <span class='ocrx_word' id='word_1_157' title='bbox 1018 1384 1068 1414; x_wconf 72' lang='lat' dir='ltr'><strong>Et</strong></span> <span class='ocrx_word' id='word_1_158' title='bbox 1087 1380 1238 1414; x_wconf 76' lang='lat' dir='ltr'><strong>diversa</strong></span> <span class='ocrx_word' id='word_1_159' title='bbox 1265 1392 1380 1414; x_wconf 78' lang='lat' dir='ltr'><strong>ruens</strong></span> <span class='ocrx_word' id='word_1_160' title='bbox 1397 1399 1442 1404; x_wconf 89' lang='lat'><strong>-—</strong></span> <span class='ocrx_word' id='word_1_161' title='bbox 1463 1381 1515 1412; x_wconf 75' lang='lat' dir='ltr'><strong>Et</strong></span> <span class='ocrx_word' id='word_1_162' title='bbox 1531 1378 1695 1421; x_wconf 70' lang='lat' dir='ltr'><strong>viridem.</strong></span> 
     </span>
     <span class='ocr_line' id='line_1_19' title="bbox 164 1425 1696 1474; baseline -0.005 -9"><span class='ocrx_word' id='word_1_163' title='bbox 164 1432 328 1465; x_wconf 80' lang='lat' dir='ltr'><strong>Praestat</strong></span> <span class='ocrx_word' id='word_1_164' title='bbox 347 1430 443 1464; x_wconf 89' lang='lat' dir='ltr'><strong>haud</strong></span> <span class='ocrx_word' id='word_1_165' title='bbox 464 1429 570 1463; x_wconf 88' lang='lat' dir='ltr'><strong>dubie</strong></span> <span class='ocrx_word' id='word_1_166' title='bbox 592 1435 740 1474; x_wconf 88' lang='lat' dir='ltr'><strong>utraque</strong></span> <span class='ocrx_word' id='word_1_167' title='bbox 760 1441 923 1462; x_wconf 85' lang='lat' dir='ltr'><strong>versuum</strong></span> <span class='ocrx_word' id='word_1_168' title='bbox 940 1428 1131 1462; x_wconf 87' lang='lat' dir='ltr'><strong>collocatio</strong></span> <span class='ocrx_word' id='word_1_169' title='bbox 1154 1439 1212 1468; x_wconf 87' lang='lat' dir='ltr'><strong>ea,</strong></span> <span class='ocrx_word' id='word_1_170' title='bbox 1241 1439 1330 1473; x_wconf 87' lang='lat' dir='ltr'><strong>quae</strong></span> <span class='ocrx_word' id='word_1_171' title='bbox 1348 1426 1492 1473; x_wconf 83' lang='lat' dir='ltr'><strong>vulgata</strong></span> <span class='ocrx_word' id='word_1_172' title='bbox 1506 1431 1571 1459; x_wconf 85' lang='lat' dir='ltr'><strong>est.</strong></span> <span class='ocrx_word' id='word_1_173' title='bbox 1619 1425 1696 1459; x_wconf 87' lang='lat' dir='ltr'><strong>Ve-</strong></span> 
     </span>
     <span class='ocr_line' id='line_1_20' title="bbox 164 1470 1696 1522; baseline -0.005 -9"><span class='ocrx_word' id='word_1_174' title='bbox 164 1491 241 1512; x_wconf 91' lang='lat' dir='ltr'><strong>rum</strong></span> <span class='ocrx_word' id='word_1_175' title='bbox 261 1478 317 1512; x_wconf 87' lang='lat' dir='ltr'><strong>vel</strong></span> <span class='ocrx_word' id='word_1_176' title='bbox 337 1478 388 1512; x_wconf 91' lang='lat' dir='ltr'><strong>sic</strong></span> <span class='ocrx_word' id='word_1_177' title='bbox 408 1476 516 1511; x_wconf 89' lang='lat' dir='ltr'><strong>otiosi</strong></span> <span class='ocrx_word' id='word_1_178' title='bbox 539 1476 672 1522; x_wconf 83' lang='lat' dir='ltr'><strong>aliquid</strong></span> <span class='ocrx_word' id='word_1_179' title='bbox 692 1482 810 1510; x_wconf 89' lang='lat' dir='ltr'><strong>manet</strong></span> <span class='ocrx_word' id='word_1_180' title='bbox 828 1476 866 1508; x_wconf 90' lang='lat' dir='ltr'><strong>in</strong></span> <span class='ocrx_word' id='word_1_181' title='bbox 887 1488 1007 1510; x_wconf 85' lang='lat' dir='ltr'><strong>versu:</strong></span> <span class='ocrx_word' id='word_1_182' title='bbox 1034 1478 1085 1509; x_wconf 76' lang='lat' dir='ltr'><strong>Et</strong></span> <span class='ocrx_word' id='word_1_183' title='bbox 1106 1475 1261 1508; x_wconf 76' lang='lat' dir='ltr'><strong>viridem</strong></span> <span class='ocrx_word' id='word_1_184' title='bbox 1279 1478 1491 1522; x_wconf 78' lang='lat' dir='ltr'><strong>Aegyptum</strong></span> <span class='ocrx_word' id='word_1_185' title='bbox 1507 1473 1619 1519; x_wconf 85' lang='lat' dir='ltr'><strong>nigra</strong></span> <span class='ocrx_word' id='word_1_186' title='bbox 1628 1470 1696 1518; x_wconf 89' lang='lat' dir='ltr'><strong>fe-</strong></span> 
     </span>
     <span class='ocr_line' id='line_1_21' title="bbox 166 1520 1697 1568; baseline -0.005 -8"><span class='ocrx_word' id='word_1_187' title='bbox 166 1527 308 1560; x_wconf 75' lang='lat' dir='ltr'><strong>candal:</strong></span> <span class='ocrx_word' id='word_1_188' title='bbox 328 1537 469 1566; x_wconf 83' lang='lat' dir='ltr'><strong>arena3</strong></span> <span class='ocrx_word' id='word_1_189' title='bbox 496 1524 566 1558; x_wconf 85' lang='lat' dir='ltr'><strong>etsi</strong></span> <span class='ocrx_word' id='word_1_190' title='bbox 581 1523 618 1557; x_wconf 90' lang='lat' dir='ltr'><strong>in</strong></span> <span class='ocrx_word' id='word_1_191' title='bbox 639 1523 757 1558; x_wconf 87' lang='lat' dir='ltr'><strong>verbis</strong></span> <span class='ocrx_word' id='word_1_192' title='bbox 786 1523 873 1568; x_wconf 89' lang='lat' dir='ltr'><strong>ipsis</strong></span> <span class='ocrx_word' id='word_1_193' title='bbox 902 1523 991 1556; x_wconf 88' lang='lat' dir='ltr'><strong>nihil</strong></span> <span class='ocrx_word' id='word_1_194' title='bbox 1010 1522 1344 1567; x_wconf 88' lang='lat' dir='ltr'><strong>reprehendendum</strong></span> <span class='ocrx_word' id='word_1_195' title='bbox 1367 1533 1444 1555; x_wconf 92' lang='lat' dir='ltr'><strong>esse</strong></span> <span class='ocrx_word' id='word_1_196' title='bbox 1463 1520 1584 1554; x_wconf 86' lang='lat' dir='ltr'><strong>video:</strong></span> <span class='ocrx_word' id='word_1_197' title='bbox 1617 1531 1697 1552; x_wconf 89' lang='lat' dir='ltr'><strong>nam</strong></span> 
     </span>
     <span class='ocr_line' id='line_1_22' title="bbox 166 1565 1695 1619; baseline -0.005 -12"><span class='ocrx_word' id='word_1_198' title='bbox 166 1586 283 1607; x_wconf 82' lang='lat' dir='ltr'><strong>arena</strong></span> <span class='ocrx_word' id='word_1_199' title='bbox 301 1585 367 1619; x_wconf 92' lang='lat' dir='ltr'><strong>pro</strong></span> <span class='ocrx_word' id='word_1_200' title='bbox 387 1572 472 1605; x_wconf 89' lang='lat' dir='ltr'><strong>limo</strong></span> <span class='ocrx_word' id='word_1_201' title='bbox 494 1578 611 1614; x_wconf 85' lang='lat' dir='ltr'><strong>recte,</strong></span> <span class='ocrx_word' id='word_1_202' title='bbox 634 1578 674 1604; x_wconf 88' lang='lat' dir='ltr'><strong>ut</strong></span> <span class='ocrx_word' id='word_1_203' title='bbox 692 1584 713 1604; x_wconf 87' lang='lat' dir='ltr'><strong>a</strong></span> <span class='ocrx_word' id='word_1_204' title='bbox 734 1577 863 1617; x_wconf 89' lang='lat' dir='ltr'><strong>poeta,</strong></span> <span class='ocrx_word' id='word_1_205' title='bbox 898 1570 969 1604; x_wconf 85' lang='lat' dir='ltr'><strong>dici</strong></span> <span class='ocrx_word' id='word_1_206' title='bbox 988 1569 1124 1617; x_wconf 81' lang='lat' dir='ltr'><strong>potuit3</strong></span> <span class='ocrx_word' id='word_1_207' title='bbox 1159 1569 1230 1603; x_wconf 86' lang='lat' dir='ltr'><strong>vid.</strong></span> <span class='ocrx_word' id='word_1_208' title='bbox 1252 1571 1384 1603; x_wconf 87' lang='lat' dir='ltr'><strong>Notam</strong></span> <span class='ocrx_word' id='word_1_209' title='bbox 1405 1568 1450 1603; x_wconf 84' lang='lat' dir='ltr'><strong>ad</strong></span> <span class='ocrx_word' id='word_1_210' title='bbox 1468 1567 1505 1602; x_wconf 90' lang='lat' dir='ltr'><strong>h.</strong></span> <span class='ocrx_word' id='word_1_211' title='bbox 1521 1579 1554 1601; x_wconf 84' lang='lat' dir='ltr'><strong>v.</strong></span> <span class='ocrx_word' id='word_1_212' title='bbox 1602 1565 1695 1600; x_wconf 84' lang='lat' dir='ltr'><strong>Mihi</strong></span> 
     </span>
     <span class='ocr_line' id='line_1_23' title="bbox 165 1616 1696 1666; baseline -0.005 -12"><span class='ocrx_word' id='word_1_213' title='bbox 165 1620 267 1654; x_wconf 87' lang='lat' dir='ltr'><strong>valde</strong></span> <span class='ocrx_word' id='word_1_214' title='bbox 295 1619 484 1666; x_wconf 88' lang='lat' dir='ltr'><strong>probabile</strong></span> <span class='ocrx_word' id='word_1_215' title='bbox 514 1619 574 1661; x_wconf 89' lang='lat' dir='ltr'><strong>fit,</strong></span> <span class='ocrx_word' id='word_1_216' title='bbox 608 1631 748 1652; x_wconf 87' lang='lat' dir='ltr'><strong>versum</strong></span> <span class='ocrx_word' id='word_1_217' title='bbox 769 1625 828 1652; x_wconf 89' lang='lat' dir='ltr'><strong>aut</strong></span> <span class='ocrx_word' id='word_1_218' title='bbox 853 1617 961 1651; x_wconf 85' lang='lat' dir='ltr'><strong>fuisse</strong></span> <span class='ocrx_word' id='word_1_219' title='bbox 992 1617 1205 1662; x_wconf 83' lang='lat' dir='ltr'><strong>adscriptum</strong></span> <span class='ocrx_word' id='word_1_220' title='bbox 1228 1617 1264 1650; x_wconf 91' lang='lat' dir='ltr'><strong>in</strong></span> <span class='ocrx_word' id='word_1_221' title='bbox 1287 1616 1419 1650; x_wconf 84' lang='lat' dir='ltr'><strong>tabulis</strong></span> <span class='ocrx_word' id='word_1_222' title='bbox 1440 1621 1592 1662; x_wconf 88' lang='lat' dir='ltr'><strong>poetae,</strong></span> <span class='ocrx_word' id='word_1_223' title='bbox 1617 1626 1696 1647; x_wconf 89' lang='lat' dir='ltr'><strong>cum</strong></span> 
     </span>
     <span class='ocr_line' id='line_1_24' title="bbox 163 1663 1695 1708; baseline -0.004 -7"><span class='ocrx_word' id='word_1_224' title='bbox 163 1668 320 1702; x_wconf 90' lang='lat' dir='ltr'><strong>nondum</strong></span> <span class='ocrx_word' id='word_1_225' title='bbox 340 1668 521 1701; x_wconf 91' lang='lat' dir='ltr'><strong>decretum</strong></span> <span class='ocrx_word' id='word_1_226' title='bbox 541 1672 655 1708; x_wconf 84' lang='lat' dir='ltr'><strong>esset,</strong></span> <span class='ocrx_word' id='word_1_227' title='bbox 680 1672 798 1699; x_wconf 86' lang='lat' dir='ltr'><strong>utrum</strong></span> <span class='ocrx_word' id='word_1_228' title='bbox 814 1666 908 1699; x_wconf 87' lang='lat' dir='ltr'><strong>hunc</strong></span> <span class='ocrx_word' id='word_1_229' title='bbox 928 1677 971 1699; x_wconf 88' lang='lat' dir='ltr'><strong>an</strong></span> <span class='ocrx_word' id='word_1_230' title='bbox 991 1665 1140 1698; x_wconf 84' lang='lat' dir='ltr'><strong>alterum</strong></span> <span class='ocrx_word' id='word_1_231' title='bbox 1159 1667 1208 1697; x_wconf 77' lang='lat' dir='ltr'><strong>Et</strong></span> <span class='ocrx_word' id='word_1_232' title='bbox 1228 1665 1380 1698; x_wconf 73' lang='lat' dir='ltr'><strong>diversa</strong></span> <span class='ocrx_word' id='word_1_233' title='bbox 1397 1663 1608 1703; x_wconf 87' lang='lat' dir='ltr'><strong>anteferret,</strong></span> <span class='ocrx_word' id='word_1_234' title='bbox 1633 1667 1695 1694; x_wconf 87' lang='lat' dir='ltr'><strong>aut</strong></span> 
     </span>
     <span class='ocr_line' id='line_1_25' title="bbox 166 1708 1718 1760; baseline -0.005 -12"><span class='ocrx_word' id='word_1_235' title='bbox 166 1727 207 1748; x_wconf 89' lang='lat' dir='ltr'><strong>ex</strong></span> <span class='ocrx_word' id='word_1_236' title='bbox 230 1715 326 1749; x_wconf 91' lang='lat' dir='ltr'><strong>bono</strong></span> <span class='ocrx_word' id='word_1_237' title='bbox 344 1722 453 1760; x_wconf 87' lang='lat' dir='ltr'><strong>poeta</strong></span> <span class='ocrx_word' id='word_1_238' title='bbox 478 1714 515 1747; x_wconf 89' lang='lat' dir='ltr'><strong>iu</strong></span> <span class='ocrx_word' id='word_1_239' title='bbox 541 1712 734 1758; x_wconf 89' lang='lat' dir='ltr'><strong>marginem</strong></span> <span class='ocrx_word' id='word_1_240' title='bbox 762 1713 874 1747; x_wconf 82' lang='lat' dir='ltr'><strong>fuisse</strong></span> <span class='ocrx_word' id='word_1_241' title='bbox 892 1713 1070 1759; x_wconf 87' lang='lat' dir='ltr'><strong>appictum</strong></span> <span class='ocrx_word' id='word_1_242' title='bbox 1092 1725 1111 1746; x_wconf 89' lang='lat' dir='ltr'><strong>a</strong></span> <span class='ocrx_word' id='word_1_243' title='bbox 1145 1711 1395 1745; x_wconf 81' lang='lat' dir='ltr'><strong>Grammatico.</strong></span> <span class='ocrx_word' id='word_1_244' title='bbox 1443 1712 1498 1744; x_wconf 89' lang='lat' dir='ltr'><strong>Ita</strong></span> <span class='ocrx_word' id='word_1_245' title='bbox 1524 1708 1718 1754; x_wconf 37' lang='lat' dir='ltr'><strong>scriptum,</strong></span> 
     </span>
     <span class='ocr_line' id='line_1_26' title="bbox 165 1757 1696 1809; baseline -0.005 -13"><span class='ocrx_word' id='word_1_246' title='bbox 165 1769 262 1796; x_wconf 89' lang='lat' dir='ltr'><strong>erat:</strong></span> <span class='ocrx_word' id='word_1_247' title='bbox 289 1766 369 1806; x_wconf 82' lang='lat' dir='ltr'><strong>Qua</strong></span> <span class='ocrx_word' id='word_1_248' title='bbox 395 1775 439 1795; x_wconf 83' lang='lat' dir='ltr'><strong>ue</strong></span> <span class='ocrx_word' id='word_1_249' title='bbox 455 1761 702 1809; x_wconf 75' lang='lat' dir='ltr'><strong>pharetratae</strong></span> <span class='ocrx_word' id='word_1_250' title='bbox 719 1762 856 1794; x_wconf 78' lang='lat' dir='ltr'><strong>vicinia</strong></span> <span class='ocrx_word' id='word_1_251' title='bbox 873 1761 1042 1795; x_wconf 77' lang='lat' dir='ltr'><strong>Persidis</strong></span> <span class='ocrx_word' id='word_1_252' title='bbox 1065 1758 1200 1807; x_wconf 68' lang='lat' dir='ltr'><strong>urguet</strong></span> <span class='ocrx_word' id='word_1_253' title='bbox 1229 1761 1353 1805; x_wconf 80' lang='lat' dir='ltr'><strong>Usque</strong></span> <span class='ocrx_word' id='word_1_254' title='bbox 1381 1758 1559 1792; x_wconf 77' lang='lat' dir='ltr'><strong>coloratis</strong></span> <span class='ocrx_word' id='word_1_255' title='bbox 1577 1757 1696 1790; x_wconf 73' lang='lat' dir='ltr'><strong>amnis</strong></span> 
     </span>
     <span class='ocr_line' id='line_1_27' title="bbox 165 1803 1691 1852; baseline -0.004 -9"><span class='ocrx_word' id='word_1_256' title='bbox 165 1810 330 1843; x_wconf 79' lang='lat' dir='ltr'><strong>devexus</strong></span> <span class='ocrx_word' id='word_1_257' title='bbox 348 1822 372 1843; x_wconf 88' lang='lat' dir='ltr'><strong>a</strong></span> <span class='ocrx_word' id='word_1_258' title='bbox 411 1808 528 1842; x_wconf 81' lang='lat' dir='ltr'><strong>Indis.</strong></span> <span class='ocrx_word' id='word_1_259' title='bbox 575 1809 692 1842; x_wconf 81' lang='lat' dir='ltr'><strong>Versu</strong></span> <span class='ocrx_word' id='word_1_260' title='bbox 711 1809 781 1843; x_wconf 88' lang='grc'><strong>291</strong></span> <span class='ocrx_word' id='word_1_261' title='bbox 807 1811 858 1841; x_wconf 79' lang='lat' dir='ltr'><strong>Et</strong></span> <span class='ocrx_word' id='word_1_262' title='bbox 885 1808 1041 1841; x_wconf 81' lang='lat' dir='ltr'><strong>viridem</strong></span> <span class='ocrx_word' id='word_1_263' title='bbox 1060 1806 1181 1852; x_wconf 88' lang='lat' dir='ltr'><strong>utique</strong></span> <span class='ocrx_word' id='word_1_264' title='bbox 1200 1806 1324 1839; x_wconf 88' lang='lat' dir='ltr'><strong>melius</strong></span> <span class='ocrx_word' id='word_1_265' title='bbox 1348 1811 1445 1839; x_wconf 89' lang='lat' dir='ltr'><strong>caret</strong></span> <span class='ocrx_word' id='word_1_266' title='bbox 1462 1811 1559 1838; x_wconf 91' lang='lat' dir='ltr'><strong>totus</strong></span> <span class='ocrx_word' id='word_1_267' title='bbox 1576 1803 1691 1838; x_wconf 86' lang='lat' dir='ltr'><strong>locus:</strong></span> 
     </span>
     <span class='ocr_line' id='line_1_28' title="bbox 165 1851 1694 1900; baseline -0.004 -10"><span class='ocrx_word' id='word_1_268' title='bbox 165 1863 202 1890; x_wconf 87' lang='lat' dir='ltr'><strong>et</strong></span> <span class='ocrx_word' id='word_1_269' title='bbox 221 1857 290 1890; x_wconf 85' lang='lat' dir='ltr'><strong>iam</strong></span> <span class='ocrx_word' id='word_1_270' title='bbox 312 1856 445 1897; x_wconf 87' lang='lat' dir='ltr'><strong>Cerda,</strong></span> <span class='ocrx_word' id='word_1_271' title='bbox 472 1855 535 1888; x_wconf 84' lang='lat' dir='ltr'><strong>sed</strong></span> <span class='ocrx_word' id='word_1_272' title='bbox 551 1854 619 1888; x_wconf 90' lang='lat' dir='ltr'><strong>alia</strong></span> <span class='ocrx_word' id='word_1_273' title='bbox 637 1866 745 1899; x_wconf 88' lang='lat' dir='ltr'><strong>eaque</strong></span> <span class='ocrx_word' id='word_1_274' title='bbox 762 1867 885 1900; x_wconf 89' lang='lat' dir='ltr'><strong>parum</strong></span> <span class='ocrx_word' id='word_1_275' title='bbox 907 1854 1035 1888; x_wconf 88' lang='lat' dir='ltr'><strong>idonea</strong></span> <span class='ocrx_word' id='word_1_276' title='bbox 1057 1854 1101 1887; x_wconf 88' lang='lat' dir='ltr'><strong>de</strong></span> <span class='ocrx_word' id='word_1_277' title='bbox 1123 1866 1262 1895; x_wconf 86' lang='lat' dir='ltr'><strong>caussa,</strong></span> <span class='ocrx_word' id='word_1_278' title='bbox 1298 1853 1379 1898; x_wconf 89' lang='lat' dir='ltr'><strong>quia</strong></span> <span class='ocrx_word' id='word_1_279' title='bbox 1399 1865 1430 1886; x_wconf 90' lang='lat' dir='ltr'><strong>v.</strong></span> <span class='ocrx_word' id='word_1_280' title='bbox 1452 1853 1520 1888; x_wconf 90' lang='lat'><strong>190</strong></span> <span class='ocrx_word' id='word_1_281' title='bbox 1539 1851 1586 1885; x_wconf 87' lang='lat' dir='ltr'><strong>ad</strong></span> <span class='ocrx_word' id='word_1_282' title='bbox 1602 1851 1694 1884; x_wconf 90' lang='lat' dir='ltr'><strong>Per-</strong></span> 
     </span>
     <span class='ocr_line' id='line_1_29' title="bbox 165 1897 1692 1944; baseline -0.005 -7"><span class='ocrx_word' id='word_1_283' title='bbox 165 1904 277 1937; x_wconf 87' lang='lat' dir='ltr'><strong>sidem</strong></span> <span class='ocrx_word' id='word_1_284' title='bbox 297 1903 511 1944; x_wconf 80' lang='lat' dir='ltr'><strong>revocabat,</strong></span> <span class='ocrx_word' id='word_1_285' title='bbox 537 1913 579 1935; x_wconf 89' lang='lat' dir='ltr'><strong>eo</strong></span> <span class='ocrx_word' id='word_1_286' title='bbox 604 1901 811 1944; x_wconf 89' lang='lat' dir='ltr'><strong>descendit,</strong></span> <span class='ocrx_word' id='word_1_287' title='bbox 837 1908 875 1934; x_wconf 90' lang='lat' dir='ltr'><strong>ut</strong></span> <span class='ocrx_word' id='word_1_288' title='bbox 895 1913 1033 1935; x_wconf 86' lang='lat' dir='ltr'><strong>versum</strong></span> <span class='ocrx_word' id='word_1_289' title='bbox 1052 1903 1120 1936; x_wconf 88' lang='grc'><strong>291</strong></span> <span class='ocrx_word' id='word_1_290' title='bbox 1142 1900 1335 1934; x_wconf 87' lang='lat' dir='ltr'><strong>damnaret.</strong></span> <span class='ocrx_word' id='word_1_291' title='bbox 1382 1898 1608 1933; x_wconf 84' lang='lat' dir='ltr'><strong>Acutissimus</strong></span> <span class='ocrx_word' id='word_1_292' title='bbox 1627 1897 1692 1940; x_wconf 86' lang='lat' dir='ltr'><strong>vir,</strong></span> 
     </span>
     <span class='ocr_line' id='line_1_30' title="bbox 163 1945 1734 1996; baseline -0.004 -11"><span class='ocrx_word' id='word_1_293' title='bbox 163 1953 239 1984; x_wconf 88' lang='lat' dir='ltr'><strong>Iac.</strong></span> <span class='ocrx_word' id='word_1_294' title='bbox 258 1954 423 1996; x_wconf 74' lang='lat' dir='ltr'><strong>Bryant,</strong></span> <span class='ocrx_word' id='word_1_295' title='bbox 446 1950 564 1983; x_wconf 91' lang='lat' dir='ltr'><strong>locum</strong></span> <span class='ocrx_word' id='word_1_296' title='bbox 588 1948 688 1982; x_wconf 86' lang='lat' dir='ltr'><strong>varie</strong></span> <span class='ocrx_word' id='word_1_297' title='bbox 714 1949 887 1982; x_wconf 88' lang='lat' dir='ltr'><strong>tentabat.</strong></span> <span class='ocrx_word' id='word_1_298' title='bbox 934 1949 1052 1982; x_wconf 90' lang='lat' dir='ltr'><strong>Primo</strong></span> <span class='ocrx_word' id='word_1_299' title='bbox 1080 1960 1200 1981; x_wconf 87' lang='lat' dir='ltr'><strong>versus</strong></span> <span class='ocrx_word' id='word_1_300' title='bbox 1223 1947 1273 1981; x_wconf 88' lang='lat' dir='ltr'><strong>sic</strong></span> <span class='ocrx_word' id='word_1_301' title='bbox 1294 1946 1491 1981; x_wconf 86' lang='lat' dir='ltr'><strong>collocatos</strong></span> <span class='ocrx_word' id='word_1_302' title='bbox 1517 1945 1691 1979; x_wconf 85' lang='lat' dir='ltr'><strong>malebat:</strong></span> <span class='ocrx_word' id='word_1_303' title='bbox 1722 1962 1734 1971; x_wconf 80' lang='lat'><em>-</em></span> 
     </span>
     <span class='ocr_line' id='line_1_31' title="bbox 163 1994 1690 2042; baseline -0.004 -10"><span class='ocrx_word' id='word_1_304' title='bbox 163 2001 213 2032; x_wconf 75' lang='lat' dir='ltr'><strong>Et</strong></span> <span class='ocrx_word' id='word_1_305' title='bbox 234 2000 370 2032; x_wconf 82' lang='lat' dir='ltr'><strong>circum</strong></span> <span class='ocrx_word' id='word_1_306' title='bbox 384 2000 488 2031; x_wconf 71' lang='lat' dir='ltr'><strong>-Et</strong></span> <span class='ocrx_word' id='word_1_307' title='bbox 510 1997 720 2030; x_wconf 81' lang='lat' dir='ltr'><strong>diversa—</strong></span> <span class='ocrx_word' id='word_1_308' title='bbox 738 1999 861 2042; x_wconf 78' lang='lat' dir='ltr'><strong>Usque</strong></span> <span class='ocrx_word' id='word_1_309' title='bbox 874 2016 917 2020; x_wconf 88' lang='lat'><em>-</em></span> <span class='ocrx_word' id='word_1_310' title='bbox 930 1998 980 2028; x_wconf 79' lang='lat' dir='ltr'><strong>Et</strong></span> <span class='ocrx_word' id='word_1_311' title='bbox 1003 1995 1158 2029; x_wconf 77' lang='lat' dir='ltr'><strong>viridem</strong></span> <span class='ocrx_word' id='word_1_312' title='bbox 1169 2013 1213 2020; x_wconf 57' lang='grc' dir='ltr'><strong>-ο-</strong></span> <span class='ocrx_word' id='word_1_313' title='bbox 1226 1998 1378 2040; x_wconf 82' lang='lat' dir='ltr'><strong>Quaque</strong></span> <span class='ocrx_word' id='word_1_314' title='bbox 1391 1994 1690 2040; x_wconf 77' lang='lat' dir='ltr'><strong>pharetratae—-</strong></span> 
     </span>
     <span class='ocr_line' id='line_1_32' title="bbox 166 2040 1725 2090; baseline -0.004 -11"><span class='ocrx_word' id='word_1_315' title='bbox 166 2047 291 2079; x_wconf 79' lang='lat' dir='ltr'><strong>Omnis</strong></span> <span class='ocrx_word' id='word_1_316' title='bbox 310 2046 349 2079; x_wconf 88' lang='lat' dir='ltr'><strong>in</strong></span> <span class='ocrx_word' id='word_1_317' title='bbox 369 2046 450 2079; x_wconf 83' lang='lat' dir='ltr'><strong>lzac.</strong></span> <span class='ocrx_word' id='word_1_318' title='bbox 500 2045 591 2077; x_wconf 89' lang='lat' dir='ltr'><strong>Tum</strong></span> <span class='ocrx_word' id='word_1_319' title='bbox 611 2043 753 2076; x_wconf 85' lang='lat' dir='ltr'><strong>damnat</strong></span> <span class='ocrx_word' id='word_1_320' title='bbox 771 2051 1008 2090; x_wconf 76' lang='lat' dir='ltr'><strong>stagnantem</strong></span> <span class='ocrx_word' id='word_1_321' title='bbox 1027 2042 1170 2083; x_wconf 79' lang='lat' dir='ltr'><strong>Nilum;</strong></span> <span class='ocrx_word' id='word_1_322' title='bbox 1194 2049 1228 2076; x_wconf 90' lang='lat' dir='ltr'><strong>et</strong></span> <span class='ocrx_word' id='word_1_323' title='bbox 1244 2042 1357 2075; x_wconf 87' lang='lat' dir='ltr'><strong>lusum</strong></span> <span class='ocrx_word' id='word_1_324' title='bbox 1381 2040 1420 2073; x_wconf 82' lang='lat' dir='ltr'><strong>in</strong></span> <span class='ocrx_word' id='word_1_325' title='bbox 1439 2040 1557 2075; x_wconf 85' lang='lat' dir='ltr'><strong>verbis</strong></span> <span class='ocrx_word' id='word_1_326' title='bbox 1576 2050 1692 2084; x_wconf 86' lang='lat' dir='ltr'><strong>agno-</strong></span> <span class='ocrx_word' id='word_1_327' title='bbox 1724 2077 1725 2080; x_wconf 14' lang='grc' dir='ltr'><strong>Ἰ</strong></span> 
     </span>
     <span class='ocr_line' id='line_1_33' title="bbox 164 2087 1692 2140; baseline -0.005 -13"><span class='ocrx_word' id='word_1_328' title='bbox 164 2092 231 2127; x_wconf 86' lang='lat' dir='ltr'><strong>scit</strong></span> <span class='ocrx_word' id='word_1_329' title='bbox 250 2094 363 2140; x_wconf 86' lang='lat' dir='ltr'><strong>nigra</strong></span> <span class='ocrx_word' id='word_1_330' title='bbox 382 2103 500 2126; x_wconf 85' lang='lat' dir='ltr'><strong>arena</strong></span> <span class='ocrx_word' id='word_1_331' title='bbox 518 2097 555 2124; x_wconf 87' lang='lat' dir='ltr'><strong>et</strong></span> <span class='ocrx_word' id='word_1_332' title='bbox 583 2091 738 2124; x_wconf 82' lang='lat' dir='ltr'><strong>viridem</strong></span> <span class='ocrx_word' id='word_1_333' title='bbox 756 2094 979 2137; x_wconf 75' lang='lat' dir='ltr'><strong>Aegyptum.</strong></span> <span class='ocrx_word' id='word_1_334' title='bbox 1029 2089 1190 2123; x_wconf 87' lang='lat' dir='ltr'><strong>Tandem</strong></span> <span class='ocrx_word' id='word_1_335' title='bbox 1216 2101 1259 2123; x_wconf 93' lang='lat' dir='ltr'><strong>eo</strong></span> <span class='ocrx_word' id='word_1_336' title='bbox 1279 2087 1441 2132; x_wconf 86' lang='lat' dir='ltr'><strong>devenit,</strong></span> <span class='ocrx_word' id='word_1_337' title='bbox 1476 2094 1516 2121; x_wconf 88' lang='lat' dir='ltr'><strong>ut</strong></span> <span class='ocrx_word' id='word_1_338' title='bbox 1542 2087 1692 2121; x_wconf 85' lang='lat' dir='ltr'><strong>alteram</strong></span> 
     </span>
     <span class='ocr_line' id='line_1_34' title="bbox 161 2133 1687 2186; baseline -0.005 -12"><span class='ocrx_word' id='word_1_339' title='bbox 161 2139 234 2174; x_wconf 91' lang='lat' dir='ltr'><strong>loci</strong></span> <span class='ocrx_word' id='word_1_340' title='bbox 251 2146 389 2186; x_wconf 88' lang='lat' dir='ltr'><strong>partem</strong></span> <span class='ocrx_word' id='word_1_341' title='bbox 418 2152 437 2172; x_wconf 88' lang='lat' dir='ltr'><strong>a</strong></span> <span class='ocrx_word' id='word_1_342' title='bbox 455 2138 540 2172; x_wconf 88' lang='lat' dir='ltr'><strong>Nilo</strong></span> <span class='ocrx_word' id='word_1_343' title='bbox 561 2138 607 2171; x_wconf 89' lang='lat' dir='ltr'><strong>ad</strong></span> <span class='ocrx_word' id='word_1_344' title='bbox 625 2139 784 2182; x_wconf 88' lang='lat' dir='ltr'><strong>Gangem</strong></span> <span class='ocrx_word' id='word_1_345' title='bbox 801 2137 994 2171; x_wconf 87' lang='lat' dir='ltr'><strong>transferat</strong></span> <span class='ocrx_word' id='word_1_346' title='bbox 1006 2164 1015 2179; x_wconf 94' lang='lat'><strong>,</strong></span> <span class='ocrx_word' id='word_1_347' title='bbox 1041 2136 1181 2170; x_wconf 84' lang='lat' dir='ltr'><strong>excluso</strong></span> <span class='ocrx_word' id='word_1_348' title='bbox 1203 2148 1308 2170; x_wconf 88' lang='lat' dir='ltr'><strong>versu</strong></span> <span class='ocrx_word' id='word_1_349' title='bbox 1335 2133 1429 2178; x_wconf 60' lang='lat'><strong>2913</strong></span> <span class='ocrx_word' id='word_1_350' title='bbox 1451 2141 1512 2169; x_wconf 85' lang='lat' dir='ltr'><strong>aut</strong></span> <span class='ocrx_word' id='word_1_351' title='bbox 1530 2141 1687 2168; x_wconf 87' lang='lat' dir='ltr'><strong>retracto</strong></span> 
     </span>
     <span class='ocr_line' id='line_1_35' title="bbox 162 2182 1691 2234; baseline -0.004 -13"><span class='ocrx_word' id='word_1_352' title='bbox 162 2194 247 2234; x_wconf 89' lang='lat' dir='ltr'><strong>post</strong></span> <span class='ocrx_word' id='word_1_353' title='bbox 266 2200 298 2221; x_wconf 89' lang='lat' dir='ltr'><strong>v.</strong></span> <span class='ocrx_word' id='word_1_354' title='bbox 322 2188 393 2222; x_wconf 87' lang='grc'>289</span> <span class='ocrx_word' id='word_1_355' title='bbox 415 2192 451 2220; x_wconf 88' lang='lat' dir='ltr'><strong>et</strong></span> <span class='ocrx_word' id='word_1_356' title='bbox 472 2185 679 2219; x_wconf 80' lang='lat' dir='ltr'><strong>emendato:</strong></span> <span class='ocrx_word' id='word_1_357' title='bbox 705 2186 758 2218; x_wconf 92' lang='lat' dir='ltr'><strong>De</strong></span> <span class='ocrx_word' id='word_1_358' title='bbox 777 2186 900 2229; x_wconf 88' lang='lat' dir='ltr'><strong>Gange</strong></span> <span class='ocrx_word' id='word_1_359' title='bbox 922 2185 1011 2218; x_wconf 90' lang='lat' dir='ltr'><strong>adeo</strong></span> <span class='ocrx_word' id='word_1_360' title='bbox 1033 2184 1126 2218; x_wconf 85' lang='lat' dir='ltr'><strong>dicta</strong></span> <span class='ocrx_word' id='word_1_361' title='bbox 1144 2189 1263 2218; x_wconf 88' lang='lat' dir='ltr'><strong>essent</strong></span> <span class='ocrx_word' id='word_1_362' title='bbox 1281 2183 1391 2217; x_wconf 89' lang='lat' dir='ltr'><strong>haec:</strong></span> <span class='ocrx_word' id='word_1_363' title='bbox 1419 2185 1572 2228; x_wconf 83' lang='lat' dir='ltr'><strong>Quaque</strong></span> <span class='ocrx_word' id='word_1_364' title='bbox 1587 2182 1691 2229; x_wconf 78' lang='lat' dir='ltr'><strong>pha-</strong></span> 
     </span>
     <span class='ocr_line' id='line_1_36' title="bbox 162 2230 1688 2280; baseline -0.004 -12"><span class='ocrx_word' id='word_1_365' title='bbox 162 2243 329 2268; x_wconf 77' lang='lat' dir='ltr'><strong>retratae</strong></span> <span class='ocrx_word' id='word_1_366' title='bbox 347 2235 481 2268; x_wconf 75' lang='lat' dir='ltr'><strong>vicinia</strong></span> <span class='ocrx_word' id='word_1_367' title='bbox 502 2233 670 2267; x_wconf 70' lang='lat' dir='ltr'><strong>Persidis</strong></span> <span class='ocrx_word' id='word_1_368' title='bbox 687 2240 807 2280; x_wconf 75' lang='lat' dir='ltr'><strong>urget,</strong></span> <span class='ocrx_word' id='word_1_369' title='bbox 830 2235 881 2265; x_wconf 74' lang='lat' dir='ltr'><strong>Et</strong></span> <span class='ocrx_word' id='word_1_370' title='bbox 899 2232 1048 2266; x_wconf 79' lang='lat' dir='ltr'><strong>diversa</strong></span> <span class='ocrx_word' id='word_1_371' title='bbox 1066 2243 1182 2265; x_wconf 77' lang='lat' dir='ltr'><strong>ruens</strong></span> <span class='ocrx_word' id='word_1_372' title='bbox 1197 2239 1332 2278; x_wconf 76' lang='lat' dir='ltr'><strong>Septem</strong></span> <span class='ocrx_word' id='word_1_373' title='bbox 1351 2231 1530 2264; x_wconf 69' lang='lat' dir='ltr'><strong>discurrit</strong></span> <span class='ocrx_word' id='word_1_374' title='bbox 1547 2230 1589 2263; x_wconf 85' lang='lat' dir='ltr'><strong>in</strong></span> <span class='ocrx_word' id='word_1_375' title='bbox 1610 2240 1688 2271; x_wconf 87' lang='lat' dir='ltr'><strong>ora,</strong></span> 
     </span>
     <span class='ocr_line' id='line_1_37' title="bbox 170 2277 1690 2328; baseline -0.005 -12"><span class='ocrx_word' id='word_1_376' title='bbox 170 2285 293 2328; x_wconf 77' lang='lat' dir='ltr'><strong>Usque</strong></span> <span class='ocrx_word' id='word_1_377' title='bbox 315 2281 492 2315; x_wconf 70' lang='lat' dir='ltr'><strong>coloratis</strong></span> <span class='ocrx_word' id='word_1_378' title='bbox 516 2281 635 2314; x_wconf 75' lang='lat' dir='ltr'><strong>amnis</strong></span> <span class='ocrx_word' id='word_1_379' title='bbox 663 2280 828 2314; x_wconf 75' lang='lat' dir='ltr'><strong>devexus</strong></span> <span class='ocrx_word' id='word_1_380' title='bbox 855 2277 901 2312; x_wconf 86' lang='lat' dir='ltr'><strong>ab</strong></span> <span class='ocrx_word' id='word_1_381' title='bbox 923 2279 1043 2313; x_wconf 77' lang='lat' dir='ltr'><strong>Indis.</strong></span> <span class='ocrx_word' id='word_1_382' title='bbox 1091 2282 1182 2313; x_wconf 88' lang='lat' dir='ltr'><strong>Sane</strong></span> <span class='ocrx_word' id='word_1_383' title='bbox 1211 2279 1370 2323; x_wconf 89' lang='lat' dir='ltr'><strong>Gangem</strong></span> <span class='ocrx_word' id='word_1_384' title='bbox 1390 2289 1454 2324; x_wconf 91' lang='lat' dir='ltr'><strong>per</strong></span> <span class='ocrx_word' id='word_1_385' title='bbox 1473 2282 1608 2323; x_wconf 85' lang='lat' dir='ltr'><strong>septem</strong></span> <span class='ocrx_word' id='word_1_386' title='bbox 1626 2287 1690 2310; x_wconf 82' lang='lat' dir='ltr'><strong>ora</strong></span> 
     </span>
     <span class='ocr_line' id='line_1_38' title="bbox 161 2322 1690 2373; baseline -0.005 -11"><span class='ocrx_word' id='word_1_387' title='bbox 161 2329 198 2362; x_wconf 89' lang='lat' dir='ltr'><strong>in</strong></span> <span class='ocrx_word' id='word_1_388' title='bbox 217 2341 313 2362; x_wconf 84' lang='lat' dir='ltr'><strong>mare</strong></span> <span class='ocrx_word' id='word_1_389' title='bbox 335 2327 460 2362; x_wconf 84' lang='lat' dir='ltr'><strong>inferri</strong></span> <span class='ocrx_word' id='word_1_390' title='bbox 479 2328 556 2373; x_wconf 91' lang='lat' dir='ltr'><strong>ipse</strong></span> <span class='ocrx_word' id='word_1_391' title='bbox 587 2334 694 2373; x_wconf 89' lang='lat' dir='ltr'><strong>poeta</strong></span> <span class='ocrx_word' id='word_1_392' title='bbox 720 2327 792 2361; x_wconf 88' lang='lat' dir='ltr'><strong>alio</strong></span> <span class='ocrx_word' id='word_1_393' title='bbox 825 2326 907 2360; x_wconf 91' lang='lat' dir='ltr'><strong>loco</strong></span> <span class='ocrx_word' id='word_1_394' title='bbox 938 2326 1163 2360; x_wconf 86' lang='lat' dir='ltr'><strong>memoravit:</strong></span> <span class='ocrx_word' id='word_1_395' title='bbox 1203 2328 1285 2359; x_wconf 84' lang='lat' dir='ltr'><strong>Aen.</strong></span> <span class='ocrx_word' id='word_1_396' title='bbox 1306 2326 1371 2367; x_wconf 90' lang='lat' dir='ltr'><strong>IX,</strong></span> <span class='ocrx_word' id='word_1_397' title='bbox 1395 2325 1453 2360; x_wconf 83' lang='lat'><strong>30.</strong></span> <span class='ocrx_word' id='word_1_398' title='bbox 1473 2325 1530 2360; x_wconf 88' lang='lat'><strong>31.</strong></span> <span class='ocrx_word' id='word_1_399' title='bbox 1579 2322 1690 2357; x_wconf 85' lang='lat' dir='ltr'><strong>Addit</strong></span> 
     </span>
     <span class='ocr_line' id='line_1_39' title="bbox 160 2370 1688 2419; baseline -0.005 -9"><span class='ocrx_word' id='word_1_400' title='bbox 160 2376 213 2411; x_wconf 89' lang='lat' dir='ltr'><strong>vir</strong></span> <span class='ocrx_word' id='word_1_401' title='bbox 243 2377 366 2409; x_wconf 88' lang='lat' dir='ltr'><strong>doctus</strong></span> <span class='ocrx_word' id='word_1_402' title='bbox 397 2375 526 2409; x_wconf 83' lang='lat' dir='ltr'><strong>Melam</strong></span> <span class='ocrx_word' id='word_1_403' title='bbox 553 2376 621 2416; x_wconf 85' lang='lat'><strong>111,</strong></span> <span class='ocrx_word' id='word_1_404' title='bbox 647 2375 692 2410; x_wconf 87' lang='lat'><strong>63</strong></span> <span class='ocrx_word' id='word_1_405' title='bbox 709 2394 754 2399; x_wconf 92' lang='lat'>—</span> <span class='ocrx_word' id='word_1_406' title='bbox 775 2375 832 2409; x_wconf 92' lang='grc'><strong>66.</strong></span> <span class='ocrx_word' id='word_1_407' title='bbox 857 2375 1020 2419; x_wconf 89' lang='lat' dir='ltr'><strong>Propert.</strong></span> <span class='ocrx_word' id='word_1_408' title='bbox 1049 2376 1116 2415; x_wconf 92' lang='lat' dir='ltr'><strong>III,</strong></span> <span class='ocrx_word' id='word_1_409' title='bbox 1141 2374 1207 2414; x_wconf 83' lang='grc'>22,</span> <span class='ocrx_word' id='word_1_410' title='bbox 1235 2374 1291 2408; x_wconf 88' lang='grc'><strong>16.</strong></span> <span class='ocrx_word' id='word_1_411' title='bbox 1338 2372 1534 2406; x_wconf 86' lang='lat' dir='ltr'><strong>Incideram</strong></span> <span class='ocrx_word' id='word_1_412' title='bbox 1553 2377 1590 2404; x_wconf 89' lang='lat' dir='ltr'><strong>et</strong></span> <span class='ocrx_word' id='word_1_413' title='bbox 1608 2370 1688 2416; x_wconf 89' lang='lat' dir='ltr'><strong>ipse</strong></span> 
     </span>
     <span class='ocr_line' id='line_1_40' title="bbox 161 2418 1688 2469; baseline -0.004 -12"><span class='ocrx_word' id='word_1_414' title='bbox 161 2423 349 2469; x_wconf 86' lang='lat' dir='ltr'><strong>aliquando</strong></span> <span class='ocrx_word' id='word_1_415' title='bbox 370 2422 407 2455; x_wconf 91' lang='lat' dir='ltr'><strong>in</strong></span> <span class='ocrx_word' id='word_1_416' title='bbox 429 2422 519 2456; x_wconf 89' lang='lat' dir='ltr'><strong>hanc</strong></span> <span class='ocrx_word' id='word_1_417' title='bbox 540 2421 794 2467; x_wconf 86' lang='lat' dir='ltr'><strong>suspicionem,</strong></span> <span class='ocrx_word' id='word_1_418' title='bbox 818 2420 979 2466; x_wconf 86' lang='lat' dir='ltr'><strong>inprimis</strong></span> <span class='ocrx_word' id='word_1_419' title='bbox 1005 2421 1084 2466; x_wconf 86' lang='lat' dir='ltr'><strong>quia</strong></span> <span class='ocrx_word' id='word_1_420' title='bbox 1103 2421 1204 2454; x_wconf 89' lang='lat' dir='ltr'><strong>Maro</strong></span> <span class='ocrx_word' id='word_1_421' title='bbox 1226 2420 1334 2453; x_wconf 85' lang='lat' dir='ltr'><strong>etiam</strong></span> <span class='ocrx_word' id='word_1_422' title='bbox 1353 2419 1467 2453; x_wconf 84' lang='lat' dir='ltr'><strong>altero</strong></span> <span class='ocrx_word' id='word_1_423' title='bbox 1483 2418 1565 2453; x_wconf 89' lang='lat' dir='ltr'><strong>loco</strong></span> <span class='ocrx_word' id='word_1_424' title='bbox 1588 2419 1688 2452; x_wconf 78' lang='lat' dir='ltr'><strong>Gan-</strong></span> 
     </span>
     <span class='ocr_line' id='line_1_41' title="bbox 161 2465 1688 2516; baseline -0.003 -12"><span class='ocrx_word' id='word_1_425' title='bbox 161 2483 242 2516; x_wconf 87' lang='lat' dir='ltr'><strong>gem</strong></span> <span class='ocrx_word' id='word_1_426' title='bbox 264 2477 299 2504; x_wconf 89' lang='lat' dir='ltr'><strong>et</strong></span> <span class='ocrx_word' id='word_1_427' title='bbox 320 2470 440 2504; x_wconf 90' lang='lat' dir='ltr'><strong>Nilum</strong></span> <span class='ocrx_word' id='word_1_428' title='bbox 463 2469 599 2514; x_wconf 88' lang='lat' dir='ltr'><strong>iungit:</strong></span> <span class='ocrx_word' id='word_1_429' title='bbox 627 2472 699 2502; x_wconf 80' lang='lat' dir='ltr'><strong>Cea</strong></span> <span class='ocrx_word' id='word_1_430' title='bbox 715 2477 852 2515; x_wconf 72' lang='lat' dir='ltr'><strong>septem</strong></span> <span class='ocrx_word' id='word_1_431' title='bbox 873 2481 1034 2515; x_wconf 78' lang='lat' dir='ltr'><strong>surgens</strong></span> <span class='ocrx_word' id='word_1_432' title='bbox 1061 2468 1202 2502; x_wconf 73' lang='lat' dir='ltr'><strong>sedatis</strong></span> <span class='ocrx_word' id='word_1_433' title='bbox 1221 2465 1390 2501; x_wconf 77' lang='lat' dir='ltr'><strong>amnibus</strong></span> <span class='ocrx_word' id='word_1_434' title='bbox 1408 2467 1511 2500; x_wconf 73' lang='lat' dir='ltr'><strong>altu-s·</strong></span> <span class='ocrx_word' id='word_1_435' title='bbox 1530 2467 1606 2499; x_wconf 87' lang='lat' dir='ltr'><strong>Per</strong></span> <span class='ocrx_word' id='word_1_436' title='bbox 1624 2473 1688 2499; x_wconf 84' lang='lat' dir='ltr'><strong>ta·-</strong></span> 
     </span>
     <span class='ocr_line' id='line_1_42' title="bbox 161 2512 1688 2564; baseline -0.004 -12"><span class='ocrx_word' id='word_1_437' title='bbox 161 2519 270 2552; x_wconf 76' lang='lat' dir='ltr'><strong>citum</strong></span> <span class='ocrx_word' id='word_1_438' title='bbox 292 2519 442 2564; x_wconf 80' lang='lat' dir='ltr'><strong>Ganges</strong></span> <span class='ocrx_word' id='word_1_439' title='bbox 463 2525 528 2551; x_wconf 76' lang='lat' dir='ltr'><strong>aut</strong></span> <span class='ocrx_word' id='word_1_440' title='bbox 549 2518 687 2564; x_wconf 72' lang='lat' dir='ltr'><strong>Pingui</strong></span> <span class='ocrx_word' id='word_1_441' title='bbox 702 2517 864 2562; x_wconf 81' lang='lat' dir='ltr'><strong>flamine</strong></span> <span class='ocrx_word' id='word_1_442' title='bbox 887 2516 1011 2549; x_wconf 77' lang='lat' dir='ltr'><strong>Nilus.</strong></span> <span class='ocrx_word' id='word_1_443' title='bbox 1059 2514 1245 2548; x_wconf 83' lang='lat' dir='ltr'><strong>Enimvero</strong></span> <span class='ocrx_word' id='word_1_444' title='bbox 1276 2513 1491 2548; x_wconf 88' lang='lat' dir='ltr'><strong>revocabant</strong></span> <span class='ocrx_word' id='word_1_445' title='bbox 1519 2524 1574 2546; x_wconf 87' lang='lat' dir='ltr'><strong>me</strong></span> <span class='ocrx_word' id='word_1_446' title='bbox 1603 2512 1688 2558; x_wconf 90' lang='lat' dir='ltr'><strong>plu-</strong></span> 
     </span>
     <span class='ocr_line' id='line_1_43' title="bbox 159 2559 1687 2610; baseline -0.003 -13"><span class='ocrx_word' id='word_1_447' title='bbox 159 2577 218 2598; x_wconf 90' lang='lat' dir='ltr'><strong>ra:</strong></span> <span class='ocrx_word' id='word_1_448' title='bbox 243 2565 357 2610; x_wconf 86' lang='lat' dir='ltr'><strong>primo</strong></span> <span class='ocrx_word' id='word_1_449' title='bbox 384 2564 487 2610; x_wconf 78' lang='lat' dir='ltr'><strong>quod</strong></span> <span class='ocrx_word' id='word_1_450' title='bbox 505 2576 610 2608; x_wconf 88' lang='lat' dir='ltr'><strong>apum</strong></span> <span class='ocrx_word' id='word_1_451' title='bbox 634 2563 899 2608; x_wconf 84' lang='lat' dir='ltr'><strong>generationem</strong></span> <span class='ocrx_word' id='word_1_452' title='bbox 916 2574 1020 2595; x_wconf 89' lang='lat' dir='ltr'><strong>nemo</strong></span> <span class='ocrx_word' id='word_1_453' title='bbox 1045 2563 1090 2596; x_wconf 92' lang='lat' dir='ltr'><strong>ad</strong></span> <span class='ocrx_word' id='word_1_454' title='bbox 1110 2562 1216 2596; x_wconf 91' lang='lat' dir='ltr'><strong>Indos</strong></span> <span class='ocrx_word' id='word_1_455' title='bbox 1235 2561 1380 2603; x_wconf 90' lang='lat' dir='ltr'><strong>retulit,</strong></span> <span class='ocrx_word' id='word_1_456' title='bbox 1406 2559 1491 2606; x_wconf 89' lang='lat' dir='ltr'><strong>quid</strong></span> <span class='ocrx_word' id='word_1_457' title='bbox 1511 2559 1606 2605; x_wconf 88' lang='lat' dir='ltr'><strong>quod</strong></span> <span class='ocrx_word' id='word_1_458' title='bbox 1622 2571 1687 2593; x_wconf 91' lang='lat' dir='ltr'><strong>nec</strong></span> 
     </span>
     <span class='ocr_line' id='line_1_44' title="bbox 159 2606 1687 2654; baseline -0.004 -9"><span class='ocrx_word' id='word_1_459' title='bbox 159 2612 374 2646; x_wconf 87' lang='lat' dir='ltr'><strong>mellificium</strong></span> <span class='ocrx_word' id='word_1_460' title='bbox 393 2611 485 2644; x_wconf 85' lang='lat' dir='ltr'><strong>inter</strong></span> <span class='ocrx_word' id='word_1_461' title='bbox 504 2611 610 2644; x_wconf 87' lang='lat' dir='ltr'><strong>Indos</strong></span> <span class='ocrx_word' id='word_1_462' title='bbox 642 2616 874 2644; x_wconf 85' lang='lat' dir='ltr'><strong>memoratum</strong></span> <span class='ocrx_word' id='word_1_463' title='bbox 902 2621 946 2642; x_wconf 89' lang='lat' dir='ltr'><strong>ne</strong></span> <span class='ocrx_word' id='word_1_464' title='bbox 976 2621 1018 2642; x_wconf 83' lang='lat' dir='ltr'><strong>ex</strong></span> <span class='ocrx_word' id='word_1_465' title='bbox 1037 2610 1238 2643; x_wconf 90' lang='lat' dir='ltr'><strong>recentibus</strong></span> <span class='ocrx_word' id='word_1_466' title='bbox 1257 2608 1397 2654; x_wconf 89' lang='lat' dir='ltr'><strong>quidem</strong></span> <span class='ocrx_word' id='word_1_467' title='bbox 1417 2607 1461 2640; x_wconf 89' lang='lat' dir='ltr'><strong>de</strong></span> <span class='ocrx_word' id='word_1_468' title='bbox 1478 2607 1577 2640; x_wconf 90' lang='lat' dir='ltr'><strong>India</strong></span> <span class='ocrx_word' id='word_1_469' title='bbox 1594 2606 1687 2641; x_wconf 87' lang='lat' dir='ltr'><strong>scri-</strong></span> 
     </span>
     <span class='ocr_line' id='line_1_45' title="bbox 159 2654 1687 2705; baseline -0.004 -12"><span class='ocrx_word' id='word_1_470' title='bbox 159 2659 323 2705; x_wconf 88' lang='lat' dir='ltr'><strong>ptoribus</strong></span> <span class='ocrx_word' id='word_1_471' title='bbox 350 2658 514 2699; x_wconf 88' lang='lat' dir='ltr'><strong>memini;</strong></span> <span class='ocrx_word' id='word_1_472' title='bbox 548 2665 619 2690; x_wconf 90' lang='lat' dir='ltr'><strong>tum</strong></span> <span class='ocrx_word' id='word_1_473' title='bbox 641 2669 714 2691; x_wconf 90' lang='lat' dir='ltr'><strong>non</strong></span> <span class='ocrx_word' id='word_1_474' title='bbox 745 2657 857 2690; x_wconf 89' lang='lat' dir='ltr'><strong>minus</strong></span> <span class='ocrx_word' id='word_1_475' title='bbox 882 2663 1084 2690; x_wconf 90' lang='lat' dir='ltr'><strong>contortum</strong></span> <span class='ocrx_word' id='word_1_476' title='bbox 1106 2663 1159 2690; x_wconf 91' lang='lat' dir='ltr'><strong>est</strong></span> <span class='ocrx_word' id='word_1_477' title='bbox 1180 2656 1289 2697; x_wconf 86' lang='lat' dir='ltr'><strong>illud,</strong></span> <span class='ocrx_word' id='word_1_478' title='bbox 1316 2654 1431 2700; x_wconf 90' lang='lat' dir='ltr'><strong>quod,</strong></span> <span class='ocrx_word' id='word_1_479' title='bbox 1458 2666 1531 2700; x_wconf 78' lang='lat' dir='ltr'><strong>qua</strong></span> <span class='ocrx_word' id='word_1_480' title='bbox 1551 2655 1687 2688; x_wconf 80' lang='lat' dir='ltr'><strong>vicinia</strong></span> 
     </span>
     <span class='ocr_line' id='line_1_46' title="bbox 160 2701 1684 2752; baseline -0.004 -12"><span class='ocrx_word' id='word_1_481' title='bbox 160 2706 328 2740; x_wconf 76' lang='lat' dir='ltr'><strong>Persidis</strong></span> <span class='ocrx_word' id='word_1_482' title='bbox 353 2714 481 2752; x_wconf 70' lang='lat' dir='ltr'><strong>urget,</strong></span> <span class='ocrx_word' id='word_1_483' title='bbox 525 2706 664 2749; x_wconf 88' lang='lat' dir='ltr'><strong>Ganges</strong></span> <span class='ocrx_word' id='word_1_484' title='bbox 692 2711 854 2737; x_wconf 89' lang='lat' dir='ltr'><strong>narratur</strong></span> <span class='ocrx_word' id='word_1_485' title='bbox 885 2704 1082 2737; x_wconf 88' lang='lat' dir='ltr'><strong>decurrere.</strong></span> <span class='ocrx_word' id='word_1_486' title='bbox 1140 2704 1217 2737; x_wconf 93' lang='lat' dir='ltr'><strong>Nec</strong></span> <span class='ocrx_word' id='word_1_487' title='bbox 1242 2703 1285 2736; x_wconf 88' lang='lat' dir='ltr'><strong>ab</strong></span> <span class='ocrx_word' id='word_1_488' title='bbox 1318 2701 1503 2735; x_wconf 84' lang='lat' dir='ltr'><strong>occidente</strong></span> <span class='ocrx_word' id='word_1_489' title='bbox 1529 2701 1684 2735; x_wconf 86' lang='lat' dir='ltr'><strong>Persidis</strong></span> 
     </span>
     <span class='ocr_line' id='line_1_47' title="bbox 159 2747 1684 2798; baseline -0.004 -11"><span class='ocrx_word' id='word_1_490' title='bbox 159 2754 196 2787; x_wconf 87' lang='lat' dir='ltr'><strong>in</strong></span> <span class='ocrx_word' id='word_1_491' title='bbox 227 2752 387 2788; x_wconf 88' lang='lat' dir='ltr'><strong>confiniis</strong></span> <span class='ocrx_word' id='word_1_492' title='bbox 419 2751 587 2798; x_wconf 91' lang='lat' dir='ltr'><strong>populum</strong></span> <span class='ocrx_word' id='word_1_493' title='bbox 618 2757 679 2784; x_wconf 86' lang='lat' dir='ltr'><strong>aut</strong></span> <span class='ocrx_word' id='word_1_494' title='bbox 701 2751 883 2795; x_wconf 82' lang='lat' dir='ltr'><strong>regionem</strong></span> <span class='ocrx_word' id='word_1_495' title='bbox 909 2750 1013 2792; x_wconf 89' lang='lat' dir='ltr'><strong>novi,</strong></span> <span class='ocrx_word' id='word_1_496' title='bbox 1047 2751 1083 2783; x_wconf 88' lang='lat' dir='ltr'><strong>in</strong></span> <span class='ocrx_word' id='word_1_497' title='bbox 1104 2762 1170 2795; x_wconf 92' lang='lat' dir='ltr'><strong>qua</strong></span> <span class='ocrx_word' id='word_1_498' title='bbox 1198 2761 1301 2794; x_wconf 88' lang='lat' dir='ltr'><strong>apum</strong></span> <span class='ocrx_word' id='word_1_499' title='bbox 1317 2748 1578 2793; x_wconf 76' lang='lat' dir='ltr'><strong>reparatIOnem</strong></span> <span class='ocrx_word' id='word_1_500' title='bbox 1593 2747 1684 2781; x_wconf 83' lang='lat' dir='ltr'><strong>miro</strong></span> 
     </span>
     <span class='ocr_line' id='line_1_48' title="bbox 160 2795 1684 2841; baseline -0.004 -7"><span class='ocrx_word' id='word_1_501' title='bbox 160 2801 231 2835; x_wconf 91' lang='lat' dir='ltr'><strong>ullo</strong></span> <span class='ocrx_word' id='word_1_502' title='bbox 252 2812 351 2834; x_wconf 91' lang='lat' dir='ltr'><strong>more</strong></span> <span class='ocrx_word' id='word_1_503' title='bbox 367 2806 594 2833; x_wconf 88' lang='lat' dir='ltr'><strong>memoratam</strong></span> <span class='ocrx_word' id='word_1_504' title='bbox 613 2798 849 2840; x_wconf 88' lang='lat' dir='ltr'><strong>meminerim,</strong></span> <span class='ocrx_word' id='word_1_505' title='bbox 876 2797 943 2830; x_wconf 89' lang='lat' dir='ltr'><strong>etsi</strong></span> <span class='ocrx_word' id='word_1_506' title='bbox 971 2797 1016 2830; x_wconf 89' lang='lat' dir='ltr'><strong>de</strong></span> <span class='ocrx_word' id='word_1_507' title='bbox 1044 2796 1222 2830; x_wconf 85' lang='lat' dir='ltr'><strong>mellificio</strong></span> <span class='ocrx_word' id='word_1_508' title='bbox 1248 2795 1542 2841; x_wconf 87' lang='lat' dir='ltr'><strong>Babyloniorum,</strong></span> <span class='ocrx_word' id='word_1_509' title='bbox 1569 2801 1605 2828; x_wconf 90' lang='lat' dir='ltr'><strong>et</strong></span> <span class='ocrx_word' id='word_1_510' title='bbox 1622 2797 1684 2828; x_wconf 94' lang='lat' dir='ltr'><strong>Iu-</strong></span> 
     </span>
     <span class='ocr_line' id='line_1_49' title="bbox 159 2843 1684 2891; baseline -0.004 -9"><span class='ocrx_word' id='word_1_511' title='bbox 159 2849 348 2891; x_wconf 87' lang='lat' dir='ltr'><strong>daeorum,</strong></span> <span class='ocrx_word' id='word_1_512' title='bbox 372 2846 543 2881; x_wconf 73' lang='lat' dir='ltr'><strong>nonnulla</strong></span> <span class='ocrx_word' id='word_1_513' title='bbox 569 2852 711 2879; x_wconf 87' lang='lat' dir='ltr'><strong>narrata</strong></span> <span class='ocrx_word' id='word_1_514' title='bbox 727 2851 879 2878; x_wconf 86' lang='lat' dir='ltr'><strong>teneam.</strong></span> <span class='ocrx_word' id='word_1_515' title='bbox 929 2847 1055 2877; x_wconf 88' lang='lat' dir='ltr'><strong>Omnes</strong></span> <span class='ocrx_word' id='word_1_516' title='bbox 1073 2844 1138 2877; x_wconf 89' lang='lat' dir='ltr'><strong>has</strong></span> <span class='ocrx_word' id='word_1_517' title='bbox 1160 2844 1307 2878; x_wconf 88' lang='lat' dir='ltr'><strong>nebulas</strong></span> <span class='ocrx_word' id='word_1_518' title='bbox 1330 2843 1505 2876; x_wconf 88' lang='lat' dir='ltr'><strong>discussas</strong></span> <span class='ocrx_word' id='word_1_519' title='bbox 1526 2854 1603 2876; x_wconf 88' lang='lat' dir='ltr'><strong>esse</strong></span> <span class='ocrx_word' id='word_1_520' title='bbox 1622 2854 1684 2877; x_wconf 89' lang='lat' dir='ltr'><strong>ar—</strong></span> 
     </span>
    </p>
   </div>
   <div class='ocr_carea' id='block_1_5' title="bbox 156 2938 1734 3114">
    <p class='ocr_par' dir='ltr' id='par_1_7' title="bbox 156 2938 1734 3114">
     <span class='ocr_line' id='line_1_50' title="bbox 215 2938 1683 2995; baseline -0.007 -8"><span class='ocrx_word' id='word_1_521' title='bbox 215 2947 312 2987; x_wconf 79' lang='lat'>290.</span> <span class='ocrx_word' id='word_1_522' title='bbox 349 2944 520 2995; x_wconf 74' lang='lat' dir='ltr'><strong>Quaque</strong></span> <span class='ocrx_word' id='word_1_523' title='bbox 539 2942 693 2980; x_wconf 62' lang='lat' dir='ltr'><strong>vieinia</strong></span> <span class='ocrx_word' id='word_1_524' title='bbox 714 2940 893 2979; x_wconf 77' lang='lat' dir='ltr'><strong>Persidis</strong></span> <span class='ocrx_word' id='word_1_525' title='bbox 952 2952 1054 2991; x_wconf 89' lang='lat' dir='ltr'><strong>quae</strong></span> <span class='ocrx_word' id='word_1_526' title='bbox 1091 2939 1226 2978; x_wconf 85' lang='lat' dir='ltr'><strong>vicina</strong></span> <span class='ocrx_word' id='word_1_527' title='bbox 1264 2945 1360 2979; x_wconf 87' lang='lat' dir='ltr'><strong>sunt</strong></span> <span class='ocrx_word' id='word_1_528' title='bbox 1399 2953 1446 2977; x_wconf 89' lang='lat' dir='ltr'><strong>ac</strong></span> <span class='ocrx_word' id='word_1_529' title='bbox 1482 2938 1683 2990; x_wconf 88' lang='lat' dir='ltr'><strong>contigua,</strong></span> 
     </span>
     <span class='ocr_line' id='line_1_51' title="bbox 157 2997 1683 3054; baseline -0.005 -13"><span class='ocrx_word' id='word_1_530' title='bbox 157 3011 301 3054; x_wconf 72' lang='lat' dir='ltr'><strong>urguet</strong></span> <span class='ocrx_word' id='word_1_531' title='bbox 315 3033 326 3052; x_wconf 93' lang='lat'><strong>,</strong></span> <span class='ocrx_word' id='word_1_532' title='bbox 358 3000 401 3040; x_wconf 86' lang='lat' dir='ltr'><strong>h.</strong></span> <span class='ocrx_word' id='word_1_533' title='bbox 422 3001 470 3039; x_wconf 90' lang='lat' dir='ltr'><strong>ab</strong></span> <span class='ocrx_word' id='word_1_534' title='bbox 488 3008 537 3038; x_wconf 70' lang='lat' dir='ltr'><strong>&#39;ea</strong></span> <span class='ocrx_word' id='word_1_535' title='bbox 553 3005 681 3052; x_wconf 83' lang='lat' dir='ltr'><strong>parte,</strong></span> <span class='ocrx_word' id='word_1_536' title='bbox 710 3011 790 3050; x_wconf 87' lang='lat' dir='ltr'><strong>qua</strong></span> <span class='ocrx_word' id='word_1_537' title='bbox 811 2997 893 3036; x_wconf 89' lang='lat' dir='ltr'><strong>Ae—</strong></span> <span class='ocrx_word' id='word_1_538' title='bbox 949 2998 1109 3050; x_wconf 83' lang='lat' dir='ltr'><strong>poetica</strong></span> <span class='ocrx_word' id='word_1_539' title='bbox 1144 2997 1327 3036; x_wconf 85' lang='lat' dir='ltr'><strong>oratione</strong></span> <span class='ocrx_word' id='word_1_540' title='bbox 1357 3005 1541 3049; x_wconf 74' lang='lat' dir='ltr'><strong>urguent.</strong></span> <span class='ocrx_word' id='word_1_541' title='bbox 1605 2997 1683 3035; x_wconf 91' lang='lat' dir='ltr'><strong>So-</strong></span> 
     </span>
     <span class='ocr_line' id='line_1_52' title="bbox 156 3054 1734 3114; baseline -0.004 -15"><span class='ocrx_word' id='word_1_542' title='bbox 156 3066 280 3114; x_wconf 82' lang='lat' dir='ltr'><strong>gypto</strong></span> <span class='ocrx_word' id='word_1_543' title='bbox 330 3059 460 3099; x_wconf 86' lang='lat' dir='ltr'><strong>Persis</strong></span> <span class='ocrx_word' id='word_1_544' title='bbox 515 3057 766 3098; x_wconf 84' lang='lat' dir='ltr'><strong>contermina</strong></span> <span class='ocrx_word' id='word_1_545' title='bbox 809 3062 888 3107; x_wconf 70' lang='lat' dir='ltr'><strong>est,</strong></span> <span class='ocrx_word' id='word_1_546' title='bbox 946 3056 1033 3095; x_wconf 82' lang='lat' dir='ltr'><strong>lent</strong></span> <span class='ocrx_word' id='word_1_547' title='bbox 1061 3061 1239 3107; x_wconf 86' lang='lat' dir='ltr'><strong>veteres,</strong></span> <span class='ocrx_word' id='word_1_548' title='bbox 1270 3055 1400 3095; x_wconf 86' lang='lat' dir='ltr'><strong>multo</strong></span> <span class='ocrx_word' id='word_1_549' title='bbox 1429 3054 1554 3107; x_wconf 86' lang='lat' dir='ltr'><strong>magis</strong></span> <span class='ocrx_word' id='word_1_550' title='bbox 1579 3066 1682 3108; x_wconf 86' lang='lat' dir='ltr'><strong>poe·</strong></span> <span class='ocrx_word' id='word_1_551' title='bbox 1723 3085 1734 3101; x_wconf 53' lang='lat'><strong><em>⁵</em></strong></span> 
     </span>
    </p>
   </div>
  </div>
 </body>
</html>
