1768 3320
308 183 794 236 GEORGICON
827 185 970 235 LIB.
1004 185 1059 249 1,
1094 190 1395 242 289—296
1512 193 1614 241 343

83 316 296 364 Interea
318 311 546 376 longum
571 319 732 361 cantu
753 311 920 362 solata
946 312 1194 362 laborem

82 387 287 449 Arguto
314 382 545 431 coniunx
567 382 835 448 percurrit
861 384 1076 450 pectine
1098 382 1259 442 telas;

82 457 190 504 Aut
214 451 382 503 dulcis
402 452 567 502 musti
590 451 834 505 Volcano
861 452 1119 522 decoquit
1141 452 1462 515 humorem,
1509 457 1612 505 295

81 525 151 576 Et
173 521 316 573 foliis
337 521 545 573 undam
571 522 769 589 trepidi
795 522 1082 592 despumat
1104 522 1277 574 aheni.

151 622 271 671 293.
304 619 564 681 INTEREA,
633 631 913 683 molum,

126 755 201 793 294
222 757 358 812 mulier:
367 770 470 805 perc.
488 757 546 791 ed.
565 757 712 791 Mediol.
735 761 921 804 percussit
938 758 1050 793 Goth.
1096 758 1232 793 Versus
1251 756 1345 791 idem
1365 759 1452 790 Aen.
1468 756 1549 797 vn,
1570 755 1614 791 14

79 806 231 852 Arguto
252 813 376 839 tenuas
394 817 625 852 percurrens
637 807 786 852 pectine
812 807 910 840 telas
937 807 982 840 de
1004 806 1116 839 Circe.

1210 805 1282 841 295
1306 805 1438 838 humor
1455 803 1614 848 Scaliger

79 851 243 897 legebat,
277 857 319 886 ut
344 857 441 886 esset
467 852 640 898 decoquit
663 864 715 885 se.
748 854 842 887 conf.
864 855 1030 899 Rntgers.
1055 854 1140 886 Var.
1162 853 1261 886 Lect-
1278 853 1324 894 V,
1354 852 1410 887 17.
1460 850 1612 896 (Medic.

81 898 219 942 duleis,
252 899 318 933 sed
340 898 461 933 ultima
480 898 586 932 litera
603 899 770 933 transfixa
794 907 831 933 et
857 908 988 945 puncto
1015 900 1121 934 etiam
1142 906 1286 941 notata,
1319 898 1413 932 unde
1438 897 1613 942 suspicari

79 945 208 988 noent,
240 945 385 981 dulcem
411 945 595 991 scripsisse
612 946 812 992 Virgilium.
855 949 953 993 Wr.)

1047 948 1119 983 296
1143 948 1261 1001 tepidi
1277 946 1391 980 aheni
1409 952 1486 979 erat
1502 944 1612 979 lectio

78 1000 164 1027 ute
179 992 302 1027 Heius.
321 993 480 1039 vulgata3
513 992 635 1039 sicque
655 994 820 1028 Pan-has.
840 995 947 1029 Voss.
969 994 1031 1028 alii
1048 1006 1106 1040 ap.
1128 995 1271 1028 Martm.
1318 993 1458 1040 trepidi
1479 992 1613 1026 dabant

82 1040 176 1075 Gud.
191 1040 337 1074 Mentel.
355 1041 446 1083 dno,
480 1047 629 1086 uterque
648 1041 787 1086 Menag.
809 1042 940 1076 Mol-eti
959 1042 1072 1087 fragm

80 1094 171 1134 quot
181 1087 274 1122 aliis.
313 1086 426 1134 folii-5
452 1107 497 1112 —
526 1088 684 1142 trepidis
702 1088 851 1131 Medic.,

1076 1067 1084 1075 .
1109 1054 1185 1076 cum
1204 1039 1312 1075 Pierii
1332 1039 1463 1074 Medic.
1482 1046 1519 1073 et
1541 1039 1613 1073 ali-

885 1088 1029 1136 hocque
1046 1088 1139 1123 Pier.
1168 1088 1205 1122 in
1225 1088 1383 1122 editione
1403 1099 1464 1121 sua
1479 1087 1612 1132 legisse

79 1133 232 1169 videtur.
265 1134 395 1180 (natum
412 1133 482 1168 hoc
501 1146 544 1168 ex
563 1146 644 1179 ipso
662 1135 850 1170 verborum
867 1137 1007 1183 positu:
1042 1143 1084 1170 tr
1096 1136 1223 1182 epidi
1242 1136 1416 1179 despum
1428 1142 1483 1168 at.
1512 1135 1609 1178 Wr.)

81 1189 120 1216 tr
166 1182 240 1216 idis
256 1183 363 1216 aenis
378 1182 480 1215 Rom.
516 1182 568 1215 De
587 1181 756 1216 varietate
777 1183 846 1217 hac
864 1184 935 1218 vid.
951 1183 1074 1218 Heius.
1091 1184 1128 1218 h.
1146 1184 1171 1218 l.
1191 1191 1226 1217 et
1245 1183 1290 1216 ad
1309 1181 1410 1215 Ovid.
1428 1183 1516 1216 Met.
1528 1182 1610 1222 XII,

78 1230 317 1265 27.eenm·

330 1230 418 1275 aen!⁴
433 1229 524 1263 Gud.
542 1241 609 1274 pro
628 1241 700 1263 var.
718 1229 801 1264 lect.
850 1231 1034 1279 dispumet
1050 1232 1180 1265 Moret.
1202 1236 1316 1276 quart.
1328 1255 1338 1271 ,
1370 1229 1441 1264 hoc
1463 1235 1501 1263 et
1520 1229 1611 1263 illud

78 1275 119 1314 in
132 1275 251 1322 vulgg.
268 1275 351 1311 edd.
372 1275 481 1310 Gellii
496 1277 543 1312 N.
560 1279 602 1311 A.
619 1277 664 1320 11,
684 1277 708 1313 3
719 1303 729 1320 ,
754 1277 815 1311 ubi
837 1278 883 1312 de
900 1279 1072 1325 scriptura
1092 1279 1206 1313 alieni
1220 1277 1350 1324 agitur.

81 1403 141 1460 (et
159 1404 299 1444 dehoc
314 1419 394 1445 usu
411 1407 601 1460 Particip.
612 1407 718 1447 Perf.
730 1407 814 1447 vid.

79 1464 133 1514 Q.
151 1464 201 1504 V.
222 1464 428 1515 XXVIIII,
459 1467 499 1507 3.
534 1464 655 1520 Wr.)
716 1466 814 1508 294.

78 1530 227 1575 oeguto
253 1527 296 1560 et
321 1523 461 1562 cantui
481 1523 662 1563 mulieris
687 1523 815 1563 tribui

77 1585 236 1634 potest,
277 1587 320 1620 et
338 1583 518 1633 pectini,
559 1587 609 1621 ut
641 1582 713 1633 sit,
743 1582 816 1634 qui

78 1637 299 1678 stridorem
326 1639 435 1679 inter
460 1639 686 1679 texendum
714 1640 813 1680 edit.

76 1696 170 1737 Hoc
192 1696 358 1749 quidem
382 1698 524 1737 melius
550 1698 661 1748 fieri,
694 1698 816 1738 docet

75 1755 186 1795 ratio
210 1756 394 1808 poetica,
433 1769 485 1795 ne
522 1756 698 1796 alterum
736 1771 816 1796 no-

77 1820 172 1863 men
187 1813 347 1853 nudum
374 1820 416 1853 et
434 1815 521 1853 sine
540 1814 721 1868 epitheto
746 1815 814 1865 sit,

78 1878 120 1911 et
150 1878 369 1925 poetarum
395 1887 521 1912 usus:
570 1879 620 1912 ut
651 1887 814 1926 quoque

76 1929 218 1985 κερκὶς
244 1931 395 1983 passim
426 1931 469 1970 in
502 1931 633 1983 poetis
659 1935 814 1985 μελπο-

79 1989 206 2042 μένη,
236 1985 388 2037 οἷοιδὸς.
432 1988 631 2043 (omnem,
672 1990 704 2028 si
733 2003 814 2041 qua

78 2051 140 2084 est
158 2076 170 2096 ,
223 2046 521 2086 dubitationem
566 2048 677 2087 tollit
713 2049 813 2087 Aen.

76 2104 171 2154 VII,
202 2103 268 2146 14.
296 2105 342 2144 in
378 2105 427 2144 V.
454 2106 498 2144 L.
537 2105 648 2145 laud.
679 2104 811 2159 lVr.)

72 2170 218 2214 pecten
236 2177 421 2200 canorus.
466 2161 678 2216 (Exempla
698 2164 814 2202 dabit

35 2255 42 2265 .
77 2234 119 2269 v.
141 2233 176 2258 c.
201 2220 381 2260 Brunck.
407 2220 462 2260 ad
485 2220 692 2274 Aristoph.
710 2223 812 2261 Ran.

80 2276 224 2332 1316.)
291 2280 391 2317 Tela
418 2285 478 2317 est
500 2286 655 2330 trama,
698 2280 813 2320 cujus

76 2335 157 2376 filis
174 2336 369 2376 inseritur
395 2338 606 2377 subtemen
637 2351 713 2390 ope
732 2353 815 2390 pe-

76 2395 195 2433 ethus·
209 2410 227 2443 ;
288 2409 319 2434 s.
349 2395 457 2434 radii
509 2403 583 2435 aut
627 2395 814 2449 spathae:

78 2449 260 2506 (Graecis
283 2453 420 2506 κερκὶς
446 2461 526 2494 est:
557 2454 608 2493 de
628 2468 709 2506 qua
726 2454 811 2494 vid.

76 2509 265 2563 Apollod.
317 2512 376 2562 Π,
415 2514 466 2562 8,
508 2516 546 2554 1.
616 2511 810 2552 Antonin.

77 2568 163 2607 Lib.
191 2570 260 2612 25.
300 2569 489 2623 Sophocl.
527 2569 664 2623 Antig.
698 2569 809 2622 988)

80 2626 194 2665 cuius
222 2628 395 2667 formam
425 2643 449 2667 a
466 2635 608 2668 nostra
624 2629 812 2668 navicula

78 2685 257 2724 textoria
274 2686 475 2726 diversam
488 2693 531 2726 et
547 2687 709 2740 pectini,
729 2701 811 2739 quo

79 2742 170 2794 lyra
190 2744 377 2794 pulsatur
390 2775 400 2794 ,
430 2745 662 2798 propiorem
689 2746 811 2784 fuisse

80 2813 239 2838 necesse
268 2808 341 2841 est.
393 2803 487 2842 Loc.
529 2803 642 2843 class.
688 2803 810 2842 Ovid.

79 2857 177 2897 Met.
206 2858 272 2908 VI,
306 2860 361 2901 53
386 2874 471 2912 sqq.
502 2862 551 2900 cs.
570 2862 741 2901 Excurs.
760 2862 812 2900 I*

80 2916 134 2954 ad
156 2914 255 2954 Aen.
283 2916 375 2966 VII,
409 2918 476 2959 14.
502 2925 562 2969 et,
607 2919 678 2971 qui
694 2925 812 2972 post-

80 2987 203 3026 quam
228 2974 307 3013 ista
333 2975 484 3028 scripta
509 2983 648 3027 erant,
675 2977 721 3016 in
743 2977 812 3016 lu-

874 1422 960 1448 cem
980 1407 1156 1461 prodiit,
1198 1406 1378 1446 Indjoem
1412 1406 1609 1460 Scriptor.

872 1468 923 1506 R.
953 1467 1002 1505 R.
1026 1480 1067 1519 p.
1086 1469 1191 1515 370,
1222 1465 1265 1504 in
1294 1479 1376 1517 quo
1408 1478 1433 1503 a
1455 1464 1610 1503 doctis-

872 1525 972 1564 simo
991 1523 1240 1563 Schneidero
1254 1523 1329 1562 sub
1349 1536 1440 1562 voc.
1460 1523 1610 1561 tela—

872 1583 1004 1622 omnis
1030 1596 1096 1622 res
1122 1581 1303 1622 textoria
1329 1587 1519 1621 veterum
1538 1594 1608 1619 ac-

871 1641 1077 1691 curatius,
1107 1654 1231 1693 quam
1251 1654 1274 1677 a
1293 1653 1500 1692 quoquam
1517 1639 1607 1688 alio,

873 1706 935 1739 est
964 1699 1160 1752 exposita.
1227 1698 1345 1737 Patet
1381 1704 1519 1737 autem
1556 1710 1609 1736 ex

871 1757 954 1797 hoc
977 1771 1114 1807 versu,
1143 1757 1189 1795 in
1208 1757 1326 1795 Italia
1341 1769 1502 1808 quoque
1517 1769 1607 1794 ma-

871 1806 1128 1855 tresfainilias
1159 1816 1410 1854 rusticorum
1433 1814 1608 1853 telarum

871 1880 1063 1914 texturae
1090 1886 1264 1913 vacasse.
1327 1873 1425 1916 295.
1457 1873 1528 1911 Ge.
1538 1873 1606 1923 IV,

872 1935 959 1975 268
979 1934 1071 1985 igni
1082 1934 1266 1984 pinguia
1277 1931 1404 1970 multo
1414 1930 1605 1984 Defi‘tua.
1646 1942 1650 1952 ¹

872 1990 1022 2030 Sedula
1040 1990 1084 2029 in
1104 1990 1227 2030 variis
1247 2003 1269 2028 e
1298 1995 1435 2028 musto
1452 1989 1606 2028 defi-un·

872 2049 1085 2101 generibus
1122 2048 1382 2088 conficiendis
1418 2054 1606 2087 veterum

870 2108 949 2146 fuit
969 2120 1112 2159 opera:
1143 2106 1226 2145 vid,
1245 2107 1347 2145 Plin.
1365 2106 1516 2155 XXIII,
1536 2108 1604 2149 18.

870 2165 979 2215 XIV,
998 2168 1064 2206 11.
1096 2164 1318 2203 Columella
1338 2164 1430 2215 XII,
1451 2178 1538 2217 cap.
1550 2166 1604 2206 19

869 2225 1013 2264 -21.
1071 2223 1208 2262 Dulce
1251 2231 1429 2261 mustum
1460 2221 1605 2261 laudat
1641 2235 1646 2239 ·

871 2280 1067 2330 Quinctil.
1093 2281 1191 2320 lust.
1218 2280 1330 2331 VIII,
1349 2283 1391 2331 2,
1423 2283 1475 2323 10
1497 2281 1604 2319 inter

868 2338 1061 2392 epitheta,
1090 2352 1193 2391 quae
1212 2338 1277 2389 id,
1306 2338 1420 2391 quod
1433 2339 1495 2378 rei
1502 2353 1603 2392 pro-

870 2398 1008 2451 prium
1043 2397 1094 2436 sit
1114 2428 1125 2447 ‚
1176 2398 1421 2450 exprimant.
1460 2398 1606 2436 humor

869 2458 995 2494 musti
1011 2456 1171 2509 poetica
1188 2455 1446 2509 periphrasis,
1503 2457 1602 2497 296.

870 2514 1072 2565 trepidum
1088 2544 1100 2564 ‚
1138 2514 1316 2567 proprie
1330 2519 1512 2553 mustum
1542 2519 1604 2551 est

869 2571 1076 2624 trepidum
1097 2602 1109 2622 ,
1147 2573 1242 2624 quia
1259 2603 1271 2622 ‚
1310 2571 1421 2624 quod
1447 2571 1601 2619 ebullit,

870 2630 983 2682 quasi
1000 2637 1175 2669 tremere
1191 2630 1378 2670 videtur:
1406 2629 1504 2668 Aen.
1516 2628 1600 2677 VH,

869 2687 954 2730 463
976 2688 1136 2732 undans
1156 2689 1356 2737 ahenum,
1399 2687 1496 2726 hinc
1522 2701 1602 2724 un-

869 2746 968 2784 dam
995 2746 1105 2785 idem
1134 2753 1317 2786 mustum
1351 2745 1458 2784 dixit
1485 2743 1601 2782 ebul-

867 2804 968 2843 liens
986 2811 1028 2843 et
1054 2805 1279 2844 exundans.
1337 2802 1499 2841 Fronde
1525 2814 1601 2838 au-

868 2868 973 2912 tem,
1012 2864 1119 2902 sorte
1145 2863 1378 2916 pampinea,
1417 2872 1602 2911 spumam

870 2922 1082 2971 auserunt,
1135 2921 1236 2960 dum
1284 2918 1493 2958 defrutum
1536 2916 1601 2954 sa-

870 2978 997 3017 ciunt.
