1734 3320
247 243 737 301 GEoR-choN
770 247 915 298 LIB.
950 247 1017 311 II,
1054 253 1348 302 237—248
1455 255 1558 305 435

31 381 102 429 At
123 393 284 445 sapor
305 375 567 426 indicium
589 372 770 438 saciet,
807 371 1122 424 manifestus
1148 382 1203 424 et
1227 391 1320 425 ora

35 448 235 499 Tristia.
248 453 554 498 tentantum
577 461 739 495 sensu
761 443 1039 512 torquebit
1062 460 1287 496 amaror.

32 518 248 583 Pinguis
272 517 405 567 item
426 532 563 583 quae
589 515 656 564 sit
677 513 861 578 telluS‚
886 513 1006 564 'hoc
1030 513 1265 583 denique
1287 523 1444 582 pacto

102 613 220 664 246.
254 623 447 660 rAcm'r
482 622 812 659 Mmrnsrns
824 649 838 673 ‚

77 758 151 798 246
172 762 224 796 Bc
249 761 356 796 idem.
403 763 475 796 Sat
502 773 590 795 unus
615 761 734 795 Mead.
782 760 946 795 Reiskius
976 772 1048 795 non
1080 761 1172 795 male
1195 761 1246 796 ita
1268 760 1556 805 interpungebat:

31 811 87 846 Ae
105 820 219 856 sapor
235 809 414 843 indic-ium
431 807 574 856 facien
607 807 832 855 manifestus
849 815 887 841 et
912 821 981 843 ora
1006 811 1068 850 T„
1102 814 1142 842 ut
1168 808 1215 842 sit
1234 820 1383 842 amaror
1399 810 1500 843 mam·
1516 822 1559 842 e-

32 864 135 897 εεως
158 854 245 890 facit
262 855 334 890 hoc
363 855 459 889 idem
487 855 632 890 Wakef.
658 863 693 890 et
721 854 840 889 malim
872 855 923 889 sic
949 855 1028 900 ipse
1053 854 1320 901 interpungere.
1355 854 1457 901 (fecit
1516 867 1559 890 oc

33 903 141 938 etiam
160 902 322 944 1ahnius3
357 909 395 937 et
416 902 680 948 obtemperavi,
713 903 778 936 sed
810 902 1083 937 cunctabundus.
1117 903 1214 948 Wr.)
1315 902 1387 938 247
1410 915 1560 937 amaror

32 949 131 996 apud
147 949 241 984 Gell.
261 951 291 992 1,
314 951 358 986 21
384 949 546 996 Hyginus
566 949 820 984 Grammaticus
847 949 884 983 in
904 949 999 983 libro
1012 976 1022 992 ,
1058 949 1118 996 qui
1133 950 1251 983 fuerat
1270 961 1313 983 ex
1332 949 1439 983 domo
1454 956 1559 996 atque

31 996 166 1032 familia
193 997 359 1043 Virgilii,
391 996 567 1034 invenisse
592 997 820 1031 memorabat.
878 997 1045 1030 Eamdem
1068 997 1259 1031 lectionem
1284 996 1560 1042 amplectebatur

32 1044 226 1079 Favorinus
254 1052 290 1078 et
315 1044 395 1090 ipse
422 1043 571 1078 Gellius.
627 1043 799 1090 Agnoscit
828 1055 968 1090 quoque
986 1045 1144 1078 Macrob.
1171 1047 1246 1078 Sat.
1270 1045 1340 1086 Vl,
1372 1045 1413 1087 1,
1447 1051 1483 1078 et
1507 1044 1558 1079 sic

33 1098 171 1137 septem
196 1091 291 1137 apud
308 1091 455 1134 Heius„
488 1098 637 1137 quatuor
658 1091 753 1136 apud
769 1093 904 1134 Burm.‚
936 1091 992 1125 ed.
1011 1092 1125 1133 Ven.,
1156 1090 1270 1125 nostri
1297 1090 1454 1125 Gothani
1480 1103 1559 1126 cum

32 1139 107 1174 Brf.
129 1144 167 1172 et
188 1137 320 1173 Medic.
339 1150 362 1172 a
383 1150 430 1173 m.
451 1150 522 1172 sec.
558 1139 611 1184 (In
629 1151 779 1173 amaror
792 1138 948 1172 ultimam
965 1152 986 1172 r
1006 1139 1050 1172 ab
1073 1138 1151 1180 alia,
1176 1150 1288 1184 eaque
1306 1138 1459 1184 antiqua,
1482 1138 1559 1181 ned,

33 1192 75 1219 ut
90 1185 260 1228 videatur,
283 1196 357 1220 non
373 1184 534 1230 Apronii,
558 1197 662 1219 manu
681 1185 836 1220 additam
853 1186 964 1219 refert
974 1185 1179 1231 Pogginius.
1229 1185 1299 1227 Qui
1316 1198 1444 1220 amaro
1465 1185 1559 1220 scri·-

61 1238 201 1275 serunt,
225 1231 453 1267 Grammatici
469 1232 643 1275 fortasse,
667 1232 737 1266 vid.
757 1234 800 1275 Q.
820 1234 866 1268 V.
889 1234 998 1275 XVI,
1023 1234 1068 1275 6.,
1100 1232 1139 1267 id
1165 1231 1286 1266 nescio
1304 1245 1349 1266 an
1364 1239 1558 1278 propterea

49 1279 204 1323 eeerint,
228 1279 321 1325 quod
342 1279 585 1313 desiderarent
604 1279 790 1324 epitheton
809 1279 982 1314 vocabulo
1001 1292 1112 1314 sensu
1130 1279 1374 1314 adiiciendum.
1406 1284 1457 1314 Ac
1473 1291 1559 1314 sane

33 1338 156 1374 parum
170 1337 297 1369 suave,
322 1327 366 1360 ad
386 1332 548 1360 nostrum
567 1326 706 1361 scilicet
724 1339 881 1369 sensum,
914 1326 965 1361 sic
987 1327 1082 1360 nude
1105 1327 1262 1372 positum
1278 1339 1389 1360 sensu
1406 1327 1558 1370 videtur,

33 1373 244 1420 praesertim
261 1385 367 1420 quum
392 1373 497 1408 facile
520 1385 563 1407 eo
581 1386 712 1408 careas.
759 1377 807 1409 At
828 1382 920 1408 amat
938 1373 1021 1408 talia
1040 1373 1232 1419 Virgilius:
1270 1376 1356 1408 Aen.
1375 1375 1433 1415 111,
1456 1374 1535 1410 147.
1547 1386 1558 1408 ε

33 1421 140 1465 „Nox
159 1427 256 1464 erut,
280 1427 316 1454 et
340 1421 494 1454 terris
519 1420 679 1455 animalia
696 1433 837 1456 somnus
854 1421 1046 1455 habebat.“
1067 1421 1154 1455 ibid.
1177 1421 1278 1457 363.:
1314 1420 1455 1464 „cuncti
1473 1433 1558 1455 sua-

32 1475 155 1503 serunt
195 1467 380 1502 numine
424 1468 509 1502 divi.
520 1471 543 1487 “
587 1468 675 1502 ibid.
711 1469 814 1504 664.:
850 1495 871 1510 ‚,
884 1469 1057 1502 Dentibus
1092 1468 1294 1502 infrendens
1328 1469 1554 1512 gemitu.“

33 1515 96 1558 IV,
119 1515 196 1550 46.:
223 1515 329 1558 „Huc
348 1527 486 1549 cursum
501 1515 625 1550 Iliacas
654 1524 793 1550 vento
816 1516 971 1550 tenuisse
988 1515 1161 1550 earinas.“
1204 1515 1292 1549 ibid.
1311 1516 1412 1551 679.:
1437 1516 1559 1559 „Idem

9 1562 156 1596 .ambas
186 1562 315 1596 ferro
350 1561 456 1596 dolor
486 1569 593 1608 atque
619 1563 742 1596 eadem
769 1563 858 1597 hora
894 1562 1070 1597 tulisset.“
1128 1564 1181 1604 V,
1214 1563 1312 1598 161.:
1344 1564 1558 1604 „Rectorem

33 1609 132 1645 navis
149 1608 339 1654 compellat
361 1620 472 1643 voce
495 1610 719 1644 Menoeten.“
765 1611 827 1653 VI,
853 1611 954 1647 187..·
999 1609 1067 1652 „Si
1094 1622 1186 1644 nunc
1205 1622 1243 1643 se
1271 1609 1375 1643 nobis
1402 1610 1464 1644 ille
1492 1622 1559 1644 au·-

33 1668 115 1691 reus
140 1654 316 1690 arbore
339 1668 455 1690 ramus
475 1657 648 1691 Ostendat
670 1654 814 1691 nemore
838 1657 875 1690 in
899 1660 1036 1691 tanto.“
1067 1656 1155 1690 ibid.
1178 1656 1278 1692 355.:
1305 1658 1420 1699 „Tres
1441 1659 1557 1692 Notus

34 1703 202 1738 hibernus
222 1703 391 1737 immensa
406 1715 474 1749 per
492 1715 647 1749 aequora
663 1711 788 1738 noctes
806 1704 915 1738 Vexit
929 1717 986 1738 me
1004 1703 1182 1738 violentus
1199 1716 1219 1738 a
1231 1715 1284 1750 qu
1295 1706 1351 1737 a.“
1383 1705 1434 1748 X,
1459 1706 1557 1740 102:

35 1750 263 1794 „tremefacta
286 1749 390 1784 solo
415 1750 557 1784 tellus.“
603 1751 728 1795 Longe
759 1759 875 1785 autem
891 1751 1040 1785 maxime
1059 1762 1159 1785 voce.
1186 1762 1266 1784 ore
1292 1757 1330 1784 et
1352 1764 1483 1785 manu
1506 1751 1558 1786 sic

33 1796 277 1844 fiequentata:
309 1799 396 1834 Aen.
421 1799 447 1836 1.
473 1797 575 1834 614.:
600 1806 660 1842 „et
677 1798 728 1832 sic
754 1810 833 1832 ore
856 1798 975 1832 locuta
1000 1801 1092 1832 est.“
1126 1798 1189 1832 cfr.
1209 1799 1253 1841 11,
1278 1798 1358 1834 524.
1381 1800 1448 1842 lx,
1474 1800 1557 1835 319.

32 1845 95 1887 w,
118 1845 194 1881 76.:
228 1843 358 1887 „finem
374 1844 476 1878 dedit
499 1857 579 1879 ore
611 1845 818 1891 loquendi.“
866 1847 934 1887 111,
970 1846 1070 1881 659.:
1106 1846 1270 1886 „Trunca
1302 1858 1430 1880 manu
1453 1846 1557 1891 pinus

33 1891 128 1938 regit
145 1898 182 1926 et
202 1891 352 1936 vestigia
372 1891 525 1926 firmat.“
573 1893 662 1935 VII,
687 1892 789 1928 604.:
821 1893 936 1935 „Sive
960 1893 1059 1926 Getis
1081 1892 1212 1926 inferre
1236 1904 1362 1926 manu
1393 1892 1559 1928 lacrima-

34 1938 110 1973 bile
142 1938 311 1972 bellum.“
358 1939 435 1982 IX,
478 1939 580 1976 773.:
624 1941 825 1985 „Unguere
855 1940 929 1974 tela
962 1952 1086 1974 manu
1108 1939 1310 1985 ferrumque
1332 1952 1467 1974 armare
1492 1953 1559 1974 ve-

37 1987 168 2020 neno.“
202 1986 270 2026 XI,
288 1983 391 2022 453.:
416 1988 544 2028 „Arma
567 1999 698 2020 manu
723 1986 854 2032 trepidi
875 1990 1064 2032 poscunt.“
1098 1987 1168 2020 cfr.
1187 1987 1293 2020 etiam
1312 1988 1355 2028 11,
1377 1988 1459 2024 459.
1475 1989 1557 2024 717.

35 2034 99 2076 IV,
122 2031 205 2068 344.
235 2034 281 2075 V,
303 2032 384 2068 499.
416 2034 513 2078 Wr.)
538 2047 665 2068 amaro
686 2033 767 2075 alii,
793 2041 827 2067 et
847 2033 939 2068 inter
958 2046 1020 2068 eos
1042 2033 1183 2079 quidem
1201 2034 1446 2076 vetustissimi,
1479 2036 1559 2069 Ro-

35 2091 169 2122 manus,
187 2092 254 2114 nec
273 2090 346 2113 non
365 2080 495 2114 Medic.
517 2088 552 2114 et
561 2081 723 2126 Longob.
738 2081 846 2115 Pierii
863 2095 883 2115 a
898 2094 943 2114 m.
961 2093 1015 2127 pr.
1045 2081 1206 2114 Praefert
1224 2080 1294 2114 hoc
1310 2088 1395 2125 post
1407 2081 1558 2116 Pieriam

0 2160 1 2163 ,
35 2126 221 2169 Heinsius,
261 2126 343 2171 quia
360 2126 484 2160 durum
503 2134 616 2170 esset,
643 2141 772 2174 sapor3
797 2140 956 2162 amaror.
1006 2128 1110 2169 Quod
1127 2127 1263 2160 mireris
1275 2153 1285 2169 ,
1308 2127 1339 2161 si
1358 2128 1404 2161 de
1423 2141 1558 2163 canone

0 2200 1 2203 η
38 2173 162 2208 critico
180 2173 334 2218 cogites:
359 2185 510 2208 amaror
526 2186 595 2208 vox
614 2174 805 2221 exquisita,
829 2174 1049 2209 Lucretiana.
1086 2186 1232 2208 sensum
1250 2186 1398 2208 amaror
1416 2175 1559 2210 Tollia—

0 2237 1 2248 π
35 2231 124 2263 nus,
157 2227 194 2254 et
210 2232 299 2253 nnus
326 2220 494 2254 Arundel.
521 2233 598 2256 cum
621 2222 747 2256 eodem
771 2222 896 2268 fragm.
926 2221 1121 2256 Helmstad.
1218 2220 1290 2257 248
1324 2222 1438 2256 tellus
1464 2235 1560 2270 quae

37 2269 89 2301 sit
107 2267 198 2301 alter
215 2268 343 2301 Moret.
368 2273 406 2301 et
421 2267 529 2302 Goth.
547 2280 618 2303 sec.

37 2383 225 2438 neg-34,
260 2384 323 2427 4.:
348 2385 471 2436 .„vix
511 2386 769 2425 eluctatis

38 2443 402 2484 cadaveribus
442 2444 646 2484 evolvit.“
677 2445 770 2485 Vid.

38 2502 151 2542 eort.
189 2500 243 2542 ad
266 2501 363 2541 Luc.
399 2502 455 2552 11,
493 2505 593 2545 219.
640 2502 769 2558 Wr.)

829 2385 951 2426 dubie
986 2387 1150 2440 proprie
1187 2389 1309 2425 tristis
1349 2388 1557 2441 appellan-

830 2445 929 2494 dus;
958 2444 1071 2496 quod
1093 2445 1144 2483 de
1162 2445 1307 2484 amaris
1324 2447 1446 2486 rebus
1465 2447 1557 2497 dici,

830 2516 953 2556 supra
969 2516 1010 2542 v.
1031 2516 1063 2542 e.
1076 2503 1105 2553 l,
1117 2503 1172 2545 75
1200 2503 1398 2556 vidimus3
1426 2512 1467 2544 et
1482 2506 1558 2544 ob-

38 2558 136 2602 246.
156 2574 280 2611 sapor
289 2573 417 2611 aquae
427 2573 649 2613 expressae.
678 2575 773 2599 ma-

38 2617 233 2669 vastem-⁹5
284 2617 330 2656 in
364 2618 546 2671 pedestri
589 2619 774 2658 oratione

39 2675 108 2714 vel
128 2675 353 2726 manifesto,
383 2676 452 2716 vel
469 2676 666 2717 indicium
683 2691 774 2716 ma-

41 2733 245 2772 nifestum.
279 2734 457 2774 Amat-or
472 2735 664 2788 torquebit
680 2750 773 2774 sen-

40 2805 90 2828 su
110 2804 182 2828 om
199 2798 433 2842 tentanum»,
453 2791 494 2832 h.
510 2794 772 2845 gustantium,

41 2860 95 2886 ex
125 2848 286 2887 Lucret.
318 2848 378 2898 11,
410 2849 492 2892 401
547 2852 606 2890 At
634 2860 772 2890 contra

42 2913 145 2945 tetm,
187 2905 394 2945 Absintlzl
434 2916 582 2947 natura
607 2909 773 2962 serique

46 2963 252 3002 Centaurl
263 2963 396 3014 foedo
417 2973 673 3017 pertorquent
701 2981 774 3005 ora

43 3035 202 3072 sapore.
263 3021 350 3060 Iam
375 3019 446 3059 hic
478 3034 616 3062 sensus
660 3023 775 3063 haud

830 2562 946 2601 vium
966 2567 1054 2600 erat
1070 2567 1211 2614 poetae
1227 2561 1411 2614 iungere,
1440 2577 1559 2601 sensu

831 2629 904 2658 seu·
929 2632 1073 2672 sapore
1096 2620 1202 2657 tristi
1210 2634 1227 2667 ,·
1270 2625 1313 2658 at
1341 2621 1464 2673 magis
1483 2634 1559 2660 ex-

829 2677 1042 2730 quisitum,
1071 2677 1292 2716 transferre
1313 2678 1491 2731 epitheta
1506 2678 1558 2716 ad

830 2735 1044 2786 adiuncta3
1071 2734 1172 2774 hinc
1196 2737 1327 2774 tristia
1353 2751 1436 2775 ora.
1468 2734 1558 2789 (tri-

828 2796 910 2832 stia
931 2793 1122 2832 convenit
1145 2792 1296 2842 oribus,
1335 2808 1427 2832 cum
1445 2807 1557 2832 ama-

829 2866 901 2891 ror
920 2865 967 2890 ea
981 2858 1158 2903 torquet.
1196 2852 1321 2903 Saepe
1336 2852 1381 2890 in
1400 2851 1557 2889 actione

830 2910 996 2948 obiectis
1046 2909 1323 2960 adiunguntur
1366 2907 1556 2960 epitheta,

831 2981 933 3019 quae
961 2967 1039 3006 iuis
1067 2966 1286 3017 tantisper,
1326 2965 1424 3004 dum
1451 2965 1556 3004 actio

832 3025 956 3064 durat
971 3055 983 3075 ‚
1028 3023 1289 3063 conveniunt.
1346 3023 1406 3062 Ita
1431 3035 1557 3075 expe-

1165 3089 1278 3136 28*
