1768 3320
347 234 774 286 BUGOIJICA
807 230 975 286 EGL.
1011 237 1084 299 X,
1123 240 1349 289 41—47
1512 243 1615 294 245

84 365 172 413 Tu
186 359 379 429 procul
397 378 426 411 a
448 361 619 428 patria
641 365 776 425 (nec
796 361 863 410 sit
884 360 1021 411 mihi
1043 361 1268 412 credere
1287 371 1553 432 tantum!)

82 431 320 499 AlpinaS‚
358 429 427 481 ah
453 430 610 495 dura,
647 431 798 481 nives
825 439 879 481 et
895 429 1096 497 frigora
1114 431 1295 483 Rheni

79 526 191 560 nocte
210 524 336 559 eadem
352 524 553 559 emendatio
570 524 750 559 vindicata
769 531 824 559 est
838 537 859 559 a
870 525 1108 561 Medebaehio
1125 526 1163 560 in
1178 527 1356 561 Amoenit.
1373 527 1443 561 litt.
1460 539 1542 573 pag.
1558 531 1613 571 17,

80 578 119 606 et
141 571 213 606 iam
238 578 321 606 ante
349 585 371 607 a
398 572 648 606 Dessontaines
680 574 796 617 (Hist.
824 573 872 606 de
894 573 1043 609 I'Acad„
1072 574 1140 607 des
1157 575 1279 608 Inscr.
1314 576 1418 608 Tom.
1435 576 1612 618 XXXIV,

77 630 162 664 pag.
180 619 262 664 156)
279 631 441 666 nuncque
457 619 584 654 iterum
598 632 620 654 a
638 619 783 654 Wakef.
819 621 1026 665 (Servarunt
1043 621 1149 655 codd.
1170 620 1364 655 lectionem
1375 623 1481 657 Voss.
1492 624 1613 657 Wun-

78 666 168 700 derl.
182 666 282 700 Ialm.
324 667 460 700 Recte!
490 665 644 700 Primum
666 679 737 700 non
759 672 814 700 est
829 666 1045 702 haerendum
1059 666 1098 700 in
1121 679 1177 708 eo,
1202 668 1298 722 quod
1315 681 1387 702 non
1406 669 1493 703 satis
1510 681 1611 703 com-

76 713 184 747 mode
201 719 240 748 et
256 713 294 747 in
308 713 460 747 Arcadia
478 714 611 748 morari
632 714 755 747 Gallus
775 714 923 757 dicitur,
950 721 988 749 et
1007 714 1045 748 in
1065 714 1291 761 expeditione
1311 716 1456 750 versari.
1506 716 1613 750 Miri-

76 759 144 794 fice
157 759 195 794 in
213 766 294 794 toto
312 760 385 794 hoc
405 760 559 795 carmine
577 760 701 795 miscet
721 761 839 795 omnia
858 769 989 807 poeta,
1012 774 1071 796 res
1093 762 1252 805 Italicas,
1275 763 1484 805 Arcadicas,
1507 764 1611 798 sicu-

75 806 150 849 las3
173 807 225 841 sic
243 807 416 850 Silvanus,
439 808 597 842 Italicum
614 820 754 849 numen,
780 821 830 842 vs.
851 808 910 844 24.
933 821 1010 843 cum
1031 810 1137 850 Pane,
1161 809 1311 854 proprio
1334 811 1507 845 Arcadum
1528 811 1610 853 deo,

74 853 248 900 inngitnn
272 867 322 888 vs.
337 855 396 892 51.
416 855 572 900 pastoris
592 855 739 890 Siculi
760 868 872 889 avena
891 856 1046 890 carmina
1066 868 1105 890 se
1123 857 1404 900 modulatarum,
1430 864 1468 891 et
1488 859 1608 903 paullo
1660 862 1664 865 ’

74 908 179 947 post,
201 914 254 936 vs.
273 902 332 938 55.
344 928 355 945 ‚
377 902 541 936 Maenala
557 902 786 936 lustraturum
804 902 903 937 dicit.
953 904 1038 938 Non
1055 903 1261 937 mirabimur
1277 903 1387 949 igitur
1398 931 1408 948 ‚
1444 905 1475 938 si
1503 906 1609 939 etiam

72 954 198 983 nostro
213 948 295 983 loeo
311 961 435 994 parum
453 956 619 984 constans
640 949 711 984 sibi
729 950 838 984 fuerit
859 956 990 995 poeta,
1023 963 1044 984 a
1067 950 1160 984 fictis
1186 950 1396 997 imaginibus
1417 952 1462 986 ad
1491 965 1607 987 rerum

73 995 260 1030 veritatem
275 996 452 1030 relabens.
501 997 607 1039 Quod
625 1009 728 1043 quam
745 1003 844 1031 recte
860 997 924 1031 ille
942 997 1157 1040 instituerit,
1181 998 1267 1032 nolo
1288 999 1501 1045 disceptare,
1523 1000 1607 1034 dum

73 1042 145 1078 hoc
161 1049 322 1085 maneat,
354 1042 419 1077 illa
446 1043 507 1089 qui
526 1043 727 1090 scripserit,
760 1044 849 1078 haec
874 1056 1015 1091 quoque
1035 1045 1193 1079 scribere.
1214 1046 1388 1090 potuisse.
1436 1048 1480 1080 Et
1500 1059 1606 1093 quum

72 1097 172 1125 recte
187 1090 258 1125 dici
275 1090 438 1124 videatur
458 1091 596 1136 puella,
621 1091 771 1125 militem
791 1098 931 1134 secuta,
956 1091 1167 1126 detineri
1190 1092 1237 1126 in
1263 1093 1405 1127 armis
1418 1120 1427 1135 ,
1450 1094 1604 1137 nonita,

73 1144 111 1171 ut
129 1137 178 1171 sit
195 1137 275 1183 ipsa
295 1145 447 1181 armata,
482 1138 547 1172 sed
573 1137 645 1181 ita,
680 1146 718 1172 ut
740 1138 835 1172 inter
854 1145 1008 1173 armatos
1027 1146 1211 1182 versetur,
1246 1140 1335 1175 haec
1354 1147 1474 1175 tamen
1504 1143 1605 1175 inter

72 1185 194 1219 media
209 1185 288 1219 tela
304 1192 343 1218 ee
361 1185 543 1219 adversos
560 1186 687 1220 hostes
710 1197 782 1220 non
804 1193 956 1231 possunt
973 1186 1020 1220 de
1037 1186 1110 1221 alio
1130 1187 1265 1232 accipi,
1298 1199 1402 1234 quam
1424 1188 1469 1222 de
1488 1188 1603 1222 milite

70 1231 109 1265 in
123 1231 200 1266 acie
218 1231 430 1274 constituto,
461 1231 531 1266 nisi
550 1244 654 1278 quam
671 1235 884 1279 Amazonem
903 1246 945 1267 ac
964 1245 1037 1267 non
1055 1233 1241 1268 muliebris
1261 1235 1431 1269 audaciae
1449 1236 1604 1281 puellam

70 1278 158 1324 fingi
174 1291 197 1313 a
215 1285 326 1324 poeta
344 1286 460 1324 putes.
494 1281 578 1325 Ipsa
594 1287 711 1314 autem
727 1280 840 1314 totius
856 1280 927 1314 loci
947 1280 1087 1315 indoles
1108 1281 1247 1324 suadet,
1266 1288 1306 1315 ut
1326 1282 1414 1316 haec
1432 1283 1478 1316 de
1496 1283 1603 1317 Gallo

69 1325 167 1360 dicta
185 1325 433 1360 existimemus.
481 1329 675 1372 Optaverat
694 1326 817 1361 Gallus
840 1328 967 1364 vsx85.
979 1353 989 1368 ,
1019 1335 1058 1362 ut
1078 1327 1158 1373 ipse
1178 1340 1266 1362 unus
1285 1336 1382 1363 esset
1401 1342 1420 1363 e
1442 1330 1603 1375 pastori-

69 1373 136 1407 bus
155 1372 356 1414 Arcadicis,
379 1373 528 1419 Lycoris
549 1373 622 1408 filia
639 1374 813 1419 pastoris3
849 1374 993 1419 exponit
1012 1374 1162 1418 deinde,
1196 1388 1286 1421 quae
1307 1376 1376 1410 sibi
1397 1389 1438 1411 ac
1459 1377 1602 1423 puellae

68 1431 153 1454 suae
169 1420 298 1466 gau'dia
317 1419 468 1454 allatura
484 1421 593 1455 fuerit
605 1420 678 1455 vita
694 1421 900 1468 pastoritia:
925 1428 1001 1455 tum
1017 1422 1110 1455 enim
1128 1435 1227 1456 suam
1244 1435 1362 1457 secum
1382 1436 1523 1469 semper
1541 1425 1601 1458 fu-

68 1474 182 1501 turam
199 1466 310 1501 fuisse
328 1467 561 1513 Lycoridem,
586 1468 678 1502 hanc
704 1475 823 1502 autem
845 1481 888 1502 ex
907 1469 998 1502 ruris
1019 1469 1295 1504 amoenitatibus
1320 1470 1508 1516 plurimum
1532 1483 1600 1505 vo—

66 1513 217 1560 luptatis
243 1520 429 1560 capturam
453 1514 582 1555 fuisse3
615 1527 708 1549 nunc
733 1528 819 1549 vero
839 1522 876 1549 et
894 1528 953 1557 se,
984 1516 1092 1549 duros
1112 1517 1407 1562 Martisjabores
1428 1525 1599 1559 secutum,

66 1561 124 1596 his
141 1561 335 1596 commodis
353 1561 492 1603 orbari,
518 1569 553 1596 et
570 1561 669 1596 illam
687 1574 754 1608 pro
774 1562 869 1597 dulci
884 1574 967 1596 rure
986 1563 1134 1598 horrida
1152 1577 1269 1598 amare
1286 1572 1414 1599 castra.
1462 1568 1513 1599 Te
1531 1577 1599 1611 pro

53 1607 125 1643 ‘me
139 1608 172 1642 si
189 1608 288 1654 legas
301 1635 311 1649 ,
343 1620 482 1643 omnem
508 1608 617 1644 tollas
638 1609 935 1652 concinnitatem,
969 1611 1145 1644 sententia
1165 1610 1203 1644 in
1223 1611 1316 1645 hunc
1338 1612 1482 1647 modum
1507 1623 1597 1647 con—

65 1656 238 1690 formata:
269 1656 418 1698 vellem,
442 1668 499 1690 me
514 1668 592 1690 esse
608 1663 790 1701 pastorem
802 1683 811 1699 ,
835 1663 874 1691 te
892 1657 1048 1703 pastoris
1067 1657 1213 1691 alicuius
1235 1658 1362 1692 filiam:
1387 1667 1424 1693 at
1443 1666 1479 1693 tu
1501 1659 1599 1693 mili-

66 1709 142 1737 tem
170 1702 340 1749 sequeris.
386 1703 500 1737 Nunc
522 1703 699 1748 particula
724 1716 802 1738 cum
822 1704 1013 1749 temporali
1038 1711 1221 1750 potestate
1242 1705 1464 1740 coniunctam
1490 1719 1598 1753 saepe

64 1748 195 1792 habet,
228 1755 268 1783 nt
286 1749 324 1784 h.
341 1749 387 1792 1.,
419 1750 695 1793 adversativam,
728 1763 768 1784 ac
795 1751 990 1796 respondet
1007 1751 1084 1785 fere
1102 1759 1228 1786 nostro
1256 1765 1298 1787 so
1327 1751 1435 1787 aber:
1470 1754 1534 1787 Ge.
1554 1755 1596 1794 11,

63 1797 122 1834 53.
143 1809 241 1843 sqq.:
273 1798 383 1840 „Nec
400 1809 473 1831 non
494 1804 532 1831 et
551 1797 682 1832 sterilis
701 1817 747 1824 —
766 1797 901 1832 exnerit
926 1798 1125 1832 silvestrem
1148 1799 1298 1833 animum
1311 1826 1321 1841 ,
1345 1819 1391 1826 -
1414 1812 1544 1835 vacuos
1565 1801 1597 1834 si

63 1843 112 1878 sit
135 1844 273 1890 digesta
301 1856 369 1889 per
394 1856 518 1889 agros3
550 1846 677 1879 Nunc
695 1845 790 1879 altae
807 1845 954 1879 frondes
971 1852 1009 1879 et
1025 1845 1115 1880 rami
1133 1846 1256 1880 matris
1275 1854 1430 1892 opacant
1439 1851 1482 1889 “5
1516 1861 1596 1883 ma-

0 1918 2 1920 ,
61 1891 155 1926 xime
173 1891 330 1926 cernitur
348 1903 390 1925 ea
406 1891 460 1925 vis
478 1891 515 1925 in
533 1892 710 1937 optando:
737 1895 823 1926 Aen.
838 1893 888 1935 X,
906 1894 1009 1929 ΕΖΒ-ε
1043 1919 1065 1936 ,,
1077 1893 1147 1936 Qui
1169 1894 1219 1937 si,
1243 1894 1340 1940 quod
1359 1906 1448 1929 voce
1466 1907 1596 1950 grav-‘a-

61 1938 136 1982 ris,
158 1939 278 1972 Mente
302 1938 425 1979 dares3
458 1946 563 1985 atque
581 1939 670 1973 haec
687 1941 810 1974 Turno
828 1947 906 1973 rata
926 1940 999 1973 vita
1019 1942 1196 1975 maneret!
1243 1943 1373 1976 Nunc
1398 1949 1518 1976 manet
1534 1954 1594 1976 m-

61 1991 200 2020 sontem
219 1985 336 2031 gravis
356 1985 480 2020 exitus.
492 1990 515 2005 “
562 1986 672 2021 Cicer.
692 1999 761 2032 pro
776 1987 874 2032 Lege
895 1987 1016 2021 Manil.
1038 2000 1068 2021 c.
1091 1989 1160 2022 X.:
1196 2014 1217 2030 ,‚
1228 1988 1394 2031 Utinam,
1421 1989 1592 2033 Quirites,

60 2032 217 2067 virorum
235 2033 381 2067 fortium
397 2041 504 2079 atque
518 2033 760 2067 innocentium
782 2033 922 2079 copiam
942 2041 1074 2068 tantam
1093 2035 1297 2077 haberetis,
1319 2055 1365 2062 —-
1385 2049 1453 2069 -τ
1475 2049 1562 2071 nun
1574 2050 1593 2071 c

60 2092 147 2114 vero
169 2092 247 2114 cum
266 2079 313 2122 sit
332 2092 422 2114 nnus
440 2081 501 2114 Cn.
521 2081 711 2125 Pompeius
720 2084 742 2100 “
765 2088 833 2115 etc.
881 2081 1044 2115 Ceterum
1063 2082 1190 2116 hostes
1206 2082 1335 2116 Medic.
1366 2083 1462 2127 Wr.)
1545 2082 1595 2121 46

60 2139 129 2161 nec
154 2128 209 2161 sic
226 2127 357 2161 Medic.
378 2139 400 2160 a
422 2140 470 2161 m.
496 2140 551 2173 pr.
594 2129 713 2161 neesib
729 2129 871 2173 Menag.
893 2140 948 2173 pr.
992 2137 1172 2174 quantum
1191 2129 1329 2163 Barthii
1349 2130 1465 2171 liber;
1496 2131 1592 2176 quod

61 2180 157 2208 esset
167 2174 307 2221 procul
323 2183 521 2221 quantum,
554 2171 720 2219 τηλόθεν
748 2169 851 2210 ὅσον.
885 2175 979 2209 conf.
1011 2175 1057 2208 ad
1075 2177 1136 2217 VI,
1161 2177 1215 2212 16.
1263 2176 1374 2210 Varie
1397 2189 1481 2212 vero
1502 2178 1592 2212 haec.

59 2220 324 2265 distinguuntur
349 2228 386 2255 et
410 2220 580 2266 distingui
604 2228 774 2266 possunt,
809 2230 847 2255 ut
865 2230 923 2256 aut
939 2220 1124 2266 iungatur:
1150 2223 1290 2270 procul
1309 2231 1477 2267 tantum,
1510 2237 1591 2270 pro,

58 2274 132 2302 tam
150 2268 299 2313 procul,
323 2274 385 2301 aut
403 2269 511 2302 vides
530 2276 675 2301 tantum
692 2269 826 2316 Alpes,
851 2269 902 2302 nil
922 2269 1022 2302 vides
1037 2276 1182 2314 praeter
1198 2270 1326 2315 Alpes,
1351 2279 1391 2305 ut
1405 2273 1589 2306 Burmann.

58 2314 197 2360 accepit
215 2321 253 2349 et
271 2314 451 2355 distinxit,
482 2327 586 2360 quem
606 2314 645 2348 in
665 2315 786 2360 priore
810 2316 895 2349 edit.
918 2328 1012 2349 eram
1034 2324 1212 2361 sequutus.
1258 2318 1288 2350 F
1290 2317 1383 2362 riget
1402 2326 1517 2353 tamen
1538 2318 1590 2353 sic

57 2359 103 2397 τὸ
123 2370 280 2397 tantum.
327 2363 420 2396 Nam
443 2361 589 2396 videbat
608 2361 713 2406 plura
735 2363 804 2396 alia
823 2370 967 2407 praeter
984 2363 1116 2408 Alpes3
1155 2371 1232 2397 aut:
1270 2377 1338 2398 nec
1365 2367 1415 2399 sit
1442 2374 1589 2399 tantum

56 2409 147 2443 mihi
171 2409 343 2452 credere,
375 2415 415 2443 ut
436 2408 501 2452 sit,
535 2408 667 2443 utinam
688 2409 796 2443 liceat
814 2417 951 2444 tantum
970 2422 1044 2443 non
1064 2410 1212 2444 credere
1225 2437 1235 2453 ,
1266 2411 1375 2445 modo
1407 2425 1452 2446 ne
1481 2424 1589 2458 cogar

56 2455 221 2498 credet-03
255 2456 352 2499 sive,
383 2468 429 2490 ne
449 2455 487 2490 in
506 2455 657 2490 animum
673 2455 855 2499 inducam,
887 2465 927 2491 nt
945 2463 1083 2490 tantum
1111 2457 1285 2503 cogitem3
1323 2465 1406 2500 ant,
1439 2472 1507 2493 nec
1537 2461 1589 2492 sit

56 2503 147 2537 mila·
168 2503 319 2538 credere
339 2511 506 2546 tantum,
539 2503 575 2537 h.
594 2509 731 2537 tantam
750 2516 825 2537 rem
850 2504 996 2537 credere
1021 2516 1088 2538 nec
1115 2516 1235 2549 cogar.
1274 2502 1326 2550 μὴ
1347 2502 1496 2550 γένοιτό
1522 2517 1588 2550 μοι

55 2548 283 2594 πείθεσθαι,
312 2547 503 2585 πιστεύειν
531 2547 693 2586 τοιοῦτό
717 2562 766 2585 τι.
815 2550 954 2584 Tibull.
973 2552 1032 2593 111,
1062 2549 1097 2592 4,
1123 2553 1171 2587 82
1193 2551 1254 2585 Ala
1282 2565 1302 2584 e
1330 2565 1351 2586 ο
1377 2565 1426 2586 ne
1446 2554 1586 2600 possim

56 2604 168 2630 tanta
191 2598 320 2631 videre
348 2598 460 2632 mala.
506 2598 586 2632 Hoc
611 2597 753 2643 itaque,
789 2604 828 2631 ut
856 2598 912 2632 fas
940 2605 1038 2641 erat,
1070 2610 1162 2632 nunc
1182 2605 1287 2644 praet
1327 2599 1358 2642 ⁸,
1391 2606 1585 2644 praeeunte

56 2642 143 2677 olim
156 2644 375 2678 Heumanno.

112 2723 183 2768 46.
213 2741 285 2765 nec
313 2729 366 2766 sit
391 2727 496 2766 mihi
522 2726 675 2765 medere
694 2757 705 2777 ‚
748 2725 790 2765 11.
847 2727 943 2767 Var.
966 2727 1078 2768 Lect.
1136 2729 1325 2768 Ceterum
1350 2728 1393 2766 in
1420 2727 1582 2767 Servia-

55 2783 216 2822 utinam
236 2784 358 2824 liceat
378 2783 479 2824 mihi
502 2799 587 2824 non
606 2784 792 2823 eredere!
847 2786 911 2824 nis
939 2785 992 2824 ad
1018 2785 1062 2825 11.
1089 2785 1117 2825 l.
1163 2789 1231 2825 Hi
1270 2800 1404 2824 omne-s·
1447 2799 1583 2823 oeneus·

57 2841 121 2893 εἴη
146 2857 216 2893 μοι
235 2839 292 2895 μή
311 2843 558 2893 πείθεσθαι,
595 2855 648 2881 ne
671 2856 792 2895 cogar
851 2844 972 2883 Galli
999 2851 1115 2893 sunt,
1159 2845 1209 2882 de
1237 2845 1367 2895 ipsius
1395 2842 1584 2880 translati

57 2898 222 2937 credere
230 2913 242 2949 3
283 2899 334 2937 de
362 2901 491 2939 forma
521 2914 570 2938 ne
594 2902 647 2939 sit
671 2914 714 2940 v.
738 2899 793 2938 ad
848 2901 1107 2940 carminibus.
1131 2903 1215 2942 Nec
1229 2899 1490 2953 improbabile
1500 2898 1581 2936 hoc

56 2956 206 2995 Tibull.
237 2956 280 3006 I,
303 2960 350 3006 6,
373 2957 442 2999 24.
471 2966 630 2996 tantum
645 2988 658 3008 ,
694 2963 792 2997 tan·
849 2959 921 3008 fit,
959 2972 982 2997 e
1011 2959 1117 2997 Galli
1158 2959 1337 2998 carmine
1372 2957 1579 2995 Maronem

55 3020 165 3064 tam,
208 3020 294 3053 tam
330 3021 509 3055 atrocem
543 3027 642 3054 rem.
680 3016 787 3054 conf.
846 3016 1044 3057 nonnulla
1062 3017 1312 3070 expressisse.
1342 3014 1423 3063 Qui
1441 3020 1578 3052 tamen
