<?xml version="1.0" encoding="UTF-8"?>
<!DOCTYPE html PUBLIC "-//W3C//DTD XHTML 1.0 Transitional//EN"
    "http://www.w3.org/TR/xhtml1/DTD/xhtml1-transitional.dtd">
<html xmlns="http://www.w3.org/1999/xhtml" xml:lang="en" lang="en">
 <head>
  <title>
</title>
<meta http-equiv="Content-Type" content="text/html;charset=utf-8" />
  <meta name='ocr-system' content='tesseract 3.04.00' />
  <meta name='ocr-capabilities' content='ocr_page ocr_carea ocr_par ocr_line ocrx_word'/>
</head>
<body>
  <div class='ocr_page' id='page_1' title='image "./publiusvirgilius01virguoft_0775.png"; bbox 0 0 1734 3320; ppageno 0'>
   <div class='ocr_carea' id='block_1_1' title="bbox 0 240 85 1296">
    <p class='ocr_par' dir='ltr' id='par_1_1' title="bbox 0 240 85 1296">
     <span class='ocr_line' id='line_1_1' title="bbox 0 240 44 304; baseline 0 3016"><span class='ocrx_word' id='word_1_1' title='bbox 0 240 44 304; x_wconf 95' lang='lat' dir='ltr'> </span> 
     </span>
     <span class='ocr_line' id='line_1_2' title="bbox 0 304 75 604; baseline 0 -124"><span class='ocrx_word' id='word_1_2' title='bbox 0 304 75 604; x_wconf 95' lang='lat' dir='ltr'>   </span> 
     </span>
     <span class='ocr_line' id='line_1_3' title="bbox 0 604 56 752; baseline 0.125 -7"><span class='ocrx_word' id='word_1_3' title='bbox 0 604 56 752; x_wconf 95' lang='lat' dir='ltr'>    </span> 
     </span>
     <span class='ocr_line' id='line_1_4' title="bbox 0 752 34 1042; baseline 0 -77"><span class='ocrx_word' id='word_1_4' title='bbox 0 752 34 1042; x_wconf 95' lang='lat' dir='ltr'>   </span> 
     </span>
     <span class='ocr_line' id='line_1_5' title="bbox 0 1042 85 1296; baseline 0 -40"><span class='ocrx_word' id='word_1_5' title='bbox 0 1042 85 1296; x_wconf 95' lang='lat' dir='ltr'>     </span> 
     </span>
    </p>
   </div>
   <div class='ocr_carea' id='block_1_2' title="bbox 0 941 379 1019">
    <p class='ocr_par' dir='ltr' id='par_1_2' title="bbox 0 938 379 1019">
     <span class='ocr_line' id='line_1_6' title="bbox 0 941 379 1019; baseline -0.003 -17"><span class='ocrx_word' id='word_1_6' title='bbox 0 941 20 1019; x_wconf 67' lang='lat' dir='ltr'>J}</span> <span class='ocrx_word' id='word_1_7' title='bbox 72 957 164 1005; x_wconf 76' lang='grc'>68.</span> <span class='ocrx_word' id='word_1_8' title='bbox 200 966 379 1017; x_wconf 79' lang='grc' dir='ltr'>Μοτυ,</span> 
     </span>
    </p>
   </div>
   <div class='ocr_carea' id='block_1_3' title="bbox 240 198 1318 307">
    <p class='ocr_par' dir='ltr' id='par_1_3' title="bbox 240 198 1318 307">
     <span class='ocr_line' id='line_1_7' title="bbox 240 198 1318 307; baseline 0.012 -19"><span class='ocrx_word' id='word_1_9' title='bbox 240 198 737 291; x_wconf 66' lang='grc' dir='ltr'><strong>ΕΕΟΒΘΪΟΟΝ</strong></span> <span class='ocrx_word' id='word_1_10' title='bbox 774 242 914 293; x_wconf 89' lang='lat' dir='ltr'><strong>LIB.</strong></span> <span class='ocrx_word' id='word_1_11' title='bbox 947 244 1047 307; x_wconf 86' lang='lat' dir='ltr'>IV,</span> <span class='ocrx_word' id='word_1_12' title='bbox 1095 251 1318 301; x_wconf 85' lang='lat'>63—75</span> 
     </span>
    </p>
   </div>
   <div class='ocr_carea' id='block_1_4' title="bbox 0 1187 1542 1338">
    <p class='ocr_par' dir='ltr' id='par_1_4' title="bbox 0 1180 1542 1338">
     <span class='ocr_line' id='line_1_8' title="bbox 0 1187 857 1236; baseline 0.005 -15"><span class='ocrx_word' id='word_1_13' title='bbox 0 1187 62 1233; x_wconf 21' lang='grc' dir='ltr'>Α)</span> <span class='ocrx_word' id='word_1_14' title='bbox 93 1205 108 1217; x_wconf 75' lang='grc' dir='ltr'>ιι</span> <span class='ocrx_word' id='word_1_15' title='bbox 140 1200 176 1222; x_wconf 86' lang='lat' dir='ltr'>m</span> <span class='ocrx_word' id='word_1_16' title='bbox 229 1188 363 1222; x_wconf 87' lang='lat' dir='ltr'>edestri</span> <span class='ocrx_word' id='word_1_17' title='bbox 390 1188 554 1223; x_wconf 82' lang='lat' dir='ltr'>oratione</span> <span class='ocrx_word' id='word_1_18' title='bbox 582 1202 689 1236; x_wconf 83' lang='lat' dir='ltr'><strong>saepe</strong></span> <span class='ocrx_word' id='word_1_19' title='bbox 718 1191 857 1225; x_wconf 86' lang='lat' dir='ltr'>dicitur.</span> 
     </span>
     <span class='ocr_line' id='line_1_9' title="bbox 2 1201 1081 1282; baseline 0.004 -13"><span class='ocrx_word' id='word_1_20' title='bbox 2 1276 4 1278; x_wconf 17' lang='lat' dir='ltr'>v</span> <span class='ocrx_word' id='word_1_21' title='bbox 23 1238 28 1262; x_wconf 71' lang='grc' dir='ltr'>ἓ</span> <span class='ocrx_word' id='word_1_22' title='bbox 85 1261 96 1279; x_wconf 88' lang='grc'><em>,</em></span> <span class='ocrx_word' id='word_1_23' title='bbox 118 1201 428 1282; x_wconf 57' lang='lat' dir='ltr'>quorFBm-manno</span> <span class='ocrx_word' id='word_1_24' title='bbox 450 1236 487 1270; x_wconf 91' lang='lat' dir='ltr'>in</span> <span class='ocrx_word' id='word_1_25' title='bbox 505 1236 561 1270; x_wconf 90' lang='lat' dir='ltr'>his</span> <span class='ocrx_word' id='word_1_26' title='bbox 584 1238 685 1271; x_wconf 88' lang='lat' dir='ltr'>libris</span> <span class='ocrx_word' id='word_1_27' title='bbox 705 1239 865 1272; x_wconf 84' lang='lat' dir='ltr'>usitatius</span> <span class='ocrx_word' id='word_1_28' title='bbox 884 1238 1081 1273; x_wconf 85' lang='lat' dir='ltr'>videbatur.</span> 
     </span>
     <span class='ocr_line' id='line_1_10' title="bbox 3 1281 1542 1338; baseline 0.004 -21"><span class='ocrx_word' id='word_1_29' title='bbox 3 1281 9 1287; x_wconf 70' lang='grc'><strong><em>”</em></strong></span> <span class='ocrx_word' id='word_1_30' title='bbox 67 1293 190 1338; x_wconf 67' lang='lat' dir='ltr'>¹germ.</span> <span class='ocrx_word' id='word_1_31' title='bbox 223 1283 303 1318; x_wconf 84' lang='lat' dir='ltr'>cod.</span> <span class='ocrx_word' id='word_1_32' title='bbox 330 1283 423 1330; x_wconf 82' lang='lat' dir='ltr'>apud</span> <span class='ocrx_word' id='word_1_33' title='bbox 450 1283 584 1319; x_wconf 88' lang='lat' dir='ltr'>Colum.</span> <span class='ocrx_word' id='word_1_34' title='bbox 612 1286 677 1327; x_wconf 89' lang='lat' dir='ltr'>IX,</span> <span class='ocrx_word' id='word_1_35' title='bbox 701 1287 736 1328; x_wconf 91' lang='lat'>9,</span> <span class='ocrx_word' id='word_1_36' title='bbox 760 1286 794 1320; x_wconf 85' lang='lat'><strong>4.</strong></span> <span class='ocrx_word' id='word_1_37' title='bbox 853 1286 988 1319; x_wconf 88' lang='lat' dir='ltr'>Ibidem</span> <span class='ocrx_word' id='word_1_38' title='bbox 1019 1299 1106 1320; x_wconf 87' lang='lat' dir='ltr'>unus</span> <span class='ocrx_word' id='word_1_39' title='bbox 1138 1299 1220 1321; x_wconf 88' lang='lat' dir='ltr'>mox</span> <span class='ocrx_word' id='word_1_40' title='bbox 1245 1289 1399 1321; x_wconf 70' lang='lat' dir='ltr'>tonica-5.</span> <span class='ocrx_word' id='word_1_41' title='bbox 1494 1289 1542 1323; x_wconf 79' lang='lat'>72</span> 
     </span>
    </p>
   </div>
   <div class='ocr_carea' id='block_1_5' title="bbox 1444 256 1548 305">
    <p class='ocr_par' dir='ltr' id='par_1_5' title="bbox 1444 256 1548 305">
     <span class='ocr_line' id='line_1_11' title="bbox 1444 256 1548 305; baseline 0.01 -1"><span class='ocrx_word' id='word_1_42' title='bbox 1444 256 1548 305; x_wconf 84' lang='lat'>605</span> 
     </span>
    </p>
   </div>
   <div class='ocr_carea' id='block_1_6' title="bbox 1 364 1547 929">
    <p class='ocr_par' dir='ltr' id='par_1_6' title="bbox 0 361 1547 648">
     <span class='ocr_line' id='line_1_12' title="bbox 30 364 1207 436; baseline 0.005 -19.861"><span class='ocrx_word' id='word_1_43' title='bbox 30 364 254 434; x_wconf 70' lang='lat' dir='ltr'>egihus</span> <span class='ocrx_word' id='word_1_44' title='bbox 275 366 492 417; x_wconf 73' lang='lat' dir='ltr'><strong>Incessit</strong></span> <span class='ocrx_word' id='word_1_45' title='bbox 518 382 716 432; x_wconf 85' lang='lat' dir='ltr'>magno</span> <span class='ocrx_word' id='word_1_46' title='bbox 743 366 1010 419; x_wconf 87' lang='lat' dir='ltr'>discordia</span> <span class='ocrx_word' id='word_1_47' title='bbox 1026 378 1207 436; x_wconf 87' lang='lat' dir='ltr'>motu)</span> 
     </span>
     <span class='ocr_line' id='line_1_13' title="bbox 99 435 1393 506; baseline 0.005 -18.545"><span class='ocrx_word' id='word_1_48' title='bbox 99 435 405 504; x_wconf 65' lang='lat' dir='ltr'>utipuoque</span> <span class='ocrx_word' id='word_1_49' title='bbox 428 437 638 487; x_wconf 89' lang='lat' dir='ltr'>animos</span> <span class='ocrx_word' id='word_1_50' title='bbox 662 437 805 504; x_wconf 85' lang='lat' dir='ltr'>volgi</span> <span class='ocrx_word' id='word_1_51' title='bbox 829 447 883 488; x_wconf 89' lang='lat' dir='ltr'>et</span> <span class='ocrx_word' id='word_1_52' title='bbox 903 440 1224 506; x_wconf 86' lang='lat' dir='ltr'>trepidantia</span> <span class='ocrx_word' id='word_1_53' title='bbox 1244 444 1393 495; x_wconf 92' lang='lat' dir='ltr'>bello</span> 
     </span>
     <span class='ocr_line' id='line_1_14' title="bbox 75 504 1547 579; baseline 0.005 -18.661"><span class='ocrx_word' id='word_1_54' title='bbox 75 504 197 557; x_wconf 85' lang='lat' dir='ltr'>rda</span> <span class='ocrx_word' id='word_1_55' title='bbox 215 504 339 571; x_wconf 80' lang='lat' dir='ltr'>licet</span> <span class='ocrx_word' id='word_1_56' title='bbox 358 505 521 572; x_wconf 85' lang='lat' dir='ltr'>longe</span> <span class='ocrx_word' id='word_1_57' title='bbox 542 508 923 574; x_wconf 83' lang='lat' dir='ltr'>praesciscere:</span> <span class='ocrx_word' id='word_1_58' title='bbox 947 527 1185 579; x_wconf 89' lang='lat' dir='ltr'>namque</span> <span class='ocrx_word' id='word_1_59' title='bbox 1205 517 1464 566; x_wconf 90' lang='lat' dir='ltr'>morantis</span> <span class='ocrx_word' id='word_1_60' title='bbox 1477 522 1547 568; x_wconf 89' lang='grc'>70</span> 
     </span>
     <span class='ocr_line' id='line_1_15' title="bbox 68 575 1374 648; baseline -0.001 -13.047"><span class='ocrx_word' id='word_1_61' title='bbox 68 611 89 622; x_wconf 56' lang='grc' dir='ltr'>»ι</span> <span class='ocrx_word' id='word_1_62' title='bbox 123 588 125 590; x_wconf 83' lang='grc'><strong><em>’</em></strong></span> <span class='ocrx_word' id='word_1_63' title='bbox 154 577 234 627; x_wconf 89' lang='lat' dir='ltr'>ius</span> <span class='ocrx_word' id='word_1_64' title='bbox 256 575 350 639; x_wconf 90' lang='lat' dir='ltr'>ille</span> <span class='ocrx_word' id='word_1_65' title='bbox 373 578 508 627; x_wconf 87' lang='lat' dir='ltr'>aeris</span> <span class='ocrx_word' id='word_1_66' title='bbox 533 579 679 628; x_wconf 90' lang='lat' dir='ltr'>rauci</span> <span class='ocrx_word' id='word_1_67' title='bbox 706 595 872 629; x_wconf 89' lang='lat' dir='ltr'>canor</span> <span class='ocrx_word' id='word_1_68' title='bbox 890 579 1155 648; x_wconf 85' lang='lat' dir='ltr'>increpat,</span> <span class='ocrx_word' id='word_1_69' title='bbox 1196 592 1250 633; x_wconf 91' lang='lat' dir='ltr'>et</span> <span class='ocrx_word' id='word_1_70' title='bbox 1272 599 1374 634; x_wconf 86' lang='lat' dir='ltr'>vox</span> 
     </span>
    </p>

    <p class='ocr_par' dir='ltr' id='par_1_7' title="bbox 0 641 1216 715">
     <span class='ocr_line' id='line_1_16' title="bbox 45 641 1216 715; baseline 0.005 -18.778"><span class='ocrx_word' id='word_1_71' title='bbox 45 652 83 703; x_wconf 68' lang='lat' dir='ltr'>ss</span> <span class='ocrx_word' id='word_1_72' title='bbox 112 646 246 698; x_wconf 85' lang='lat' dir='ltr'>itur</span> <span class='ocrx_word' id='word_1_73' title='bbox 266 641 465 697; x_wconf 84' lang='lat' dir='ltr'>fractos</span> <span class='ocrx_word' id='word_1_74' title='bbox 487 649 693 699; x_wconf 88' lang='lat' dir='ltr'>sonitus</span> <span class='ocrx_word' id='word_1_75' title='bbox 714 649 914 700; x_wconf 90' lang='lat' dir='ltr'>imitata</span> <span class='ocrx_word' id='word_1_76' title='bbox 935 650 1216 715; x_wconf 83' lang='lat' dir='ltr'>tubarum3</span> 
     </span>
    </p>

    <p class='ocr_par' dir='ltr' id='par_1_8' title="bbox 1 715 1544 934">
     <span class='ocr_line' id='line_1_17' title="bbox 1 715 1544 790; baseline 0.005 -24"><span class='ocrx_word' id='word_1_77' title='bbox 1 715 2 718; x_wconf 67' lang='grc'><strong><em>’</em></strong></span> <span class='ocrx_word' id='word_1_78' title='bbox 181 717 426 784; x_wconf 87' lang='lat' dir='ltr'>trepidae</span> <span class='ocrx_word' id='word_1_79' title='bbox 444 718 586 769; x_wconf 89' lang='lat' dir='ltr'>inter</span> <span class='ocrx_word' id='word_1_80' title='bbox 604 735 660 769; x_wconf 90' lang='lat' dir='ltr'>se</span> <span class='ocrx_word' id='word_1_81' title='bbox 684 730 897 785; x_wconf 88' lang='lat' dir='ltr'>coeunt,</span> <span class='ocrx_word' id='word_1_82' title='bbox 921 723 1227 790; x_wconf 89' lang='lat' dir='ltr'>pennisque</span> <span class='ocrx_word' id='word_1_83' title='bbox 1249 734 1544 788; x_wconf 87' lang='lat' dir='ltr'>coruscant,</span> 
     </span>
     <span class='ocr_line' id='line_1_18' title="bbox 31 786 1448 860; baseline 0.005 -22.86"><span class='ocrx_word' id='word_1_84' title='bbox 2 786 338 856; x_wconf 36' lang='lat' dir='ltr'>‘spiculaque</span> <span class='ocrx_word' id='word_1_85' title='bbox 363 799 626 840; x_wconf 84' lang='lat' dir='ltr'>exacuunt</span> <span class='ocrx_word' id='word_1_86' title='bbox 643 790 854 853; x_wconf 87' lang='lat' dir='ltr'>rostris,</span> <span class='ocrx_word' id='word_1_87' title='bbox 893 800 1185 860; x_wconf 88' lang='lat' dir='ltr'>aptantque</span> <span class='ocrx_word' id='word_1_88' title='bbox 1206 793 1448 860; x_wconf 84' lang='lat' dir='ltr'>lacertos,</span> 
     </span>
     <span class='ocr_line' id='line_1_19' title="bbox 39 857 1360 929; baseline 0.005 -21.804"><span class='ocrx_word' id='word_1_89' title='bbox 39 868 43 871; x_wconf 74' lang='grc'><strong>“</strong></span> <span class='ocrx_word' id='word_1_90' title='bbox 101 857 236 908; x_wconf 77' lang='lat' dir='ltr'>circa</span> <span class='ocrx_word' id='word_1_91' title='bbox 255 873 443 924; x_wconf 87' lang='lat' dir='ltr'>regem</span> <span class='ocrx_word' id='word_1_92' title='bbox 468 869 630 928; x_wconf 90' lang='lat' dir='ltr'>atque</span> <span class='ocrx_word' id='word_1_93' title='bbox 651 860 762 929; x_wconf 91' lang='lat' dir='ltr'>ipsa</span> <span class='ocrx_word' id='word_1_94' title='bbox 781 860 849 911; x_wconf 90' lang='lat' dir='ltr'>ad</span> <span class='ocrx_word' id='word_1_95' title='bbox 870 863 1137 929; x_wconf 88' lang='lat' dir='ltr'>praetoria</span> <span class='ocrx_word' id='word_1_96' title='bbox 1162 862 1360 915; x_wconf 84' lang='lat' dir='ltr'>densae</span> 
     </span>
    </p>
   </div>
   <div class='ocr_carea' id='block_1_7' title="bbox 1475 867 1546 917">
    <p class='ocr_par' dir='ltr' id='par_1_9' title="bbox 1475 867 1546 917">
     <span class='ocr_line' id='line_1_20' title="bbox 1475 867 1546 917; baseline 0 0"><span class='ocrx_word' id='word_1_97' title='bbox 1475 867 1546 917; x_wconf 87' lang='grc'>75</span> 
     </span>
    </p>
   </div>
   <div class='ocr_carea' id='block_1_8' title="bbox 2 1093 1542 1189">
    <p class='ocr_par' dir='ltr' id='par_1_10' title="bbox 0 1093 1542 1189">
     <span class='ocr_line' id='line_1_21' title="bbox 58 1093 1542 1142; baseline 0.001 -10.962"><span class='ocrx_word' id='word_1_98' title='bbox 58 1093 106 1131; x_wconf 81' lang='grc'>68</span> <span class='ocrx_word' id='word_1_99' title='bbox 127 1094 286 1129; x_wconf 74' lang='lat' dir='ltr'>incussit</span> <span class='ocrx_word' id='word_1_100' title='bbox 302 1106 459 1142; x_wconf 79' lang='lat' dir='ltr'>magnos</span> <span class='ocrx_word' id='word_1_101' title='bbox 481 1095 670 1130; x_wconf 75' lang='lat' dir='ltr'>discordia</span> <span class='ocrx_word' id='word_1_102' title='bbox 698 1104 820 1131; x_wconf 81' lang='lat' dir='ltr'>motus</span> <span class='ocrx_word' id='word_1_103' title='bbox 846 1096 1008 1132; x_wconf 72' lang='lat' dir='ltr'>Reiskius</span> <span class='ocrx_word' id='word_1_104' title='bbox 1029 1098 1252 1134; x_wconf 84' lang='lat' dir='ltr'>coniiciebat.</span> <span class='ocrx_word' id='word_1_105' title='bbox 1300 1099 1372 1134; x_wconf 88' lang='lat' dir='ltr'>Sed</span> <span class='ocrx_word' id='word_1_106' title='bbox 1397 1099 1542 1133; x_wconf 83' lang='lat' dir='ltr'>discor-</span> 
     </span>
     <span class='ocr_line' id='line_1_22' title="bbox 2 1141 1542 1189; baseline 0.004 -15"><span class='ocrx_word' id='word_1_107' title='bbox 2 1143 3 1146; x_wconf 76' lang='grc'><strong><em>’</em></strong></span> <span class='ocrx_word' id='word_1_108' title='bbox 37 1148 66 1169; x_wconf 69' lang='lat'>-1,</span> <span class='ocrx_word' id='word_1_109' title='bbox 103 1141 275 1183; x_wconf 73' lang='lat' dir='ltr'>incessit,</span> <span class='ocrx_word' id='word_1_110' title='bbox 310 1148 351 1175; x_wconf 85' lang='lat' dir='ltr'>ut</span> <span class='ocrx_word' id='word_1_111' title='bbox 374 1142 529 1189; x_wconf 84' lang='lat' dir='ltr'>cupido,</span> <span class='ocrx_word' id='word_1_112' title='bbox 562 1152 702 1186; x_wconf 81' lang='lat' dir='ltr'>metus,</span> <span class='ocrx_word' id='word_1_113' title='bbox 727 1146 911 1178; x_wconf 76' lang='lat' dir='ltr'>incessere</span> <span class='ocrx_word' id='word_1_114' title='bbox 935 1145 1042 1179; x_wconf 89' lang='lat' dir='ltr'>modo</span> <span class='ocrx_word' id='word_1_115' title='bbox 1071 1148 1228 1188; x_wconf 85' lang='lat' dir='ltr'>animos,</span> <span class='ocrx_word' id='word_1_116' title='bbox 1262 1146 1369 1180; x_wconf 89' lang='lat' dir='ltr'>modo</span> <span class='ocrx_word' id='word_1_117' title='bbox 1398 1147 1542 1188; x_wconf 83' lang='lat' dir='ltr'>animis,</span> 
     </span>
    </p>
   </div>
   <div class='ocr_carea' id='block_1_9' title="bbox 952 1193 1543 1276">
    <p class='ocr_par' dir='ltr' id='par_1_11' title="bbox 952 1193 1543 1276">
     <span class='ocr_line' id='line_1_23' title="bbox 952 1193 1542 1240; baseline -0.002 -12"><span class='ocrx_word' id='word_1_118' title='bbox 952 1194 999 1228; x_wconf 90' lang='lat'>70</span> <span class='ocrx_word' id='word_1_119' title='bbox 1017 1193 1255 1240; x_wconf 77' lang='lat' dir='ltr'>praediscere</span> <span class='ocrx_word' id='word_1_120' title='bbox 1279 1195 1367 1228; x_wconf 90' lang='lat' dir='ltr'>Ven.</span> <span class='ocrx_word' id='word_1_121' title='bbox 1392 1201 1428 1227; x_wconf 85' lang='lat' dir='ltr'>et</span> <span class='ocrx_word' id='word_1_122' title='bbox 1446 1195 1542 1227; x_wconf 83' lang='lat' dir='ltr'>Vra-</span> 
     </span>
     <span class='ocr_line' id='line_1_24' title="bbox 1176 1242 1543 1276; baseline -0.005 0"><span class='ocrx_word' id='word_1_123' title='bbox 1176 1242 1221 1276; x_wconf 85' lang='lat'>71</span> <span class='ocrx_word' id='word_1_124' title='bbox 1248 1253 1364 1274; x_wconf 82' lang='lat' dir='ltr'>canor</span> <span class='ocrx_word' id='word_1_125' title='bbox 1392 1242 1543 1275; x_wconf 77' lang='lat' dir='ltr'>invocat</span> 
     </span>
    </p>
   </div>
   <div class='ocr_carea' id='block_1_10' title="bbox 3 1323 1542 1377">
    <p class='ocr_par' dir='ltr' id='par_1_12' title="bbox 3 1321 1542 1377">
     <span class='ocr_line' id='line_1_25' title="bbox 3 1323 1542 1377; baseline 0.003 -13"><span class='ocrx_word' id='word_1_126' title='bbox 3 1323 173 1365; x_wconf 69' lang='grc' dir='ltr'><em>ἆάιεον</em></span> <span class='ocrx_word' id='word_1_127' title='bbox 202 1330 294 1365; x_wconf 85' lang='lat' dir='ltr'>Gud.</span> <span class='ocrx_word' id='word_1_128' title='bbox 324 1343 345 1364; x_wconf 85' lang='lat' dir='ltr'>a</span> <span class='ocrx_word' id='word_1_129' title='bbox 368 1344 413 1365; x_wconf 91' lang='lat' dir='ltr'>m.</span> <span class='ocrx_word' id='word_1_130' title='bbox 442 1343 496 1377; x_wconf 85' lang='lat' dir='ltr'>pr.</span> <span class='ocrx_word' id='word_1_131' title='bbox 546 1340 688 1367; x_wconf 75' lang='lat' dir='ltr'>tractos</span> <span class='ocrx_word' id='word_1_132' title='bbox 712 1334 859 1367; x_wconf 75' lang='lat' dir='ltr'>sonitus</span> <span class='ocrx_word' id='word_1_133' title='bbox 879 1334 1041 1367; x_wconf 86' lang='lat' dir='ltr'>tentabat</span> <span class='ocrx_word' id='word_1_134' title='bbox 1069 1336 1119 1368; x_wconf 90' lang='lat' dir='ltr'>Io.</span> <span class='ocrx_word' id='word_1_135' title='bbox 1142 1335 1329 1369; x_wconf 82' lang='lat' dir='ltr'>Schrader.</span> <span class='ocrx_word' id='word_1_136' title='bbox 1358 1346 1400 1368; x_wconf 83' lang='lat' dir='ltr'>ex</span> <span class='ocrx_word' id='word_1_137' title='bbox 1416 1347 1448 1367; x_wconf 85' lang='lat' dir='ltr'><strong>v.</strong></span> <span class='ocrx_word' id='word_1_138' title='bbox 1468 1336 1542 1369; x_wconf 77' lang='lat'>260</span> 
     </span>
    </p>
   </div>
   <div class='ocr_carea' id='block_1_11' title="bbox 0 1370 511 1520">
    <p class='ocr_par' dir='ltr' id='par_1_13' title="bbox 0 1370 511 1526">
     <span class='ocr_line' id='line_1_26' title="bbox 0 1370 471 1426; baseline 0 -13"><span class='ocrx_word' id='word_1_139' title='bbox 0 1370 231 1426; x_wconf 42' lang='lat' dir='ltr'>&amp;actamque</span> <span class='ocrx_word' id='word_1_140' title='bbox 253 1387 471 1415; x_wconf 69' lang='lat' dir='ltr'>susurrant.</span> 
     </span>
     <span class='ocr_line' id='line_1_27' title="bbox 0 1420 228 1472; baseline -0.013 -11"><span class='ocrx_word' id='word_1_141' title='bbox 0 1420 155 1468; x_wconf 51' lang='grc' dir='ltr'>βιοτά.</span> <span class='ocrx_word' id='word_1_142' title='bbox 173 1437 228 1472; x_wconf 86' lang='lat' dir='ltr'>pr.</span> 
     </span>
     <span class='ocr_line' id='line_1_28' title="bbox 54 1474 511 1520; baseline -0.002 -12.095"><span class='ocrx_word' id='word_1_143' title='bbox 54 1476 121 1507; x_wconf 72' lang='lat' dir='ltr'>‘ue</span> <span class='ocrx_word' id='word_1_144' title='bbox 136 1481 348 1520; x_wconf 76' lang='lat' dir='ltr'>acuuntque</span> <span class='ocrx_word' id='word_1_145' title='bbox 366 1474 511 1508; x_wconf 80' lang='lat' dir='ltr'>Vratisl.</span> 
     </span>
    </p>
   </div>
   <div class='ocr_carea' id='block_1_12' title="bbox 0 1510 135 2335">
    <p class='ocr_par' dir='ltr' id='par_1_14' title="bbox 0 1510 135 2335">
     <span class='ocr_line' id='line_1_29' title="bbox 0 1510 71 1560; baseline 0 0"><span class='ocrx_word' id='word_1_146' title='bbox 0 1510 71 1560; x_wconf 95' lang='lat' dir='ltr'>  </span> 
     </span>
     <span class='ocr_line' id='line_1_30' title="bbox 0 1560 68 1781; baseline 0 -65"><span class='ocrx_word' id='word_1_147' title='bbox 0 1560 68 1781; x_wconf 95' lang='lat' dir='ltr'>    </span> 
     </span>
     <span class='ocr_line' id='line_1_31' title="bbox 0 1781 104 1843; baseline 0.067 -7"><span class='ocrx_word' id='word_1_148' title='bbox 0 1781 104 1843; x_wconf 95' lang='lat' dir='ltr'>  </span> 
     </span>
     <span class='ocr_line' id='line_1_32' title="bbox 0 1843 51 2012; baseline -0.098 -112"><span class='ocrx_word' id='word_1_149' title='bbox 0 1843 51 2012; x_wconf 95' lang='lat' dir='ltr'>    </span> 
     </span>
     <span class='ocr_line' id='line_1_33' title="bbox 0 2012 135 2074; baseline 0 -3"><span class='ocrx_word' id='word_1_150' title='bbox 0 2012 135 2074; x_wconf 95' lang='lat' dir='ltr'>  </span> 
     </span>
     <span class='ocr_line' id='line_1_34' title="bbox 0 2074 95 2256; baseline 0 -57"><span class='ocrx_word' id='word_1_151' title='bbox 0 2074 95 2256; x_wconf 95' lang='lat' dir='ltr'>   </span> 
     </span>
     <span class='ocr_line' id='line_1_35' title="bbox 0 2256 94 2335; baseline 0 985"><span class='ocrx_word' id='word_1_152' title='bbox 0 2256 94 2335; x_wconf 95' lang='lat' dir='ltr'> </span> 
     </span>
    </p>
   </div>
   <div class='ocr_carea' id='block_1_13' title="bbox 0 1557 746 2625">
    <p class='ocr_par' dir='ltr' id='par_1_15' title="bbox 0 1557 746 2508">
     <span class='ocr_line' id='line_1_36' title="bbox 6 1557 745 1623; baseline 0.003 -4.984"><span class='ocrx_word' id='word_1_153' title='bbox 6 1557 118 1623; x_wconf 50' lang='lat' dir='ltr'>&#39;fua</span> <span class='ocrx_word' id='word_1_154' title='bbox 139 1580 276 1619; x_wconf 84' lang='lat' dir='ltr'>omnia</span> <span class='ocrx_word' id='word_1_155' title='bbox 302 1580 346 1619; x_wconf 88' lang='lat' dir='ltr'>in</span> <span class='ocrx_word' id='word_1_156' title='bbox 370 1580 504 1620; x_wconf 88' lang='lat' dir='ltr'>medio</span> <span class='ocrx_word' id='word_1_157' title='bbox 532 1580 745 1620; x_wconf 86' lang='lat' dir='ltr'>interiecta</span> 
     </span>
     <span class='ocr_line' id='line_1_37' title="bbox 0 1638 743 1694; baseline -0.003 -14"><span class='ocrx_word' id='word_1_158' title='bbox 0 1643 110 1694; x_wconf 44' lang='lat' dir='ltr'>,·t‚</span> <span class='ocrx_word' id='word_1_159' title='bbox 148 1638 261 1690; x_wconf 90' lang='lat' dir='ltr'>quod</span> <span class='ocrx_word' id='word_1_160' title='bbox 286 1644 476 1678; x_wconf 87' lang='lat' dir='ltr'>notatum</span> <span class='ocrx_word' id='word_1_161' title='bbox 507 1639 588 1677; x_wconf 86' lang='lat' dir='ltr'>iam</span> <span class='ocrx_word' id='word_1_162' title='bbox 621 1639 743 1678; x_wconf 84' lang='lat' dir='ltr'>video</span> 
     </span>
     <span class='ocr_line' id='line_1_38' title="bbox 52 1694 743 1752; baseline 0.003 -16.868"><span class='ocrx_word' id='word_1_163' title='bbox 52 1695 274 1750; x_wconf 81' lang='lat' dir='ltr'>ilargyrio.</span> <span class='ocrx_word' id='word_1_164' title='bbox 334 1694 488 1752; x_wconf 83' lang='lat' dir='ltr'>(Habet</span> <span class='ocrx_word' id='word_1_165' title='bbox 505 1696 607 1736; x_wconf 88' lang='lat' dir='ltr'>haec</span> <span class='ocrx_word' id='word_1_166' title='bbox 625 1698 743 1748; x_wconf 85' lang='lat' dir='ltr'>ratio,</span> 
     </span>
     <span class='ocr_line' id='line_1_39' title="bbox 3 1754 745 1809; baseline -0.003 -13"><span class='ocrx_word' id='word_1_167' title='bbox 3 1754 121 1804; x_wconf 49' lang='grc' dir='ltr'><strong><em>’[Ὓοᾶ·</em></strong></span> <span class='ocrx_word' id='word_1_168' title='bbox 151 1755 380 1809; x_wconf 78' lang='lat' dir='ltr'>displiceat5</span> <span class='ocrx_word' id='word_1_169' title='bbox 407 1756 543 1808; x_wconf 90' lang='lat' dir='ltr'>itaque</span> <span class='ocrx_word' id='word_1_170' title='bbox 561 1756 745 1809; x_wconf 87' lang='lat' dir='ltr'>Heynia-</span> 
     </span>
     <span class='ocr_line' id='line_1_40' title="bbox 6 1810 746 1868; baseline 0.003 -16"><span class='ocrx_word' id='word_1_171' title='bbox 6 1810 43 1862; x_wconf 49' lang='grc' dir='ltr'><em>ἦ</em></span> <span class='ocrx_word' id='word_1_172' title='bbox 86 1832 93 1848; x_wconf 79' lang='grc' dir='ltr'>ι</span> <span class='ocrx_word' id='word_1_173' title='bbox 112 1813 488 1868; x_wconf 64' lang='lat' dir='ltr'>interpunctionem</span> <span class='ocrx_word' id='word_1_174' title='bbox 497 1828 639 1854; x_wconf 90' lang='lat' dir='ltr'>rursus</span> <span class='ocrx_word' id='word_1_175' title='bbox 652 1829 746 1854; x_wconf 90' lang='lat' dir='ltr'>mu—</span> 
     </span>
     <span class='ocr_line' id='line_1_41' title="bbox 2 1870 746 1924; baseline 0 -12"><span class='ocrx_word' id='word_1_176' title='bbox 2 1871 117 1923; x_wconf 81' lang='lat' dir='ltr'>vi;</span> <span class='ocrx_word' id='word_1_177' title='bbox 145 1870 231 1912; x_wconf 79' lang='lat' dir='ltr'>vid.</span> <span class='ocrx_word' id='word_1_178' title='bbox 251 1873 418 1914; x_wconf 78' lang='lat' dir='ltr'>omnino</span> <span class='ocrx_word' id='word_1_179' title='bbox 437 1873 489 1922; x_wconf 86' lang='lat' dir='ltr'><strong>Q.</strong></span> <span class='ocrx_word' id='word_1_180' title='bbox 502 1873 549 1912; x_wconf 90' lang='lat' dir='ltr'>V.</span> <span class='ocrx_word' id='word_1_181' title='bbox 571 1873 746 1924; x_wconf 87' lang='lat' dir='ltr'>XXXV,</span> 
     </span>
     <span class='ocr_line' id='line_1_42' title="bbox 6 1926 746 1984; baseline -0.001 -13"><span class='ocrx_word' id='word_1_182' title='bbox 6 1926 51 1971; x_wconf 48' lang='lat'>[³.</span> <span class='ocrx_word' id='word_1_183' title='bbox 81 1928 202 1984; x_wconf 85' lang='lat' dir='ltr'>Wr.)</span> <span class='ocrx_word' id='word_1_184' title='bbox 262 1931 306 1969; x_wconf 89' lang='lat' dir='ltr'>Si</span> <span class='ocrx_word' id='word_1_185' title='bbox 336 1945 445 1971; x_wconf 88' lang='lat' dir='ltr'>nova</span> <span class='ocrx_word' id='word_1_186' title='bbox 471 1932 656 1970; x_wconf 85' lang='lat' dir='ltr'>examina</span> <span class='ocrx_word' id='word_1_187' title='bbox 683 1931 746 1970; x_wconf 88' lang='lat' dir='ltr'>al-</span> 
     </span>
     <span class='ocr_line' id='line_1_43' title="bbox 7 1986 746 2044; baseline 0 -16"><span class='ocrx_word' id='word_1_188' title='bbox 7 1986 15 2044; x_wconf 21' lang='grc'><strong>1</strong></span> <span class='ocrx_word' id='word_1_189' title='bbox 28 2007 49 2041; x_wconf 49' lang='lat'><em>3</em></span> <span class='ocrx_word' id='word_1_190' title='bbox 68 2007 71 2020; x_wconf 70' lang='grc' dir='ltr'><em>τ</em></span> <span class='ocrx_word' id='word_1_191' title='bbox 108 1988 117 1996; x_wconf 83' lang='grc'><strong>”</strong></span> <span class='ocrx_word' id='word_1_192' title='bbox 134 1987 355 2042; x_wconf 87' lang='lat' dir='ltr'>prodeunt,</span> <span class='ocrx_word' id='word_1_193' title='bbox 384 1989 541 2029; x_wconf 81' lang='lat' dir='ltr'>tinnitu</span> <span class='ocrx_word' id='word_1_194' title='bbox 554 1991 656 2029; x_wconf 90' lang='lat' dir='ltr'>aeris</span> <span class='ocrx_word' id='word_1_195' title='bbox 675 2003 746 2029; x_wconf 91' lang='lat' dir='ltr'>re-</span> 
     </span>
     <span class='ocr_line' id='line_1_44' title="bbox 47 2047 746 2102; baseline -0.001 -15.059"><span class='ocrx_word' id='word_1_196' title='bbox 47 2067 63 2079; x_wconf 48' lang='grc' dir='ltr'>υ</span> <span class='ocrx_word' id='word_1_197' title='bbox 94 2075 98 2079; x_wconf 86' lang='lat'><em>-</em></span> <span class='ocrx_word' id='word_1_198' title='bbox 121 2052 233 2099; x_wconf 77' lang='lat' dir='ltr'>·tur5</span> <span class='ocrx_word' id='word_1_199' title='bbox 262 2047 325 2086; x_wconf 89' lang='lat' dir='ltr'>sin</span> <span class='ocrx_word' id='word_1_200' title='bbox 351 2047 403 2087; x_wconf 89' lang='lat' dir='ltr'>ad</span> <span class='ocrx_word' id='word_1_201' title='bbox 429 2061 610 2102; x_wconf 83' lang='lat' dir='ltr'>pugnam</span> <span class='ocrx_word' id='word_1_202' title='bbox 632 2048 746 2087; x_wconf 72' lang='lat' dir='ltr'>exie-</span> 
     </span>
     <span class='ocr_line' id='line_1_45' title="bbox 3 2105 745 2162; baseline -0.003 -16"><span class='ocrx_word' id='word_1_203' title='bbox 3 2111 114 2162; x_wconf 50' lang='lat' dir='ltr'>ft,</span> <span class='ocrx_word' id='word_1_204' title='bbox 153 2105 383 2160; x_wconf 76' lang='lat' dir='ltr'>aspersione</span> <span class='ocrx_word' id='word_1_205' title='bbox 414 2107 607 2160; x_wconf 86' lang='lat' dir='ltr'>pulveris.</span> <span class='ocrx_word' id='word_1_206' title='bbox 655 2108 745 2145; x_wconf 87' lang='lat' dir='ltr'>Re-</span> 
     </span>
     <span class='ocr_line' id='line_1_46' title="bbox 5 2165 744 2218; baseline 0.001 -15"><span class='ocrx_word' id='word_1_207' title='bbox 5 2175 14 2189; x_wconf 71' lang='lat'>2¹</span> <span class='ocrx_word' id='word_1_208' title='bbox 63 2165 128 2203; x_wconf 78' lang='lat' dir='ltr'>&#39;us</span> <span class='ocrx_word' id='word_1_209' title='bbox 143 2165 306 2203; x_wconf 78' lang='lat' dir='ltr'>incessit</span> <span class='ocrx_word' id='word_1_210' title='bbox 322 2165 539 2215; x_wconf 84' lang='lat' dir='ltr'>discordia,</span> <span class='ocrx_word' id='word_1_211' title='bbox 551 2179 627 2218; x_wconf 91' lang='lat' dir='ltr'>pro</span> <span class='ocrx_word' id='word_1_212' title='bbox 646 2165 744 2204; x_wconf 89' lang='lat' dir='ltr'>vul-</span> 
     </span>
     <span class='ocr_line' id='line_1_47' title="bbox 1 2221 744 2275; baseline -0.001 -13"><span class='ocrx_word' id='word_1_213' title='bbox 1 2223 4 2227; x_wconf 89' lang='grc'><strong><em>’</em></strong></span> <span class='ocrx_word' id='word_1_214' title='bbox 81 2221 90 2230; x_wconf 82' lang='lat'>&#39;</span> <span class='ocrx_word' id='word_1_215' title='bbox 111 2222 283 2273; x_wconf 81' lang='lat' dir='ltr'>ratione,</span> <span class='ocrx_word' id='word_1_216' title='bbox 310 2237 424 2275; x_wconf 84' lang='lat' dir='ltr'>reges</span> <span class='ocrx_word' id='word_1_217' title='bbox 446 2225 620 2262; x_wconf 78' lang='lat' dir='ltr'>incessit.</span> <span class='ocrx_word' id='word_1_218' title='bbox 654 2223 744 2261; x_wconf 79' lang='lat' dir='ltr'>Re-</span> 
     </span>
     <span class='ocr_line' id='line_1_48' title="bbox 26 2282 745 2334; baseline -0.001 -14.014"><span class='ocrx_word' id='word_1_219' title='bbox 26 2283 27 2286; x_wconf 73' lang='grc'><strong><em>’</em></strong></span> <span class='ocrx_word' id='word_1_220' title='bbox 94 2311 106 2330; x_wconf 92' lang='grc'><strong><em>,</em></strong></span> <span class='ocrx_word' id='word_1_221' title='bbox 128 2294 249 2333; x_wconf 72' lang='lat' dir='ltr'>quos</span> <span class='ocrx_word' id='word_1_222' title='bbox 280 2282 393 2320; x_wconf 76' lang='lat' dir='ltr'>nunc</span> <span class='ocrx_word' id='word_1_223' title='bbox 437 2295 559 2334; x_wconf 86' lang='lat' dir='ltr'>apum</span> <span class='ocrx_word' id='word_1_224' title='bbox 594 2287 745 2320; x_wconf 88' lang='lat' dir='ltr'>matres</span> 
     </span>
     <span class='ocr_line' id='line_1_49' title="bbox 7 2334 744 2392; baseline -0.004 -11"><span class='ocrx_word' id='word_1_225' title='bbox 7 2334 91 2381; x_wconf 60' lang='lat' dir='ltr'>iste</span> <span class='ocrx_word' id='word_1_226' title='bbox 106 2339 266 2379; x_wconf 79' lang='lat' dir='ltr'>scimus.</span> <span class='ocrx_word' id='word_1_227' title='bbox 325 2340 567 2392; x_wconf 85' lang='lat' dir='ltr'>Dignitatem</span> <span class='ocrx_word' id='word_1_228' title='bbox 593 2339 744 2378; x_wconf 86' lang='lat' dir='ltr'>carmi-</span> 
     </span>
     <span class='ocr_line' id='line_1_50' title="bbox 4 2392 745 2451; baseline 0.001 -15"><span class='ocrx_word' id='word_1_229' title='bbox 4 2392 130 2437; x_wconf 68' lang='lat' dir='ltr'>nisin</span> <span class='ocrx_word' id='word_1_230' title='bbox 146 2410 192 2437; x_wconf 89' lang='lat' dir='ltr'>re</span> <span class='ocrx_word' id='word_1_231' title='bbox 209 2397 323 2437; x_wconf 88' lang='lat' dir='ltr'>tenui</span> <span class='ocrx_word' id='word_1_232' title='bbox 353 2398 397 2436; x_wconf 88' lang='lat' dir='ltr'>in</span> <span class='ocrx_word' id='word_1_233' title='bbox 422 2411 531 2451; x_wconf 88' lang='lat' dir='ltr'>seqq.</span> <span class='ocrx_word' id='word_1_234' title='bbox 551 2397 745 2437; x_wconf 85' lang='lat' dir='ltr'>admirari</span> 
     </span>
     <span class='ocr_line' id='line_1_51' title="bbox 7 2454 315 2508; baseline 0 -13"><span class='ocrx_word' id='word_1_235' title='bbox 7 2454 105 2495; x_wconf 63' lang='lat' dir='ltr'>nafis</span> <span class='ocrx_word' id='word_1_236' title='bbox 124 2469 315 2508; x_wconf 78' lang='lat' dir='ltr'>nequeaS.</span> 
     </span>
    </p>

    <p class='ocr_par' dir='ltr' id='par_1_16' title="bbox 0 2513 742 2625">
     <span class='ocr_line' id='line_1_52' title="bbox 66 2513 741 2564; baseline -0.004 -10"><span class='ocrx_word' id='word_1_237' title='bbox 66 2515 134 2557; x_wconf 83' lang='lat'><strong>69.</strong></span> <span class='ocrx_word' id='word_1_238' title='bbox 175 2514 308 2554; x_wconf 72' lang='lat' dir='ltr'>Corda</span> <span class='ocrx_word' id='word_1_239' title='bbox 338 2513 440 2553; x_wconf 79' lang='lat' dir='ltr'>bello</span> <span class='ocrx_word' id='word_1_240' title='bbox 473 2513 741 2564; x_wconf 76' lang='lat' dir='ltr'>trepidantia,</span> 
     </span>
     <span class='ocr_line' id='line_1_53' title="bbox 0 2549 742 2625; baseline -0.004 -13"><span class='ocrx_word' id='word_1_241' title='bbox 0 2549 51 2612; x_wconf 45' lang='grc' dir='ltr'><strong>ἦ</strong></span> <span class='ocrx_word' id='word_1_242' title='bbox 78 2572 231 2612; x_wconf 77' lang='lat' dir='ltr'>animos</span> <span class='ocrx_word' id='word_1_243' title='bbox 258 2572 355 2612; x_wconf 88' lang='lat' dir='ltr'>belli</span> <span class='ocrx_word' id='word_1_244' title='bbox 385 2571 605 2625; x_wconf 86' lang='lat' dir='ltr'>cupiditate</span> <span class='ocrx_word' id='word_1_245' title='bbox 617 2602 629 2621; x_wconf 94' lang='lat'>,</span> <span class='ocrx_word' id='word_1_246' title='bbox 659 2585 742 2624; x_wconf 91' lang='lat' dir='ltr'>pu-</span> 
     </span>
    </p>
   </div>
   <div class='ocr_carea' id='block_1_14' title="bbox 4 2629 758 2684">
    <p class='ocr_par' dir='ltr' id='par_1_17' title="bbox 4 2629 758 2684">
     <span class='ocr_line' id='line_1_54' title="bbox 4 2629 758 2684; baseline -0.001 -16"><span class='ocrx_word' id='word_1_247' title='bbox 4 2631 108 2683; x_wconf 56' lang='lat' dir='ltr'>gnae</span> <span class='ocrx_word' id='word_1_248' title='bbox 127 2630 293 2682; x_wconf 76' lang='lat' dir='ltr'>ardore,</span> <span class='ocrx_word' id='word_1_249' title='bbox 331 2629 646 2684; x_wconf 82' lang='lat' dir='ltr'>trepidantium,</span> <span class='ocrx_word' id='word_1_250' title='bbox 677 2630 758 2668; x_wconf 87' lang='lat' dir='ltr'>fe—-</span> 
     </span>
    </p>
   </div>
   <div class='ocr_carea' id='block_1_15' title="bbox 0 2686 747 3090">
    <p class='ocr_par' dir='ltr' id='par_1_18' title="bbox 0 2686 747 3090">
     <span class='ocr_line' id='line_1_55' title="bbox 0 2686 743 2742; baseline 0 -16"><span class='ocrx_word' id='word_1_251' title='bbox 0 2686 267 2739; x_wconf 53' lang='lat' dir='ltr'>§finanfiuQ</span> <span class='ocrx_word' id='word_1_252' title='bbox 307 2689 593 2742; x_wconf 80' lang='lat' dir='ltr'>satagentium,</span> <span class='ocrx_word' id='word_1_253' title='bbox 642 2687 743 2726; x_wconf 90' lang='lat' dir='ltr'>dum</span> 
     </span>
     <span class='ocr_line' id='line_1_56' title="bbox 0 2746 742 2800; baseline -0.001 -15"><span class='ocrx_word' id='word_1_254' title='bbox 0 2746 52 2791; x_wconf 58' lang='lat' dir='ltr'>*ne</span> <span class='ocrx_word' id='word_1_255' title='bbox 68 2746 121 2785; x_wconf 81' lang='lat' dir='ltr'>ad</span> <span class='ocrx_word' id='word_1_256' title='bbox 139 2746 291 2786; x_wconf 87' lang='lat' dir='ltr'>bellum</span> <span class='ocrx_word' id='word_1_257' title='bbox 310 2748 526 2800; x_wconf 86' lang='lat' dir='ltr'>accingunt</span> <span class='ocrx_word' id='word_1_258' title='bbox 539 2777 549 2796; x_wconf 89' lang='lat'>,</span> <span class='ocrx_word' id='word_1_259' title='bbox 581 2752 630 2786; x_wconf 89' lang='lat' dir='ltr'>ut</span> <span class='ocrx_word' id='word_1_260' title='bbox 643 2760 742 2785; x_wconf 79' lang='lat' dir='ltr'>mox</span> 
     </span>
     <span class='ocr_line' id='line_1_57' title="bbox 6 2805 742 2856; baseline 0 -13"><span class='ocrx_word' id='word_1_261' title='bbox 6 2808 64 2854; x_wconf 60' lang='lat' dir='ltr'>tce</span> <span class='ocrx_word' id='word_1_262' title='bbox 82 2805 188 2856; x_wconf 73' lang='lat' dir='ltr'>vidae</span> <span class='ocrx_word' id='word_1_263' title='bbox 214 2814 380 2855; x_wconf 83' lang='lat' dir='ltr'>coeunt,</span> <span class='ocrx_word' id='word_1_264' title='bbox 424 2805 466 2845; x_wconf 87' lang='lat' dir='ltr'><strong>h.</strong></span> <span class='ocrx_word' id='word_1_265' title='bbox 494 2805 742 2843; x_wconf 85' lang='lat' dir='ltr'>festinantes.</span> 
     </span>
     <span class='ocr_line' id='line_1_58' title="bbox 6 2819 744 2916; baseline 0 -15"><span class='ocrx_word' id='word_1_266' title='bbox 6 2819 223 2916; x_wconf 46' lang='lat' dir='ltr'>Effimnam</span> <span class='ocrx_word' id='word_1_267' title='bbox 249 2863 379 2902; x_wconf 73' lang='lat' dir='ltr'>Servii</span> <span class='ocrx_word' id='word_1_268' title='bbox 411 2869 572 2902; x_wconf 83' lang='lat' dir='ltr'>notam:</span> <span class='ocrx_word' id='word_1_269' title='bbox 628 2872 744 2913; x_wconf 80' lang='lat' dir='ltr'>„tre-</span> 
     </span>
     <span class='ocr_line' id='line_1_59' title="bbox 0 2919 746 2974; baseline 0.001 -16"><span class='ocrx_word' id='word_1_270' title='bbox 0 2921 196 2974; x_wconf 75' lang='lat' dir='ltr'>pidantia</span> <span class='ocrx_word' id='word_1_271' title='bbox 224 2919 326 2958; x_wconf 81' lang='lat' dir='ltr'>bello</span> <span class='ocrx_word' id='word_1_272' title='bbox 358 2921 481 2959; x_wconf 71' lang='lat' dir='ltr'>conda</span> <span class='ocrx_word' id='word_1_273' title='bbox 493 2950 505 2970; x_wconf 93' lang='lat'>,</span> <span class='ocrx_word' id='word_1_274' title='bbox 539 2921 746 2960; x_wconf 84' lang='lat' dir='ltr'>alacritate</span> 
     </span>
     <span class='ocr_line' id='line_1_60' title="bbox 4 2978 747 3032; baseline 0.001 -15"><span class='ocrx_word' id='word_1_275' title='bbox 4 2978 237 3032; x_wconf 74' lang='lat' dir='ltr'>pugnandi,</span> <span class='ocrx_word' id='word_1_276' title='bbox 277 2992 360 3017; x_wconf 89' lang='lat' dir='ltr'>non</span> <span class='ocrx_word' id='word_1_277' title='bbox 386 2979 544 3017; x_wconf 85' lang='lat' dir='ltr'>timore.</span> <span class='ocrx_word' id='word_1_278' title='bbox 556 2981 581 3001; x_wconf 87' lang='lat'><strong>“</strong></span> <span class='ocrx_word' id='word_1_279' title='bbox 638 2979 747 3018; x_wconf 85' lang='lat' dir='ltr'>Alibi</span> 
     </span>
     <span class='ocr_line' id='line_1_61' title="bbox 9 3035 745 3090; baseline 0.001 -15"><span class='ocrx_word' id='word_1_280' title='bbox 9 3035 81 3076; x_wconf 86' lang='lat' dir='ltr'>Ge.</span> <span class='ocrx_word' id='word_1_281' title='bbox 116 3036 192 3087; x_wconf 88' lang='lat'>111,</span> <span class='ocrx_word' id='word_1_282' title='bbox 215 3036 297 3079; x_wconf 89' lang='lat'>105</span> <span class='ocrx_word' id='word_1_283' title='bbox 313 3037 616 3090; x_wconf 78' lang='lat' dir='ltr'>exultantiaque</span> <span class='ocrx_word' id='word_1_284' title='bbox 635 3037 745 3077; x_wconf 80' lang='lat' dir='ltr'>hau-</span> 
     </span>
    </p>
   </div>
   <div class='ocr_carea' id='block_1_16' title="bbox 321 1380 1541 1521">
    <p class='ocr_par' dir='ltr' id='par_1_19' title="bbox 321 1380 1541 1521">
     <span class='ocr_line' id='line_1_62' title="bbox 582 1380 1541 1428; baseline -0.001 -13"><span class='ocrx_word' id='word_1_285' title='bbox 582 1381 629 1416; x_wconf 88' lang='lat'>73</span> <span class='ocrx_word' id='word_1_286' title='bbox 658 1380 800 1427; x_wconf 81' lang='lat' dir='ltr'>trepide</span> <span class='ocrx_word' id='word_1_287' title='bbox 826 1387 975 1426; x_wconf 88' lang='lat' dir='ltr'>uterque</span> <span class='ocrx_word' id='word_1_288' title='bbox 1004 1381 1114 1415; x_wconf 89' lang='lat' dir='ltr'>Goth.</span> <span class='ocrx_word' id='word_1_289' title='bbox 1158 1383 1357 1428; x_wconf 83' lang='lat' dir='ltr'>pinnisque</span> <span class='ocrx_word' id='word_1_290' title='bbox 1383 1381 1473 1415; x_wconf 89' lang='lat' dir='ltr'>Gud.</span> <span class='ocrx_word' id='word_1_291' title='bbox 1504 1387 1541 1414; x_wconf 89' lang='lat' dir='ltr'>et</span> 
     </span>
     <span class='ocr_line' id='line_1_63' title="bbox 321 1424 1538 1476; baseline 0.002 -16"><span class='ocrx_word' id='word_1_292' title='bbox 321 1424 370 1461; x_wconf 82' lang='lat'>74</span> <span class='ocrx_word' id='word_1_293' title='bbox 393 1427 546 1473; x_wconf 81' lang='lat' dir='ltr'>Spicula</span> <span class='ocrx_word' id='word_1_294' title='bbox 565 1436 754 1461; x_wconf 72' lang='lat' dir='ltr'>exacuunt</span> <span class='ocrx_word' id='word_1_295' title='bbox 769 1427 845 1460; x_wconf 89' lang='lat' dir='ltr'>sine</span> <span class='ocrx_word' id='word_1_296' title='bbox 862 1441 931 1473; x_wconf 82' lang='lat' dir='ltr'>que</span> <span class='ocrx_word' id='word_1_297' title='bbox 951 1428 1098 1462; x_wconf 88' lang='lat' dir='ltr'>Mentel.</span> <span class='ocrx_word' id='word_1_298' title='bbox 1119 1441 1173 1474; x_wconf 89' lang='lat' dir='ltr'>pr.</span> <span class='ocrx_word' id='word_1_299' title='bbox 1192 1441 1213 1463; x_wconf 84' lang='lat' dir='ltr'>a</span> <span class='ocrx_word' id='word_1_300' title='bbox 1233 1441 1278 1463; x_wconf 90' lang='lat' dir='ltr'>m.</span> <span class='ocrx_word' id='word_1_301' title='bbox 1299 1440 1354 1474; x_wconf 90' lang='lat' dir='ltr'>pr.</span> <span class='ocrx_word' id='word_1_302' title='bbox 1402 1430 1538 1476; x_wconf 81' lang='lat' dir='ltr'>Spicu-</span> 
     </span>
     <span class='ocr_line' id='line_1_64' title="bbox 619 1474 1088 1521; baseline 0 -11"><span class='ocrx_word' id='word_1_303' title='bbox 619 1475 665 1510; x_wconf 86' lang='lat'>75</span> <span class='ocrx_word' id='word_1_304' title='bbox 691 1475 741 1508; x_wconf 84' lang='lat' dir='ltr'>ad</span> <span class='ocrx_word' id='word_1_305' title='bbox 760 1474 863 1508; x_wconf 89' lang='lat' dir='ltr'>deest</span> <span class='ocrx_word' id='word_1_306' title='bbox 883 1487 937 1521; x_wconf 87' lang='lat' dir='ltr'>pr.</span> <span class='ocrx_word' id='word_1_307' title='bbox 956 1477 1088 1510; x_wconf 86' lang='lat' dir='ltr'>Moret.</span> 
     </span>
    </p>
   </div>
   <div class='ocr_carea' id='block_1_17' title="bbox 798 1581 1534 1634">
    <p class='ocr_par' dir='ltr' id='par_1_20' title="bbox 798 1581 1534 1634">
     <span class='ocr_line' id='line_1_65' title="bbox 798 1581 1534 1634; baseline 0 -14"><span class='ocrx_word' id='word_1_308' title='bbox 798 1583 849 1620; x_wconf 79' lang='lat' dir='ltr'>rit</span> <span class='ocrx_word' id='word_1_309' title='bbox 870 1581 1002 1620; x_wconf 83' lang='lat' dir='ltr'>Corda</span> <span class='ocrx_word' id='word_1_310' title='bbox 1011 1596 1150 1634; x_wconf 79' lang='lat' dir='ltr'>pavor</span> <span class='ocrx_word' id='word_1_311' title='bbox 1163 1583 1349 1634; x_wconf 76' lang='lat' dir='ltr'>pulsans.</span> <span class='ocrx_word' id='word_1_312' title='bbox 1381 1582 1534 1621; x_wconf 86' lang='lat' dir='ltr'>Trans-</span> 
     </span>
    </p>
   </div>
   <div class='ocr_carea' id='block_1_18' title="bbox 786 1639 1537 1693">
    <p class='ocr_par' dir='ltr' id='par_1_21' title="bbox 786 1639 1537 1693">
     <span class='ocr_line' id='line_1_66' title="bbox 786 1639 1537 1693; baseline 0 -15"><span class='ocrx_word' id='word_1_313' title='bbox 786 1639 901 1679; x_wconf 54' lang='lat' dir='ltr'>&#39;tulit</span> <span class='ocrx_word' id='word_1_314' title='bbox 954 1646 1090 1679; x_wconf 88' lang='lat' dir='ltr'>autem</span> <span class='ocrx_word' id='word_1_315' title='bbox 1136 1647 1259 1693; x_wconf 86' lang='lat' dir='ltr'>poeta</span> <span class='ocrx_word' id='word_1_316' title='bbox 1300 1654 1373 1690; x_wconf 89' lang='lat' dir='ltr'>ea,</span> <span class='ocrx_word' id='word_1_317' title='bbox 1434 1653 1537 1692; x_wconf 89' lang='lat' dir='ltr'>quae</span> 
     </span>
    </p>
   </div>
   <div class='ocr_carea' id='block_1_19' title="bbox 798 1697 1539 3086">
    <p class='ocr_par' dir='ltr' id='par_1_22' title="bbox 798 1697 1539 3086">
     <span class='ocr_line' id='line_1_67' title="bbox 803 1697 1539 1751; baseline 0.001 -15"><span class='ocrx_word' id='word_1_318' title='bbox 803 1697 985 1737; x_wconf 87' lang='lat' dir='ltr'>omnium</span> <span class='ocrx_word' id='word_1_319' title='bbox 1005 1712 1126 1751; x_wconf 89' lang='lat' dir='ltr'>apum</span> <span class='ocrx_word' id='word_1_320' title='bbox 1144 1699 1402 1751; x_wconf 81' lang='lat' dir='ltr'>migrationes</span> <span class='ocrx_word' id='word_1_321' title='bbox 1419 1704 1539 1737; x_wconf 81' lang='lat' dir='ltr'>ante-</span> 
     </span>
     <span class='ocr_line' id='line_1_68' title="bbox 803 1755 1538 1808; baseline 0.003 -14"><span class='ocrx_word' id='word_1_322' title='bbox 803 1755 947 1795; x_wconf 88' lang='lat' dir='ltr'>cedere</span> <span class='ocrx_word' id='word_1_323' title='bbox 968 1757 1121 1807; x_wconf 86' lang='lat' dir='ltr'>solent,</span> <span class='ocrx_word' id='word_1_324' title='bbox 1153 1757 1206 1795; x_wconf 83' lang='lat' dir='ltr'>ad</span> <span class='ocrx_word' id='word_1_325' title='bbox 1227 1757 1289 1806; x_wconf 87' lang='lat' dir='ltr'>id,</span> <span class='ocrx_word' id='word_1_326' title='bbox 1331 1757 1443 1808; x_wconf 89' lang='lat' dir='ltr'>quod</span> <span class='ocrx_word' id='word_1_327' title='bbox 1466 1756 1538 1796; x_wconf 88' lang='lat' dir='ltr'>illo</span> 
     </span>
     <span class='ocr_line' id='line_1_69' title="bbox 803 1814 1538 1868; baseline 0.003 -16"><span class='ocrx_word' id='word_1_328' title='bbox 803 1815 979 1853; x_wconf 78' lang='lat' dir='ltr'>maxime</span> <span class='ocrx_word' id='word_1_329' title='bbox 1014 1821 1198 1868; x_wconf 90' lang='lat' dir='ltr'>tempore</span> <span class='ocrx_word' id='word_1_330' title='bbox 1223 1814 1405 1854; x_wconf 86' lang='lat' dir='ltr'>accidere</span> <span class='ocrx_word' id='word_1_331' title='bbox 1426 1815 1538 1865; x_wconf 89' lang='lat' dir='ltr'>solet,</span> 
     </span>
     <span class='ocr_line' id='line_1_70' title="bbox 804 1873 1539 1923; baseline 0.001 -12"><span class='ocrx_word' id='word_1_332' title='bbox 804 1886 897 1911; x_wconf 87' lang='lat' dir='ltr'>cum</span> <span class='ocrx_word' id='word_1_333' title='bbox 929 1873 1081 1912; x_wconf 91' lang='lat' dir='ltr'>bellum</span> <span class='ocrx_word' id='word_1_334' title='bbox 1111 1873 1228 1912; x_wconf 89' lang='lat' dir='ltr'>civile</span> <span class='ocrx_word' id='word_1_335' title='bbox 1257 1879 1468 1923; x_wconf 83' lang='lat' dir='ltr'>movetur3</span> <span class='ocrx_word' id='word_1_336' title='bbox 1498 1879 1539 1912; x_wconf 84' lang='lat' dir='ltr'>et</span> 
     </span>
     <span class='ocr_line' id='line_1_71' title="bbox 802 1930 1539 1970; baseline 0 0"><span class='ocrx_word' id='word_1_337' title='bbox 802 1930 949 1970; x_wconf 87' lang='lat' dir='ltr'>habuit</span> <span class='ocrx_word' id='word_1_338' title='bbox 982 1938 1077 1970; x_wconf 86' lang='lat' dir='ltr'>ante</span> <span class='ocrx_word' id='word_1_339' title='bbox 1115 1931 1253 1970; x_wconf 85' lang='lat' dir='ltr'>oculos</span> <span class='ocrx_word' id='word_1_340' title='bbox 1279 1931 1539 1970; x_wconf 85' lang='lat' dir='ltr'>Aristotelem</span> 
     </span>
     <span class='ocr_line' id='line_1_72' title="bbox 803 1988 1538 2042; baseline 0.001 -14"><span class='ocrx_word' id='word_1_341' title='bbox 803 1989 855 2028; x_wconf 89' lang='lat' dir='ltr'>H.</span> <span class='ocrx_word' id='word_1_342' title='bbox 873 1989 920 2028; x_wconf 89' lang='lat' dir='ltr'>A.</span> <span class='ocrx_word' id='word_1_343' title='bbox 936 1990 1007 2039; x_wconf 90' lang='lat' dir='ltr'>IX,</span> <span class='ocrx_word' id='word_1_344' title='bbox 1027 1988 1098 2032; x_wconf 83' lang='lat'><strong>40.</strong></span> <span class='ocrx_word' id='word_1_345' title='bbox 1114 2004 1200 2042; x_wconf 87' lang='lat' dir='ltr'>pag.</span> <span class='ocrx_word' id='word_1_346' title='bbox 1212 1989 1296 2032; x_wconf 85' lang='lat'>946</span> <span class='ocrx_word' id='word_1_347' title='bbox 1316 1991 1359 2029; x_wconf 91' lang='lat' dir='ltr'><strong>E.</strong></span> <span class='ocrx_word' id='word_1_348' title='bbox 1381 1990 1538 2029; x_wconf 87' lang='lat' dir='ltr'>Varro-</span> 
     </span>
     <span class='ocr_line' id='line_1_73' title="bbox 802 2047 1538 2100; baseline 0 -14"><span class='ocrx_word' id='word_1_349' title='bbox 802 2061 895 2086; x_wconf 89' lang='lat' dir='ltr'>nem</span> <span class='ocrx_word' id='word_1_350' title='bbox 915 2048 964 2087; x_wconf 88' lang='lat' dir='ltr'>R.</span> <span class='ocrx_word' id='word_1_351' title='bbox 991 2049 1039 2086; x_wconf 90' lang='lat' dir='ltr'>R.</span> <span class='ocrx_word' id='word_1_352' title='bbox 1071 2047 1148 2097; x_wconf 89' lang='lat'>111,</span> <span class='ocrx_word' id='word_1_353' title='bbox 1172 2051 1248 2096; x_wconf 88' lang='grc'>16,</span> <span class='ocrx_word' id='word_1_354' title='bbox 1279 2050 1356 2097; x_wconf 86' lang='grc'>30,</span> <span class='ocrx_word' id='word_1_355' title='bbox 1375 2054 1538 2100; x_wconf 84' lang='lat' dir='ltr'>poetam</span> 
     </span>
     <span class='ocr_line' id='line_1_74' title="bbox 803 2105 1536 2155; baseline 0.003 -12"><span class='ocrx_word' id='word_1_356' title='bbox 803 2112 939 2144; x_wconf 88' lang='lat' dir='ltr'>autem</span> <span class='ocrx_word' id='word_1_357' title='bbox 955 2105 1131 2145; x_wconf 85' lang='lat' dir='ltr'>vicissim</span> <span class='ocrx_word' id='word_1_358' title='bbox 1158 2105 1379 2143; x_wconf 89' lang='lat' dir='ltr'>Columella</span> <span class='ocrx_word' id='word_1_359' title='bbox 1406 2107 1477 2155; x_wconf 87' lang='lat' dir='ltr'>IX,</span> <span class='ocrx_word' id='word_1_360' title='bbox 1496 2109 1536 2148; x_wconf 88' lang='lat'>9.</span> 
     </span>
     <span class='ocr_line' id='line_1_75' title="bbox 803 2163 1536 2216; baseline -0.005 -10"><span class='ocrx_word' id='word_1_361' title='bbox 803 2167 871 2206; x_wconf 89' lang='lat'>71.</span> <span class='ocrx_word' id='word_1_362' title='bbox 902 2164 1007 2202; x_wconf 88' lang='lat' dir='ltr'>Dum</span> <span class='ocrx_word' id='word_1_363' title='bbox 1034 2163 1229 2202; x_wconf 88' lang='lat' dir='ltr'>bombum</span> <span class='ocrx_word' id='word_1_364' title='bbox 1248 2163 1415 2202; x_wconf 85' lang='lat' dir='ltr'>faciunt.</span> <span class='ocrx_word' id='word_1_365' title='bbox 1432 2164 1536 2216; x_wconf 76' lang='lat' dir='ltr'>fla-</span> 
     </span>
     <span class='ocr_line' id='line_1_76' title="bbox 801 2220 1535 2272; baseline 0 -12"><span class='ocrx_word' id='word_1_366' title='bbox 801 2224 858 2260; x_wconf 80' lang='lat' dir='ltr'>cti</span> <span class='ocrx_word' id='word_1_367' title='bbox 874 2224 1038 2272; x_wconf 79' lang='lat' dir='ltr'>sonitus,</span> <span class='ocrx_word' id='word_1_368' title='bbox 1066 2220 1108 2260; x_wconf 88' lang='lat' dir='ltr'><strong>h.</strong></span> <span class='ocrx_word' id='word_1_369' title='bbox 1130 2235 1212 2260; x_wconf 91' lang='lat' dir='ltr'>non</span> <span class='ocrx_word' id='word_1_370' title='bbox 1233 2222 1426 2271; x_wconf 87' lang='lat' dir='ltr'>continui,</span> <span class='ocrx_word' id='word_1_371' title='bbox 1443 2236 1535 2260; x_wconf 92' lang='lat' dir='ltr'>mo—</span> 
     </span>
     <span class='ocr_line' id='line_1_77' title="bbox 803 2279 1536 2329; baseline 0.001 -11"><span class='ocrx_word' id='word_1_372' title='bbox 803 2279 856 2318; x_wconf 91' lang='lat' dir='ltr'>do</span> <span class='ocrx_word' id='word_1_373' title='bbox 895 2280 1064 2319; x_wconf 84' lang='lat' dir='ltr'>fortiore</span> <span class='ocrx_word' id='word_1_374' title='bbox 1080 2309 1092 2329; x_wconf 94' lang='lat'>,</span> <span class='ocrx_word' id='word_1_375' title='bbox 1140 2279 1264 2318; x_wconf 88' lang='lat' dir='ltr'>modo</span> <span class='ocrx_word' id='word_1_376' title='bbox 1309 2280 1536 2319; x_wconf 84' lang='lat' dir='ltr'>remissiore</span> 
     </span>
     <span class='ocr_line' id='line_1_78' title="bbox 801 2338 1534 2390; baseline 0 -14"><span class='ocrx_word' id='word_1_377' title='bbox 801 2338 959 2390; x_wconf 86' lang='lat' dir='ltr'>spiritu.</span> <span class='ocrx_word' id='word_1_378' title='bbox 1041 2339 1109 2380; x_wconf 85' lang='lat'><strong>73.</strong></span> <span class='ocrx_word' id='word_1_379' title='bbox 1149 2340 1374 2390; x_wconf 81' lang='lat' dir='ltr'>pennisque</span> <span class='ocrx_word' id='word_1_380' title='bbox 1416 2352 1534 2376; x_wconf 82' lang='lat' dir='ltr'>com-</span> 
     </span>
     <span class='ocr_line' id='line_1_79' title="bbox 800 2393 1534 2450; baseline 0.004 -16"><span class='ocrx_word' id='word_1_381' title='bbox 800 2405 917 2434; x_wconf 80' lang='lat' dir='ltr'>scant</span> <span class='ocrx_word' id='word_1_382' title='bbox 930 2427 942 2446; x_wconf 90' lang='lat'>,</span> <span class='ocrx_word' id='word_1_383' title='bbox 977 2408 1029 2435; x_wconf 82' lang='lat' dir='ltr'>ex</span> <span class='ocrx_word' id='word_1_384' title='bbox 1053 2395 1257 2448; x_wconf 82' lang='lat' dir='ltr'>frequenti</span> <span class='ocrx_word' id='word_1_385' title='bbox 1276 2402 1389 2435; x_wconf 81' lang='lat' dir='ltr'>motu</span> <span class='ocrx_word' id='word_1_386' title='bbox 1409 2393 1534 2450; x_wconf 73' lang='grc' dir='ltr'><em>πτερὰ</em></span> 
     </span>
     <span class='ocr_line' id='line_1_80' title="bbox 801 2450 1534 2503; baseline -0.007 -7"><span class='ocrx_word' id='word_1_387' title='bbox 801 2455 980 2503; x_wconf 72' lang='grc' dir='ltr'><strong><em>πξοικίλα.</em></strong></span> <span class='ocrx_word' id='word_1_388' title='bbox 1011 2450 1138 2494; x_wconf 81' lang='grc' dir='ltr'><strong><em>αἰόλα.</em></strong></span> <span class='ocrx_word' id='word_1_389' title='bbox 1213 2453 1325 2493; x_wconf 87' lang='lat' dir='ltr'>Idem</span> <span class='ocrx_word' id='word_1_390' title='bbox 1353 2460 1414 2492; x_wconf 88' lang='lat' dir='ltr'>est</span> <span class='ocrx_word' id='word_1_391' title='bbox 1451 2456 1534 2492; x_wconf 77' lang='lat' dir='ltr'>mi-</span> 
     </span>
     <span class='ocr_line' id='line_1_81' title="bbox 799 2509 1534 2566; baseline 0 -16"><span class='ocrx_word' id='word_1_392' title='bbox 799 2527 903 2551; x_wconf 84' lang='lat' dir='ltr'>care.</span> <span class='ocrx_word' id='word_1_393' title='bbox 945 2509 1013 2554; x_wconf 83' lang='grc'>74.</span> <span class='ocrx_word' id='word_1_394' title='bbox 1041 2512 1211 2563; x_wconf 78' lang='lat' dir='ltr'>Spicula</span> <span class='ocrx_word' id='word_1_395' title='bbox 1227 2520 1440 2551; x_wconf 76' lang='lat' dir='ltr'>rostrorum</span> <span class='ocrx_word' id='word_1_396' title='bbox 1458 2510 1534 2566; x_wconf 88' lang='lat' dir='ltr'>(sic</span> 
     </span>
     <span class='ocr_line' id='line_1_82' title="bbox 799 2569 1534 2623; baseline 0 -15"><span class='ocrx_word' id='word_1_397' title='bbox 799 2570 958 2622; x_wconf 86' lang='lat' dir='ltr'>vulgari</span> <span class='ocrx_word' id='word_1_398' title='bbox 974 2583 1088 2608; x_wconf 88' lang='lat' dir='ltr'>more</span> <span class='ocrx_word' id='word_1_399' title='bbox 1114 2569 1299 2619; x_wconf 80' lang='lat' dir='ltr'>effertur,</span> <span class='ocrx_word' id='word_1_400' title='bbox 1337 2584 1414 2623; x_wconf 90' lang='lat' dir='ltr'>pro</span> <span class='ocrx_word' id='word_1_401' title='bbox 1434 2570 1534 2608; x_wconf 88' lang='lat' dir='ltr'>sim-</span> 
     </span>
     <span class='ocr_line' id='line_1_83' title="bbox 798 2626 1533 2683; baseline 0 -16"><span class='ocrx_word' id='word_1_402' title='bbox 798 2628 915 2681; x_wconf 88' lang='lat' dir='ltr'>plici,</span> <span class='ocrx_word' id='word_1_403' title='bbox 945 2626 1117 2683; x_wconf 85' lang='lat' dir='ltr'>rostra),</span> <span class='ocrx_word' id='word_1_404' title='bbox 1157 2628 1335 2677; x_wconf 88' lang='lat' dir='ltr'>aculeos,</span> <span class='ocrx_word' id='word_1_405' title='bbox 1367 2635 1533 2678; x_wconf 87' lang='lat' dir='ltr'>acuunt,</span> 
     </span>
     <span class='ocr_line' id='line_1_84' title="bbox 801 2685 1533 2739; baseline -0.001 -14"><span class='ocrx_word' id='word_1_406' title='bbox 801 2699 872 2726; x_wconf 90' lang='lat' dir='ltr'>seu</span> <span class='ocrx_word' id='word_1_407' title='bbox 895 2700 987 2725; x_wconf 90' lang='lat' dir='ltr'>cum</span> <span class='ocrx_word' id='word_1_408' title='bbox 1007 2685 1197 2739; x_wconf 70' lang='lat' dir='ltr'>Mastyno</span> <span class='ocrx_word' id='word_1_409' title='bbox 1214 2686 1442 2738; x_wconf 90' lang='lat' dir='ltr'>simplicius,</span> <span class='ocrx_word' id='word_1_410' title='bbox 1458 2699 1533 2724; x_wconf 90' lang='lat' dir='ltr'>ro-</span> 
     </span>
     <span class='ocr_line' id='line_1_85' title="bbox 800 2744 1533 2790; baseline -0.001 -7"><span class='ocrx_word' id='word_1_411' title='bbox 800 2745 896 2784; x_wconf 87' lang='lat' dir='ltr'>stris</span> <span class='ocrx_word' id='word_1_412' title='bbox 927 2745 1008 2783; x_wconf 87' lang='lat' dir='ltr'>suis</span> <span class='ocrx_word' id='word_1_413' title='bbox 1039 2758 1185 2790; x_wconf 81' lang='lat' dir='ltr'>acuere</span> <span class='ocrx_word' id='word_1_414' title='bbox 1214 2744 1409 2783; x_wconf 78' lang='lat' dir='ltr'>videntur</span> <span class='ocrx_word' id='word_1_415' title='bbox 1433 2757 1533 2782; x_wconf 91' lang='lat' dir='ltr'>acu-</span> 
     </span>
     <span class='ocr_line' id='line_1_86' title="bbox 800 2802 1532 2854; baseline -0.003 -13"><span class='ocrx_word' id='word_1_416' title='bbox 800 2803 903 2853; x_wconf 88' lang='lat' dir='ltr'>leos,</span> <span class='ocrx_word' id='word_1_417' title='bbox 947 2802 1059 2854; x_wconf 90' lang='lat' dir='ltr'>quod</span> <span class='ocrx_word' id='word_1_418' title='bbox 1081 2816 1237 2842; x_wconf 87' lang='lat' dir='ltr'>muscas</span> <span class='ocrx_word' id='word_1_419' title='bbox 1268 2814 1429 2853; x_wconf 89' lang='lat' dir='ltr'>quoque</span> <span class='ocrx_word' id='word_1_420' title='bbox 1465 2802 1532 2840; x_wconf 74' lang='lat' dir='ltr'>fn-</span> 
     </span>
     <span class='ocr_line' id='line_1_87' title="bbox 803 2861 1531 2912; baseline -0.005 -12"><span class='ocrx_word' id='word_1_421' title='bbox 803 2875 893 2900; x_wconf 89' lang='lat' dir='ltr'>cere</span> <span class='ocrx_word' id='word_1_422' title='bbox 914 2861 1063 2901; x_wconf 87' lang='lat' dir='ltr'>videas.</span> <span class='ocrx_word' id='word_1_423' title='bbox 1094 2869 1239 2912; x_wconf 79' lang='lat' dir='ltr'>aptant</span> <span class='ocrx_word' id='word_1_424' title='bbox 1263 2861 1429 2898; x_wconf 80' lang='lat' dir='ltr'>lacertos</span> <span class='ocrx_word' id='word_1_425' title='bbox 1456 2872 1531 2911; x_wconf 88' lang='lat' dir='ltr'>pe-</span> 
     </span>
     <span class='ocr_line' id='line_1_88' title="bbox 802 2917 1531 2972; baseline -0.005 -14"><span class='ocrx_word' id='word_1_426' title='bbox 802 2920 928 2958; x_wconf 79' lang='lat' dir='ltr'>titum</span> <span class='ocrx_word' id='word_1_427' title='bbox 947 2933 969 2957; x_wconf 91' lang='lat' dir='ltr'>a</span> <span class='ocrx_word' id='word_1_428' title='bbox 985 2918 1187 2972; x_wconf 84' lang='lat' dir='ltr'>pugilibus</span> <span class='ocrx_word' id='word_1_429' title='bbox 1199 2948 1210 2967; x_wconf 95' lang='lat'>,</span> <span class='ocrx_word' id='word_1_430' title='bbox 1241 2917 1310 2968; x_wconf 83' lang='lat' dir='ltr'>qui</span> <span class='ocrx_word' id='word_1_431' title='bbox 1326 2923 1420 2955; x_wconf 80' lang='lat' dir='ltr'>ante</span> <span class='ocrx_word' id='word_1_432' title='bbox 1440 2930 1531 2955; x_wconf 90' lang='lat' dir='ltr'>cer-</span> 
     </span>
     <span class='ocr_line' id='line_1_89' title="bbox 802 2972 1532 3030; baseline -0.007 -13"><span class='ocrx_word' id='word_1_433' title='bbox 802 2984 941 3017; x_wconf 84' lang='lat' dir='ltr'>tamen</span> <span class='ocrx_word' id='word_1_434' title='bbox 968 2977 1183 3030; x_wconf 78' lang='lat' dir='ltr'>explorant</span> <span class='ocrx_word' id='word_1_435' title='bbox 1208 2976 1336 3024; x_wconf 88' lang='lat' dir='ltr'>vires,</span> <span class='ocrx_word' id='word_1_436' title='bbox 1365 2972 1532 3013; x_wconf 80' lang='lat' dir='ltr'>brachia</span> 
     </span>
     <span class='ocr_line' id='line_1_90' title="bbox 803 3033 1530 3086; baseline 0 -11"><span class='ocrx_word' id='word_1_437' title='bbox 803 3037 979 3086; x_wconf 84' lang='lat' dir='ltr'>iactant,</span> <span class='ocrx_word' id='word_1_438' title='bbox 1024 3040 1075 3075; x_wconf 86' lang='lat' dir='ltr'>ut</span> <span class='ocrx_word' id='word_1_439' title='bbox 1101 3034 1199 3075; x_wconf 83' lang='lat' dir='ltr'>Aen.</span> <span class='ocrx_word' id='word_1_440' title='bbox 1226 3033 1281 3083; x_wconf 89' lang='lat' dir='ltr'>V,</span> <span class='ocrx_word' id='word_1_441' title='bbox 1308 3035 1405 3077; x_wconf 82' lang='lat'><strong>376.</strong></span> <span class='ocrx_word' id='word_1_442' title='bbox 1434 3035 1530 3075; x_wconf 84' lang='lat'><strong>377.</strong></span> 
     </span>
    </p>
   </div>
  </div>
 </body>
</html>
