1768 3320
178 212 281 261 328

526 209 582 259 P.
619 207 984 259 VIRGILII
1027 186 1406 258 MARoNIS

180 334 491 402 Gnosiaque
511 334 747 385 ardentis
773 333 1002 385 decedat
1022 334 1171 385 stella
1194 336 1460 400 Coronae,

223 465 295 501 222
318 463 390 498 Alii
411 465 546 498 CnOSla
568 463 747 507 scribunt,
772 464 970 498 variatione
986 462 1151 498 sollenni.
1200 464 1370 498 discedat
1388 465 1478 498 Ven.
1512 462 1714 498 descendat

178 511 294 546 Mead.
315 523 414 545 unus.
441 512 616 545 succedat
634 511 847 546 coniiciebat
863 511 1039 545 Reiskius.
1066 512 1117 544 Io.
1137 511 1324 545 Schrader.
1338 511 1533 567 procedat.
1558 511 1594 545 h.
1614 510 1714 545 oria-

177 565 254 601 tur,
279 566 318 592 ut
337 549 486 592 tollat'ur
507 558 682 593 dubitatio
702 560 746 593 de
768 559 805 592 h.
826 558 850 592 l.
884 558 1042 600 Scilicet,
1067 564 1127 591 aut
1147 558 1184 591 in
1200 558 1318 592 verbis
1337 565 1398 592 aut
1416 558 1452 592 in
1469 558 1601 592 iudicio
1623 557 1714 592 Vir-

179 585 257 651 gilii
272 605 395 640 vitium
407 618 484 639 esse
507 618 652 639 necesse
671 612 736 641 est.
784 608 847 640 Est
865 612 983 639 autem
1003 605 1041 638 in
1059 605 1213 648 iudici03
1238 612 1274 639 et
1284 612 1380 639 errat
1398 607 1512 640 Maro.
1537 605 1607 640 vid.
1625 606 1712 639 Not.

185 713 396 764 Vergiliae
415 713 614 751 occidunt.
649 713 750 752 Plin.
769 712 916 762 XVIII,

180 771 235 815 56
255 768 346 825 (24)
384 772 442 810 V
425 785 491 823 ir
467 772 585 809 ilius
602 773 779 810 triticum
796 779 833 809 et
840 771 921 824 sar

179 844 208 867 a
225 830 505 880 Vergiliarum
521 843 669 867 occasu
686 830 765 867 seri
779 828 914 866 iubet.-

179 887 372 926 hordeum
390 888 492 925 inter
510 889 810 939 aequinoctium
836 902 917 925 au-

180 947 334 984 ctumni
355 953 391 982 et
408 944 593 983 brumam
603 960 618 992 ,·
642 947 798 984 viciam
812 960 916 995 vero,

167 1003 383 1056 saseolum
408 1011 445 1041 et
474 1003 642 1054 lentem,
688 1005 816 1042 Boote
848 1018 918 1041 oc-

180 1062 345 1099 cidente.
406 1061 486 1099 Sed
515 1061 623 1100 idem
653 1061 813 1101 diversa
834 1062 919 1100 fere

182 1119 447 1171 agricolarum
471 1118 549 1158 hac
566 1120 608 1159 in
629 1133 673 1159 re
693 1133 776 1158 esse
799 1120 919 1159 insti-

180 1184 274 1216 tuta
339 1177 526 1231 deinceps
587 1179 767 1232 exponit.
836 1179 921 1217 Ite-

181 1235 357 1289 spexisse
380 1244 518 1277 autem
537 1243 675 1276 noster
695 1237 920 1276 Hesiodum

180 1300 355 1348 putatur
384 1295 428 1333 in
459 1295 568 1334 notis
606 1296 790 1335 versibus
805 1293 919 1350 ’'EQy.

182 1355 280 1394 383.
308 1353 405 1396 615.
474 1354 651 1393 Omnino
682 1353 920 1404 tenendum,

182 1411 357 1450 Graecos
380 1425 403 1449 a
418 1411 627 1452 Pleiadum
648 1419 757 1464 orm,
787 1412 921 1451 medio

182 1469 313 1520 Maio,
345 1476 538 1509 aestatem
569 1485 617 1510 ac
646 1485 838 1521 messem,
870 1471 920 1509 ab

182 1541 330 1567 occasu
357 1528 532 1569 hiemem
561 1544 653 1569 cum
675 1531 857 1569 aratione
875 1543 922 1568 ac

182 1592 359 1625 semente
381 1587 555 1627 duxisse.
574 1589 668 1628 Loc.
680 1590 793 1628 class.
806 1587 921 1627 Arat.

182 1644 332 1684 Phaen.
375 1645 461 1688 264
492 1660 600 1699 sqq.,
662 1648 733 1687 ubi
785 1647 921 1687 Schol.

181 1718 222 1757 p.
247 1703 300 1746 35
321 1703 384 1742 ed.
403 1705 538 1744 Oxou.
558 1706 764 1745 recentius
789 1705 922 1744 Scho-

182 1762 288 1811 lion,
327 1767 369 1800 et
401 1776 490 1815 pag.
522 1765 577 1806 36
619 1765 825 1817 antiquius
854 1763 923 1803 vi-

184 1819 376 1859 dendum.
409 1821 513 1859 conf.
546 1822 647 1862 Plin.
679 1823 825 1872 XVIII,
852 1824 921 1864 29.

183 1877 388 1931 Theophr.
408 1879 458 1917 de
476 1879 611 1919 Causs.
630 1881 761 1920 Plant.
773 1880 840 1930 III,
851 1882 921 1922 28.

184 1935 319 1976 Schol.
353 1935 542 1990 Aeschyli
575 1938 781 1978 Prometh.
822 1937 921 1981 457·

183 1995 248 2033 Ex
270 1995 369 2033 artis
391 1997 619 2050 praeceptis
641 1997 691 2037 de
711 2010 756 2036 re
777 1997 922 2050 dispu-

183 2059 249 2091 tat
291 2053 431 2094 Petav.
469 2054 658 2095 Auctar.
685 2056 830 2109 Operis
870 2054 921 2093 de

184 2111 380 2150 Doctrina
409 2113 548 2167 Temp.
578 2114 635 2164 ΙΙ,
659 2117 698 2157 9.
720 2115 824 2153 conf.
846 2112 919 2152 ins.

185 2170 238 2208 ad
275 2171 417 2224 Georg.
454 2171 531 2222 IV,
563 2175 646 2214 231
675 2186 761 2225 sqq.
811 2170 920 2211 Add.

185 2229 328 2281 Bayer.
366 2229 410 2268 in
453 2231 678 2270 Comment.
716 2230 920 2283 Petropol.

185 2287 257 2325 To.
281 2287 328 2337 V,
359 2302 398 2341 p.
426 2291 523 2331 391.
582 2290 751 2342 Spectat
779 2289 863 2328 huc
880 2288 920 2327 b.

185 2343 308 2384 Afric.
349 2346 407 2388 47
471 2348 751 2399 Vergiliarum
802 2349 922 2399 signo

185 2403 379 2455 conjecta
413 2404 485 2443 ubi
514 2406 564 2444 cf.
588 2405 762 2445 Morum.
822 2407 922 2447 222.

190 2462 347 2500 Gnosia
381 2464 499 2500 stella
533 2464 711 2502 Coronae
747 2463 925 2502 ardentis

187 2526 249 2558 est
276 2519 387 2558 sidus
415 2520 617 2572 Coronae,
650 2535 799 2561 novem
825 2521 925 2559 stel-

185 2578 332 2628 larum,
354 2592 378 2616 a
396 2592 547 2617 corona
565 2579 775 2630 Ariadnes,
803 2593 926 2631 quam

185 2635 370 2675 Bacchus
398 2636 507 2675 caelo
542 2638 673 2678 affixit
692 2668 702 2687 ,
744 2637 925 2690 appella-

186 2701 298 2745 tum;
335 2700 421 2733 erat
461 2701 595 2734 autem
626 2695 807 2734 Ariadne
844 2695 925 2734 Mi-

188 2753 297 2803 nois,
327 2753 431 2805 regis
455 2753 619 2804 Cretae,
650 2753 752 2803 filia,
783 2754 828 2791 in
845 2766 926 2804 qua

192 2813 353 2850 Gnosus
387 2811 499 2850 urbs.
529 2811 612 2852 vid.
644 2810 759 2850 Axat.
794 2810 926 2850 Phae-

189 2883 296 2908 nom.
331 2871 380 2912 71
417 2875 459 2909 et
486 2869 544 2908 ibi
582 2870 698 2908 Grot.
728 2869 781 2908 ad
807 2869 924 2921 imag.

188 2942 229 2980 p.
265 2930 319 2969 33
346 2940 403 2979 sq.
462 2928 590 2966 Ardet
627 2927 745 2966 stella
772 2957 782 2976 ,
827 2926 926 2965 dum

188 2986 311 3035 lucet,
332 2985 478 3038 fulget3
508 2987 625 3025 stella
644 2986 827 3025 Coronae
837 2998 924 3024 me-

975 717 1184 761 moratur,
1216 717 1288 751 aut
1312 712 1406 764 quia
1424 711 1531 752 inter
1559 718 1714 752 ceteras

975 769 1098 808 huius
1120 770 1260 809 sideris
1292 770 1425 809 stellas
1455 785 1539 810 una
1567 777 1628 809 est
1645 771 1714 810 lu-

977 828 1250 867 culentissima
1282 829 1545 881 omniumque
1581 829 1714 883 prima

977 886 1248 940 conspicitur,
1287 893 1359 926 aut
1385 889 1503 926 stella
1529 886 1571 926 h.
1591 887 1618 927 l.
1636 901 1712 940 pro

976 945 1118 984 sidere.
1180 946 1221 984 Si
1247 947 1364 984 stella
1393 946 1577 985 decedere
1609 946 1714 984 diei-

977 1010 1070 1053 tur,
1100 1003 1146 1042 id
1170 1003 1272 1043 nihil
1302 1004 1433 1055 aliud,
1458 1018 1584 1056 *quam
1604 1004 1714 1043 occi-

979 1062 1075 1101 dere
1087 1068 1159 1101 aut
1171 1062 1380 1113 occultari,
1402 1068 1474 1102 est.
1521 1061 1588 1102 Ad
1606 1062 1715 1102 hanc

977 1127 1116 1159 tamen
1151 1121 1247 1159 anni
1281 1127 1460 1174 partem,
1501 1135 1555 1160 m.
1586 1121 1714 1161 Octo-

977 1179 1105 1230 brem,
1126 1194 1210 1219 non
1227 1193 1414 1219 occasum
1433 1179 1574 1220 sideris
1590 1179 1714 1219 huius

979 1238 1208 1290 pertinere,
1247 1238 1320 1277 sed
1354 1244 1515 1289 ortum,
1565 1238 1715 1278 docent

981 1297 1224 1344 astronomi,
1265 1303 1305 1335 et
1329 1297 1399 1348 qui
1423 1297 1521 1336 inde
1548 1311 1622 1336 sua
1640 1311 1715 1350 pe-

979 1355 1102 1394 tiere:
1150 1355 1298 1408 Hygin.
1330 1354 1496 1395 Astron.
1525 1355 1551 1399 5
1592 1358 1715 1395 Haec

983 1414 1136 1452 Cancro
1154 1422 1190 1452 et
1215 1415 1352 1452 Leone
1381 1416 1578 1453 exoriente
1605 1416 1715 1453 occi-

979 1472 1054 1522 dit,
1086 1475 1261 1511 exoritur
1274 1487 1368 1511 cum
1387 1473 1554 1524 Scorpio
1576 1474 1715 1512 Nonis

987 1530 1182 1569 Octobris.
1243 1530 1464 1570 Columella
1488 1531 1569 1582 XI,
1585 1533 1634 1582 2,
1657 1530 1710 1574 51

979 1590 1051 1630 IV
1068 1590 1182 1628 Non.
1194 1590 1275 1629 Iul.
1289 1590 1444 1628 Corona
1463 1589 1608 1628 occidit
1624 1603 1716 1628 ma-

979 1661 1053 1695 ne;
1087 1652 1127 1685 et
1155 1646 1199 1701 §.
1231 1650 1286 1690 73
1308 1649 1516 1688 ΙῙῙΝοη.
1551 1647 1710 1687 Octobr.

983 1705 1140 1744 Corona
1176 1707 1321 1758 incipit
1357 1707 1502 1745 exoriri
1517 1728 1577 1735 -
1597 1707 1719 1747 VIII

980 1764 1048 1802 Id.
1080 1763 1238 1802 Octobr.
1264 1764 1442 1803 Coronae
1464 1765 1580 1802 clara
1597 1765 1715 1803 stella

981 1823 1227 1860 exoritur-
1255 1824 1338 1861 III
1371 1831 1408 1861 et
1440 1822 1577 1874 pridie
1613 1822 1716 1861 Idus

988 1879 1125 1919 Octob.
1159 1881 1316 1919 Corona
1341 1889 1426 1919 tola
1446 1894 1566 1919 mane
1581 1882 1715 1919 exori-

980 1946 1057 1976 tur.
1105 1939 1213 1978 conf.
1244 1938 1344 1978 Plin.
1376 1938 1532 1988 XVHI,
1569 1937 1626 1981 74
1651 1953 1714 1991 pr.

979 1995 1098 2034 Hanc
1136 1996 1440 2047 difficultatem,
1478 1996 1581 2036 nihil
1608 1997 1716 2036 enim

980 2054 1137 2093 codices
1169 2055 1353 2106 variant,
1398 2055 1456 2094 ita
1488 2061 1583 2109 post
1618 2057 1716 2095 Ser-

978 2113 1093 2152 vium
1112 2113 1192 2153 viri
1213 2113 1326 2152 docti
1344 2114 1518 2164 tollunt,
1548 2119 1598 2153 ut
1615 2114 1716 2152 stel—

977 2172 1060 2210 lam
1099 2171 1198 2211 oriri
1240 2178 1280 2211 et
1319 2185 1520 2225 emergere
1562 2171 1715 2211 heliace

978 2244 1065 2269 non
1090 2230 1209 2269 aliter
1236 2230 1396 2281 dicant,
1435 2244 1558 2283 quam
1582 2235 1631 2269 ut
1645 2243 1716 2270 re-

981 2288 1100 2327 cedat
1128 2303 1152 2326 a
1180 2289 1286 2340 sole,
1326 2289 1516 2340 decedat,
1551 2302 1632 2340 quo
1648 2288 1716 2328 vi·-

982 2346 1069 2386 deri
1107 2346 1189 2386 iam
1226 2361 1311 2387 non
1344 2347 1490 2400 possit:
1530 2353 1579 2386 ut
1612 2347 1714 2386 adeo

981 2405 1166 2443 decedere
1203 2404 1245 2444 h.
1275 2406 1301 2445 l.
1338 2413 1475 2445 ortum
1523 2404 1714 2458 designet.

983 2461 1038 2502 At
1055 2462 1136 2502 hoc
1155 2462 1204 2501 fit
1228 2463 1358 2502 invito
1377 2463 1571 2502 sermonis
1584 2463 1714 2516 genio.

982 2521 1084 2560 Nam
1110 2527 1311 2574 perpetuo
1343 2535 1422 2560 usu
1447 2521 1642 2573 loquendi
1657 2522 1715 2561 si—

985 2579 1060 2618 dus
1072 2609 1083 2629 ,
1115 2578 1227 2630 quod
1245 2580 1397 2629 oritur,
1437 2579 1588 2630 subire,
1618 2595 1715 2618 suc-

982 2637 1116 2675 cedere
1129 2666 1140 2686 ,
1173 2636 1235 2675 uti
1251 2637 1474 2688 ascendere,
1504 2651 1713 2689 emergere,

985 2694 1157 2733 dicitur:
1177 2708 1259 2733 non
1269 2707 1368 2734 vero
1380 2695 1578 2735 decedere.
1597 2696 1716 2735 Pote-

983 2758 1050 2792 rat
1080 2753 1359 2792 commentarii
1389 2754 1479 2793 loco
1515 2767 1599 2792 esse
1633 2755 1714 2793 Co-

981 2810 1168 2849 lamellae
1186 2810 1359 2851 imitatio
1380 2812 1448 2852 lib.
1461 2812 1515 2863 X,
1536 2812 1592 2855 52
1621 2813 1715 2851 Ex-

976 2876 1161 2920 pectetur
1188 2868 1318 2908 hiems
1337 2900 1348 2920 ,
1408 2870 1508 2909 dum
1550 2870 1716 2909 Bacchi

986 2927 1164 2965 Gnosius
1181 2928 1303 2966 ardor
1322 2927 1506 2982 Aequore
1531 2929 1714 2967 caeruleo

982 2985 1150 3034 celetur,
1183 2988 1326 3025 vertioe
1345 2986 1490 3026 mundi
1505 2985 1564 3041 (h.
1582 2986 1714 3027 verti-
