1734 3320
463 877 1175 955 rxcURsUsl

235 1048 332 1090 De
381 1049 671 1092 Pleiade
719 1051 983 1094 Piscem
1019 1055 1396 1109 fugiente.

51 1185 228 1273 Georg.
256 1218 323 1271 IV,
343 1221 431 1262 282
480 1221 659 1273 Taygete
678 1223 806 1260 simul
823 1237 867 1262 os
892 1225 1004 1262 ten-is
1030 1223 1198 1263 ostendit
1210 1224 1420 1263 honestum
1447 1225 1575 1274 Plias,

50 1282 90 1313 et
122 1277 283 1317 Oceani
309 1286 463 1346 spretos
488 1279 596 1331 pede
619 1281 768 1331 repulit
800 1283 960 1320 amnis:
1001 1285 1089 1320 Aut
1110 1283 1252 1321 eadem
1276 1283 1388 1321 sidus
1402 1283 1579 1335 fugiens

49 1331 121 1375 ubi
138 1337 274 1376 Piscis
297 1338 447 1390 aquosi
476 1338 645 1376 Tristior
671 1338 859 1378 hibernas
889 1340 998 1378 coelo
1027 1341 1231 1379 descendit
1253 1343 1296 1379 in
1311 1341 1459 1380 undae.
1523 1340 1579 1378 De

47 1390 262 1435 Pleiadum
289 1400 386 1435 ortu
418 1400 460 1434 et
486 1409 633 1435 occasu
660 1397 743 1449 agi,
784 1398 1047 1437 manifestum·
1065 1398 1135 1450 fit,
1175 1399 1503 1451 declaratumque
1533 1399 1578 1437 id

49 1452 149 1493 satis
179 1458 242 1493 est
267 1453 312 1495 in
338 1453 456 1493 Notis
486 1453 541 1493 ad
569 1453 612 1494 h.
631 1469 672 1494 v.
733 1455 873 1495 Altera
902 1462 1039 1496 tamen
1065 1471 1160 1509 pars
1189 1457 1262 1497 vix
1281 1458 1377 1497 satis
1397 1455 1578 1510 expediri

46 1523 166 1564 posse
206 1511 547 1566 interpretatione
583 1513 668 1552 ulla
706 1514 951 1554 videbatur:
998 1514 1293 1567 haerebamque
1325 1516 1367 1555 in
1393 1529 1439 1554 eo
1467 1515 1575 1569 ipse,

47 1577 251 1623 quatenus
278 1571 407 1611 Pleias
435 1571 620 1611 occidere
639 1571 719 1611 dici
748 1580 904 1626 posset,
922 1573 1100 1626 fugiens
1128 1574 1241 1612 sidus
1260 1576 1391 1612 Piscis
1414 1575 1572 1627 aquosi.

46 1629 208 1671 Etenim
238 1629 278 1669 in
306 1629 388 1669 hoc
417 1630 659 1670 aestuabant
684 1631 831 1685 Intpp.,
862 1632 978 1684 quale
1010 1630 1090 1671 hoc
1108 1632 1220 1671 sidus
1239 1633 1312 1682 sit,
1346 1638 1387 1670 et
1406 1646 1486 1684 qua
1503 1645 1576 1671 ra-

0 1714 4 1717 ·
45 1688 160 1727 tione
183 1687 311 1728 Pleias
338 1687 443 1727 illud
467 1689 604 1742 sugere
622 1689 794 1729 dicatur.
853 1691 990 1742 Neque
1011 1690 1139 1739 enim,
1170 1690 1253 1730 sive
1274 1704 1347 1744 per
1373 1704 1575 1743 gramma-

0 1768 3 1772 ·
45 1746 148 1786 ticas
178 1746 263 1799 sive
294 1760 369 1801 per
399 1748 693 1786 astronomicas
711 1748 912 1798 rationes,
952 1749 1083 1788 Servii
1101 1750 1235 1787 Piscis
1255 1750 1473 1798 australis,
1501 1761 1576 1787 nec

46 1807 187 1844 Pisces
203 1835 215 1855 ,
248 1819 326 1844 nec
353 1805 566 1858 Scorpius,
600 1820 676 1845 nec
697 1807 848 1859 Hydra
877 1806 945 1846 hic
972 1806 1189 1846 memorari
1215 1813 1403 1859 possunt,
1432 1813 1482 1846 ut
1501 1820 1576 1845 nec

45 1863 304 1916 Delphinus,
348 1864 419 1916 qui
455 1878 518 1918 pr.
547 1865 684 1904 Nonas
714 1865 892 1905 Ianuarii
920 1866 1184 1904 exoriebatur
1211 1878 1263 1903 ex
1300 1864 1476 1903 Caesaris
1503 1878 1575 1903 ra-

43 1922 183 1973 tione,
222 1922 307 1963 vid.
334 1922 438 1962 Plin.
464 1923 610 1973 XVIII,
630 1926 700 1973 26,
736 1938 766 1963 s.
794 1926 863 1974 64,
894 1937 1015 1975 quem
1044 1924 1144 1973 adeo
1173 1937 1251 1962 nec
1282 1923 1420 1975 fugere
1451 1923 1576 1962 Pleias

43 1980 177 2020 videri
192 1985 339 2034 potest.
399 1981 485 2020 Nisi
516 1981 624 2021 forte
653 1983 787 2020 Piscis
812 1982 855 2020 in
883 1984 1030 2020 Pristis
1057 1987 1267 2031 mutetur,
1304 1995 1386 2033 quo
1413 1981 1575 2020 nomine

0 2054 2 2056 ’
44 2039 188 2078 Cetum
217 2045 378 2078 veteres
408 2039 631 2078 astronomi
651 2040 858 2092 appellant
868 2054 879 2090 ;
918 2047 1091 2092 possunt
1119 2040 1178 2078 ita
1198 2039 1375 2078 Pleiades
1401 2039 1575 2091 quadam

42 2097 204 2137 ratione
227 2097 311 2136 eius
340 2097 491 2137 rictum
517 2097 698 2136 hiantem
723 2097 854 2136 videri
880 2098 1073 2150 effugere3
1103 2098 1167 2136 uti
1188 2096 1381 2136 Orionem
1410 2098 1575 2150 fugiunt

42 2155 88 2195 in
113 2169 184 2206 eo,
226 2168 348 2209 quem
379 2155 568 2196 laudavit
597 2154 779 2195 Guellius
807 2162 849 2194 et
880 2169 973 2195 cum
1002 2162 1143 2195 nostro
1160 2155 1443 2228 3comparavit,
1481 2155 1572 2194 loco

43 2213 193 2265 Quinti
230 2216 391 2268 Smyrn.
426 2214 598 2282 Paralip.
628 2214 687 2265 V,
718 2216 803 2256 367
837 2212 1092 2283 sq.1111222·0?3
1130 2208 1217 2255 εὖτ’
1257 2209 1492 2284 οἷκοὶμαντος
1531 2213 1574 2263 ἒς

38 2267 268 2315 Ὠκεανοῖο
317 2271 470 2328 ῥέεθρα
507 2268 647 2313 Δύεθ’
667 2303 678 2323 ,
723 2267 1057 2314 ὖποπτωσσουσα
1097 2269 1338 2327 περικλυτὸν
1372 2267 1571 2325 Ὠρίωνα.

41 2331 141 2371 Fuit
170 2331 235 2371 vir
269 2330 416 2371 doctus
437 2362 447 2382 ,
496 2332 566 2383 qui
596 2332 654 2370 ita
692 2343 930 2370 succurrere
963 2330 1152 2379 volebat,
1202 2336 1252 2369 ut
1282 2329 1570 2382 distingueret:

10 2410 15 2414 ·
42 2390 132 2430 Aac
153 2390 320 2440 eadem,
354 2390 468 2429 sidus
481 2391 660 2443 fugiens
690 2388 761 2427 abi
787 2391 922 2427 Piscis
951 2391 1100 2441 aquosi
1127 2386 1227 2442 (scil.
1251 2394 1335 2439 est,
1367 2386 1439 2442 ibi)
1478 2389 1570 2425 Tri-

0 2446 3 2449 *
42 2450 143 2488 stior
169 2420 358 2487 hibernis
385 2449 588 2487 descendit
615 2449 659 2486 in
678 2447 839 2486 undas.-
877 2447 990 2500 quod
1012 2447 1085 2485 vix
1108 2446 1308 2499 reperiet,
1349 2446 1415 2485 cui
1441 2459 1481 2484 se
1502 2459 1570 2483 sa-

0 2509 3 2511 ’
41 2507 95 2546 tis
112 2506 271 2560 probet.
330 2507 486 2546 Petitus
513 2507 564 2546 de
587 2506 661 2545 LL.
682 2505 806 2545 Attio.
836 2520 875 2558 p.
897 2508 981 2548 390
1008 2503 1251 2559 (lurisprud.
1277 2505 1395 2543 Rom.
1424 2510 1465 2542 et
1485 2502 1570 2542 Att

0 2595 6 2610 ,A
42 2565 89 2605 T.
116 2565 184 2616 ΙΠ,
214 2579 255 2619 p.
285 2563 389 2619 483)
423 2566 545 2604 Sidus
576 2565 700 2603 solem
724 2564 1038 2616 interpretatur,
1080 2562 1190 2615 quod
1219 2562 1313 2601 satis
1345 2569 1455 2602 recte
1482 2561 1569 2601 fieri

41 2637 180 2676 posse,
210 2638 296 2663 non
326 2637 489 2677 negem,
524 2623 638 2662 hunc
661 2623 859 2676 Vergiliae
895 2622 1077 2675 fugiunt,
1119 2635 1211 2660 cum
1229 2634 1411 2660 aversam
1433 2621 1482 2659 ab
1500 2620 1569 2658 illo

0 2687 7 2720 ἐ
41 2688 85 2720 et
110 2682 359 2723 contrariam
387 2682 611 2722 instituunt
636 2682 756 2721 viam.
817 2679 908 2719 Sole
933 2681 1040 2719 enirn
1063 2693 1083 2718 e
1109 2679 1213 2718 mari
1237 2685 1461 2732 emergente
1479 2678 1570 2717 illae

39 2741 85 2782 in
103 2755 215 2780 mare
233 2741 499 2780 descendunt.
558 2740 765 2779 Hactenus
782 2740 897 2779 bene.
946 2738 1026 2778 Sed
1042 2744 1133 2777 tum
1149 2738 1280 2790 iungit
1300 2737 1432 2775 undas
1443 2738 1570 2788 piscis

0 2825 3 2845 ;
41 2801 210 2852 aquosi,
244 2806 293 2839 ut
305 2814 390 2866 pro
413 2800 517 2839 mari
538 2799 670 2838 dietae
688 2798 790 2849 sint,
819 2797 900 2836 hoc
918 2811 1018 2837 vero
1039 2797 1158 2835 nullo.
1174 2795 1295 2834 modo
1318 2795 1404 2834 fieri
1422 2800 1569 2860 potest,

0 2862 4 2894 ἶ
41 2864 115 2896 aut
137 2864 248 2897 certe
266 2858 509 2897 ieiunissime
526 2858 654 2896 fieret.
712 2857 853 2909 Itaque
871 2855 1173 2895 adhaerendum
1198 2854 1262 2892 s01
1264 2859 1304 2891 te
1329 2852 1511 2891 Petavii
1501 2866 1569 2891 111-

41 2914 148 2956 dicio
169 2916 334 2955 Auctar.
359 2917 435 2969 Op.
461 2917 511 2955 de
532 2917 669 2955 Doctr.
690 2916 826 2968 Temp.
847 2929 886 2967 p.
906 2915 953 2965 Π,
973 2918 1012 2964 9,
1044 2913 1143 2951 etin
1162 2912 1256 2951 Var.
1273 2911 1371 2950 Diss.
1393 2910 1445 2949 ad
1463 2910 1569 2949 Ura-

38 2974 172 3028 nolog.
196 2974 265 3014 lib.
297 2975 344 3025 11,
376 2989 415 3028 p.
434 2975 511 3023 95,
543 2989 625 3011 esse
650 2975 784 3012 locum
812 2972 924 3012 hunc
961 2973 1010 3011 de
1038 2970 1215 3023 piscibus
1243 2968 1568 3007 inextricabilem.

0 3061 2 3064 ψ
39 3032 259 3072 Subiiciam
274 3064 285 3085 ,
327 3046 429 3085 quae
454 3031 553 3071 mihi
588 3031 850 3070 amicissimus
881 3032 1150 3079 Kaestnerus,
1191 3026 1271 3066 hoc
1292 3027 1447 3066 deloco
1469 3040 1570 3065 con-

1167 3096 1286 3143 44*
