1734 3320
155 220 258 269 348
505 185 561 267 P.
607 216 958 268 VIRGILII
1002 205 1366 268 MARONIS
1395 262 1398 264 ,

153 345 343 394 Ferret
388 342 566 394 hiems
612 343 965 464 culmumquei
1004 344 1183 395 levem
1222 343 1549 413 stipulasque
1588 361 1685 396 vo-

969 415 1116 468 antis,

153 548 227 577 tam
245 543 441 588 segetem.“
489 541 668 577 Illustravi
694 542 784 586 hoc,
818 554 926 588 saepe
944 542 982 576 in
1000 543 1102 577 libris
1122 556 1205 578 mss.
1235 541 1481 586 obliteratum,
1514 542 1686 590 loquendi

153 602 263 635 genus
281 590 328 625 ad
343 593 432 624 Aen.
446 591 540 632 VIII,
564 589 644 626 559.
694 590 793 623 Haec
815 597 932 624 autem
949 592 1144 644 gravidam
1163 599 1324 637 segetem
1346 589 1533 625 sublimem
1551 590 1685 638 expul-

154 649 233 671 sam
251 637 281 671 si
304 637 361 671 cui
379 637 583 671 horridiora
603 637 835 680 videbuntur,
860 637 912 679 is,
936 649 967 670 ει
986 638 1197 682 meminerit,
1220 649 1295 671 rem
1315 637 1497 672 horridam
1517 645 1553 672 et
1575 649 1684 683 aspe—

151 696 229 719 ram
247 685 284 718 h.
300 683 325 718 l.
355 684 527 727 describi,
559 691 671 718 artem
691 684 810 730 potius
833 691 966 729 poetae
991 684 1172 728 laudabit,
1206 696 1309 730 quam
1325 684 1479 718 nitorem
1497 684 1685 719 desidera-

152 731 221 766 bit.
259 731 355 777 Wr.)
405 733 574 766 eruerint
599 732 730 765 Moret.
764 743 834 765 sec.
864 744 884 765 a
909 744 955 765 m.
983 744 1039 776 pr.
1089 739 1243 766 ruerent
1269 731 1433 766 Reiskius
1461 731 1684 766 conficiebat.

152 779 266 814 Miror
284 778 459 818 neminem
477 778 563 812 satis
582 779 750 812 audacem
767 778 899 821 fuisse,
933 785 972 812 ut
990 779 1205 824 corrigeret:
1242 786 1284 812 ut
1304 777 1463 813 turbine.
1510 779 1568 814 Sic
1592 778 1686 813 enim

152 826 400 872 iungerentur:
433 837 523 872 quae
545 834 737 868 eruerent,
764 833 807 859 ut
827 823 1011 872 —ferret
1029 827 1154 860 hiems.
1188 826 1259 868 ita,
1283 833 1332 860 ut.
1382 825 1503 871 (Nihil
1527 838 1683 860 necesse.

151 875 343 919 Exspectes
362 872 533 920 ferebat,
566 884 640 906 non
660 871 806 919 ferret5
842 873 906 906 sed
935 885 978 906 ex
1005 886 1099 919 quae
1125 886 1176 908 vs,
1194 874 1278 909 319.
1299 873 1532 919 repetendum
1552 879 1607 907 est
1628 882 1682 907 ut.

151 921 246 955 Illud
265 921 357 954 enim
377 933 472 967 quae
491 920 581 953 hanc
602 920 712 953 habet
731 919 818 953 vim:
853 928 964 954 tanta
980 921 1144 966 quidem,
1167 929 1224 954 at.
1253 931 1256 935 ·
1274 921 1338 954 Ita
1355 927 1471 954 autem
1490 921 1525 955 h.
1542 920 1567 956 1.
1588 920 1686 955 valet

151 968 176 1003 i.
199 981 232 1014 q.
252 970 314 1002 Gr.
339 963 442 1012 εἶτα,
476 976 572 1007 tum;
607 979 710 1012 quam
734 966 932 1012 particulae
961 967 1063 1001 huius
1085 974 1299 1013 potestatem
1318 979 1390 1001 non
1410 967 1566 1002 debebat
1581 969 1684 1002 Goe-

151 1028 247 1050 renz.
279 1015 324 1049 ad
351 1015 421 1048 Cic.
442 1014 607 1048 Academ.
624 1015 668 1058 Π,
686 1014 742 1056 35,
762 1015 841 1050 113.
867 1013 904 1047 in
935 1014 1080 1049 dubium
1106 1027 1247 1049 vocare.
1296 1016 1358 1049 Ita
1377 1035 1422 1040 —
1435 1013 1581 1062 ferret,
1606 1014 1631 1049 i.
1652 1027 1682 1049 e.

153 1070 356 1108 erutumque
375 1062 500 1096 Ferret.
529 1062 626 1106 Wr.)
724 1062 791 1098 321
818 1062 1064 1108 stipulamque
1082 1063 1269 1097 volantem
1279 1063 1405 1096 Franc.
1436 1063 1684 1110 stipulamque

152 1111 269 1145 levem
295 1109 508 1155 culmosque
534 1110 708 1143 volantes
734 1108 872 1143 Zalich.
922 1109 1107 1155 (volantes
1132 1110 1262 1145 Medic.
1306 1110 1402 1155 Wr.)
1452 1109 1685 1157 stipulasque

151 1165 330 1192 sonantes
349 1157 456 1190 Goth.
477 1168 555 1201 pr.;
579 1163 619 1189 ut
628 1155 796 1203 fragiles
815 1156 977 1190 calamos
996 1158 1200 1203 silvamque
1217 1165 1411 1191 sonantem
1429 1157 1560 1203 Georg.
1577 1157 1603 1199 I,
1623 1157 1681 1192 76.

151 1205 327 1250 lucosque
345 1212 524 1238 sonantes
540 1203 614 1239 Ecl.
629 1205 680 1247 X,
699 1204 757 1242 58.
804 1203 991 1239 Enimvero
1011 1216 1103 1238 nunc
1123 1205 1262 1248 volant,
1287 1205 1371 1238 dum
1387 1204 1431 1239 ab
1452 1216 1537 1238 aura
1556 1203 1697 1238 ferun-¹

76 1990 78 1992 .
147 1954 299 1993 limiter
310 1985 320 2005 ,
359 1955 509 1993 serunt.

150 1259 226 1294 tur3
248 1263 321 1285 non
340 1258 478 1287 sonant.

151 1384 199 1409 ac
217 1370 423 1410 tumidum
445 1376 570 1421 esset,
600 1376 650 1410 ut
665 1371 890 1424 gravidum

150 1428 247 1467 uber
273 1430 416 1482 Georg.
444 1429 499 1468 III
509 1460 520 1480 ,
551 1432 649 1472 317.
685 1430 889 1482 gravidae

136 1487 290 1540 fruges
309 1488 358 1538 II,
383 1486 477 1530 143.
514 1487 718 1540 gravidae
744 1503 889 1527 messes

150 1545 270 1586 Ovid.
286 1546 448 1586 Metam.
467 1546 571 1596 VIH,
592 1548 689 1588 781.
711 1548 814 1586 conf.
839 1547 889 1586 de

147 1603 227 1643 hac
254 1618 356 1644 voce
387 1604 440 1643 ad
468 1603 567 1644 Aen.
599 1604 666 1655 IV,
695 1608 793 1648 229.
833 1606 886 1656 X,

150 1665 218 1705 87.
270 1666 366 1705 320.
396 1663 519 1703 Venti
537 1669 709 1715 segetem
728 1672 884 1713 eruunt,

149 1727 191 1759 et
207 1721 251 1759 in
271 1734 404 1760 aerem
423 1721 645 1774 expellunt,
664 1722 869 1761 extollunt
876 1736 887 1772 ;

148 1778 230 1818 hoc
248 1780 588 1829 ornatiusxeffert,
620 1779 788 1818 sublime
813 1795 886 1817 ex—

142 1839 316 1890 pulsam
335 1846 499 1887 eruunt,
533 1837 629 1889 quia
657 1838 881 1888 sublimem,

148 1898 193 1934 in
213 1895 407 1945 sublime,
440 1909 517 1948 pro
540 1895 752 1945 adverbio,
785 1897 886 1934 sub-

578 1954 776 2005 Reliqua:
825 1956 884 1994 ita

148 2012 302 2051 turbine
340 2015 459 2064 nigro
489 2017 562 2051 etc.
601 2012 885 2051 difficultatem

146 2070 301 2110 habent
329 2084 379 2109 ex
406 2077 636 2121 structura,
668 2084 790 2122 quam
815 2070 884 2122 qui

148 2129 542 2180 animadverterunt,
579 2129 693 2169 varie
717 2129 884 2168 tollunt.

146 2187 348 2227 Martinus
375 2188 720 2240 comparationem
742 2187 885 2226 subiici

146 2251 287 2299 putat,
325 2259 404 2297 qua
432 2246 684 2299 tempestatis
716 2259 883 2285 messem

147 2304 367 2343 evertentis
394 2304 455 2343 vis
490 2305 738 2355 declaretur,
790 2318 883 2343 cum

147 2376 192 2400 ea
219 2362 377 2401 evulsas
411 2362 607 2402 radicitus
634 2363 760 2416 spicas
789 2377 882 2401 cum

147 2420 281 2459 aristis
306 2427 347 2459 et
374 2421 578 2460 radicibus
604 2421 662 2460 ita
693 2421 881 2460 sublimes

145 2480 268 2528 ferat,
301 2479 644 2529 quemadmodum
664 2480 759 2518 alias
778 2493 882 2518 ven-

144 2543 213 2576 tus
227 2538 332 2575 ferre
349 2538 449 2576 solet
467 2538 574 2577 leves
592 2538 759 2590 stipulas
770 2552 780 2588 3
803 2539 877 2586 ita,

143 2602 232 2635 tam
248 2595 356 2633 sacili
375 2597 556 2648 negotio,
587 2596 716 2633 hiems
730 2627 739 2646 ,
773 2601 882 2633 tem-

144 2660 300 2708 pestas,
319 2654 448 2705 serret
467 2655 647 2692 culmum
666 2660 739 2692 etc.
770 2653 882 2691 Haec

144 2719 281 2752 tamen
303 2712 551 2764 comparatio
568 2725 713 2764 parum
735 2711 786 2749 ad
805 2725 879 2749 au-

144 2770 316 2823 gendam
360 2771 419 2809 rei
473 2766 683 2822 δεινότητα
734 2770 878 2819 facere,

143 2829 266 2868 immo
300 2842 388 2866 eam
416 2828 657 2867 imminuere
688 2840 734 2865 ac
764 2828 880 2865 fran-

143 2900 255 2940 gere,
291 2886 468 2927 videtur.
527 2887 688 2925 Ruaeus
719 2885 777 2923 ita
814 2885 881 2923 in-

143 2951 419 2998 terpretatur,
462 2951 509 2984 ut
537 2944 663 2984 verba
687 2943 769 2982 sint
793 2943 880 2995 epi-

143 3003 397 3057 phonematis
410 3004 519 3043 loco:
536 3012 622 3042 tam
632 3002 752 3040 denso
771 3004 879 3040 nim-

945 1370 993 1410 bo
1017 1369 1199 1410 iactabat
1216 1371 1397 1423 procella
1417 1370 1602 1409 calamos
1621 1370 1682 1408 Ze-

944 1444 1014 1470 ves
1031 1437 1068 1468 et
1091 1431 1267 1482 stipulas
1285 1430 1480 1469 volantes.
1530 1428 1682 1469 Verum

945 1488 1003 1527 sic
1014 1488 1180 1540 serebat
1205 1487 1424 1527 dicendum
1456 1493 1556 1526 erat.
1602 1486 1682 1525 Ca-

944 1553 1084 1585 troeus
1105 1546 1252 1597 vertit,
1282 1546 1398 1599 quasi
1424 1551 1544 1598 poeta
1570 1545 1682 1584 dice-

944 1611 1029 1644 ret:
1051 1613 1125 1643 aut
1144 1604 1296 1643 turbine
1313 1607 1446 1656 nigro.
1481 1604 1523 1643 Si
1543 1616 1680 1642 emen-

948 1663 1112 1702 datione
1139 1677 1204 1703 res
1231 1663 1454 1716 indigeret,
1498 1662 1680 1715 proclive

946 1729 1067 1760 esset:
1110 1724 1169 1760 ita
1198 1721 1350 1760 turbine
1377 1723 1495 1773 nigro
1532 1721 1680 1760 Versat

943 1780 1072 1819 hiems
1086 1796 1097 1818 :
1122 1780 1234 1831 quod
1253 1779 1390 1818 firmes
1409 1792 1461 1817 ex
1477 1778 1678 1828 Lucretio,

943 1838 1057 1877 cuius
1071 1851 1212 1877 versus
1231 1844 1323 1876 ante
1341 1837 1477 1876 oculos
1491 1836 1680 1876 habuisse

941 1902 1081 1935 noster
1108 1896 1276 1935 videtur
1311 1896 1380 1935 lib.
1405 1895 1464 1945 V,
1492 1897 1578 1937 218
1623 1895 1681 1933 Et

942 1963 1079 1993 tamen
1099 1954 1298 1993 interdum
1317 1967 1471 2006 magno
1493 1955 1678 2007 quaesita

943 2012 1077 2051 labore
1112 2034 1170 2042 —
1205 2014 1293 2051 Aut
1320 2011 1442 2051 subiti
1473 2013 1679 2063 perimunt

943 2071 1085 2109 imbres
1104 2063 1346 2123 gelidaeque
1368 2072 1511 2108 ruinae
1524 2099 1536 2119 ,
1570 2070 1677 2108 Fla-

942 2129 1091 2182 braque
1111 2137 1318 2168 ventorum
1334 2129 1506 2168 violento
1525 2127 1677 2166 turbine

942 2195 1103 2226 versant
1116 2203 1128 2225 :
1162 2200 1233 2226 seu
1259 2187 1402 2225 melius
1426 2194 1597 2235 vexant,
1627 2191 1677 2224 ut

942 2245 1017 2284 alii·
1036 2246 1188 2297 legunt.
1249 2244 1383 2297 Atque
1413 2243 1514 2283 haec
1544 2250 1674 2294 erant,

942 2317 1044 2356 quae
1067 2317 1132 2342 me
1158 2304 1252 2342 olim
1277 2303 1321 2342 in
1345 2302 1387 2342 h.
1414 2303 1441 2342 1.
1469 2315 1676 2341 commen-

939 2368 1096 2401 tantem
1122 2362 1175 2400 ad
1197 2361 1448 2401 subtiliorem
1474 2360 1676 2400 rationem

941 2420 1210 2459 abducebant.
1255 2419 1438 2458 Necdum
1455 2433 1519 2457 me
1534 2418 1675 2457 iudicii

940 2479 1018 2517 mei
1036 2479 1238 2531 poenitet,
1261 2492 1346 2516 non
1364 2477 1470 2515 enim
1486 2476 1587 2515 mihi
1607 2491 1674 2515 sa·-

939 2536 992 2574 tis
1021 2543 1131 2586 erat,
1168 2549 1328 2574 sensum
1354 2536 1673 2587 qualemcunque

940 2594 1119 2646 arripere
1148 2600 1219 2632 aut
1246 2593 1416 2643 inferre,
1447 2607 1592 2633 verum
1621 2607 1672 2631 ex

938 2653 1033 2704 ipsis
1061 2652 1195 2690 verbis
1227 2652 1489 2703 grammatica
1517 2652 1601 2704 lege
1631 2657 1672 2690 et

937 2709 1098 2749 ratione
1119 2722 1278 2747 sensum
1296 2723 1448 2750 eruere.
1489 2710 1572 2759 Qui
1587 2710 1671 2748 ita-

938 2781 1014 2820 que
1035 2767 1186 2819 aliquid
1203 2767 1334 2806 dicere
1351 2770 1464 2818 vult,
1488 2768 1600 2820 quod
1618 2767 1671 2807 ad

935 2839 1023 2865 rem
1049 2831 1226 2878 spectet,
1258 2826 1294 2865 ei
1321 2833 1381 2865 est
1412 2827 1670 2879 grammatice

937 2883 1177 2934 docendum,
1209 2885 1413 2935 quomodo
1434 2887 1493 2923 ita
1510 2884 1670 2937 —jer—

935 2951 993 2981 ret
1009 2942 1136 2995 possit
1151 2955 1233 2980 esse
1249 2943 1404 2983 dictum
1421 2957 1510 2996 pro,
1527 2957 1669 2996 quem-

937 3000 1158 3039 admodum
1192 3000 1320 3040 hiems
1341 3001 1444 3053 sert.
1508 3000 1668 3040 Scilicet
