1734 3320
188 191 292 240 432
492 187 572 237 P.
610 187 970 258 VIRGILII
1005 186 1386 239 MARONIS

187 318 255 366 Et
274 312 489 363 facilem
512 314 722 381 pecori,
763 323 816 364 et
837 314 1135 381 patientem
1155 313 1392 366 vomeris
1410 314 1551 366 unci.

134 422 143 429 .
190 384 379 435 Talem
404 383 551 435 dives
572 393 682 435 arat
706 385 911 451 Capua,
950 393 1004 434 et
1022 384 1193 433 vicina
1215 386 1426 437 Vesevo

192 457 301 507 Ora
323 455 466 519 iugO,
506 463 559 505 et
580 455 756 505 vacuis
777 454 990 505 Clanius
1011 470 1127 503 non
1147 471 1350 522 aequus
1371 454 1594 506 Acerris,
1618 457 1722 507 225

257 529 438 590 Nune,
486 542 595 593 quo
630 541 902 592 quamque
946 524 1117 574 modo
1165 525 1337 592 possis
1377 540 1720 590 cognoscere,

981 593 1170 646 dicam.

188 706 310 741 laudd.
334 706 378 739 ab
400 703 559 738 Heinsio.
607 706 730 739 Ferax
754 703 853 744 oleo,
888 702 911 735 i.
935 715 965 736 e.
992 703 1043 736 ad
1061 703 1190 736 oleum.
1239 704 1369 737 Lucan.
1388 703 1454 745 IX,
1479 703 1581 738 696.:
1611 708 1722 745 „ste-

188 754 265 788 rilis
289 753 393 787 tellus
418 751 714 795 fecundaque
740 749 863 782 nulli
886 752 978 783 Arva
1002 750 1151 783 bon0.“
1184 749 1247 784 Sil.
1264 752 1305 784 It.
1322 752 1365 792 II,
1388 749 1492 787 498.:
1518 751 1721 792 „Fecun-

189 803 294 835 dum
318 801 363 833 in
387 799 595 833 fraudem
619 797 799 830 hominum
821 799 966 841 genus.“
1011 796 1102 831 Plin.
1122 798 1166 831 H.
1185 799 1231 831 N.
1253 799 1297 838 ΙΙ,
1320 799 1396 833 78.:
1422 798 1602 843 „Tractus
1625 797 1722 830 fer·-

189 848 299 883 tilis
326 847 379 881 ad
405 845 592 884 omnia.“
628 843 700 877 cfr.
721 843 827 877 etiam
846 843 1002 888 Cortsad
1022 843 1164 878 Sallust.
1183 846 1256 890 Iug.
1274 846 1392 887 XVII,
1412 844 1446 880 5.
1471 844 1567 889 Wr.)
1651 845 1722 880 224

190 904 274 929 erat
283 894 411 927 Medic.
428 899 464 926 et
474 891 618 926 Mentel.
638 903 709 936 pn,
730 899 877 936 uterque
895 903 914 924 a
930 903 975 924 m.
991 902 1046 935 pr.
1061 898 1097 924 et
1115 892 1225 925 Goth.
1242 904 1296 937 pr.
1335 894 1373 927 V
1369 904 1500 926 esaevo
1517 891 1624 925 iidem
1643 903 1722 925 cum

191 942 337 976 Mentel.
358 943 460 985 Reg.‚
485 946 636 984 utroque
656 940 762 972 Voss.
785 938 903 983 (etiam
915 940 1014 971 Serv.
1032 939 1159 973 Dresd.
1184 938 1281 984 W'r.)
1322 941 1360 974 V
1356 951 1465 973 esaeo
1477 940 1578 972 Rom.
1650 939 1720 974 225

189 990 326 1024 Gellius
348 989 393 1023 N.
415 991 455 1021 A.
478 988 557 1029 VII,
582 987 629 1021 20
658 986 826 1031 scriptum
853 986 891 1019 in
910 985 1060 1030 quodam
1090 985 1342 1020 commentario
1374 998 1412 1020 se
1437 983 1615 1032 reperisse
1640 998 1720 1020 me·-v

189 1043 305 1070 morat
318 1062 327 1079 ‚
353 1048 373 1068 a
393 1034 548 1079 Virgilio
571 1033 723 1078 primum
741 1032 850 1066 fuisse
874 1032 1028 1066 editum:
1053 1034 1155 1068 Nola
1171 1035 1281 1081 iago3
1305 1045 1389 1067 mox
1406 1033 1452 1067 ob
1470 1040 1631 1078 negatam
1648 1032 1718 1067 sibi

188 1097 209 1118 a
228 1082 377 1117 Nolanis
395 1094 536 1127 aquam,
573 1081 611 1113 in
633 1080 871 1125 propinquum
890 1092 950 1113 rus
977 1080 1195 1123 ducendam,
1229 1087 1374 1125 poetam
1399 1079 1569 1114 offensum
1591 1091 1720 1114 nomen

187 1130 285 1164 urbis
305 1130 341 1163 in
362 1132 438 1163 Ora
453 1136 624 1169 mutasse3
659 1128 754 1173 quod
783 1127 898 1171 ipsum
919 1127 1036 1162 Gellio
1065 1128 1201 1162 suavius
1230 1128 1275 1162 ad
1303 1129 1504 1162 aures'esse
1524 1127 1719 1170 videbatur,

188 1178 423 1212 antecedente
445 1174 619 1210 vocabulo
638 1174 675 1208 in
695 1188 713 1208 o
733 1175 931 1208 desinente.
978 1175 1129 1209 Easdem
1154 1170 1263 1220 nugas
1291 1174 1534 1220 Philargyrius
1556 1174 1602 1208 ad
1627 1174 1663 1208 h.
1682 1174 1718 1208 ’1.

190 1232 227 1259 et
247 1225 284 1258 in
305 1223 479 1259 Servianis
499 1222 544 1257 ad
563 1226 649 1256 Aen.
671 1223 748 1264 VII,
772 1221 854 1258 740.
902 1221 1050 1256 Refellit
1073 1235 1131 1257 eas
1160 1222 1299 1268 patriae
1326 1222 1442 1256 studio
1460 1222 1624 1256 Ambros.
1643 1222 1719 1256 Leo

189 1273 234 1306 de
259 1272 354 1306 Nola
381 1270 445 1304 lib.
474 1272 510 1314 Ι,
537 1283 565 1304 0.
585 1271 608 1305 2
638 1269 675 1302 111
703 1268 846 1303 schotti
866 1269 1008 1313 Scriptt.
1036 1269 1118 1304 hist.
1147 1270 1227 1304 Ital.
1269 1270 1395 1304 Clanis
1413 1269 1594 1311 Parrhas.‚
1619 1276 1656 1302 ut
1672 1269 1716 1303 ab

189 1319 270 1354 aliis
289 1318 501 1364 appellatur.
595 1318 667 1352 226
695 1319 817 1358 Tunc,
843 1329 914 1362 quo
933 1317 1059 1362 fragm.
1085 1318 1216 1351 Moret.
1264 1330 1336 1364 quo
1366 1329 1532 1363 quaeque
1554 1316 1609 1351 ed.
1627 1317 1718 1351 Ven.

189 1379 261 1414 quo
284 1378 436 1412 cumque
455 1367 648 1407 Romanus,
672 1365 804 1398 Moret.
827 1371 957 1408 quart.;
994 1372 1029 1398 et
1049 1363 1101 1399 sic
1118 1364 1256 1399 Pierius
1275 1364 1313 1398 in
1337 1364 1444 1398 codd.
1463 1364 1539 1397 fere
1556 1364 1718 1397 omnibus

189 1414 342 1459 antiquis
365 1412 438 1457 legi
463 1419 632 1452 testatum
671 1411 752 1446 add.
776 1411 850 1444 Erf.
873 1417 909 1445 et
935 1423 977 1445 ex
1001 1411 1081 1445 edd.
1108 1412 1299 1446 Mediolan.
1335 1411 1446 1456 (quod
1466 1422 1539 1445 non
1565 1410 1722 1445 debebat

189 1462 332 1507 placere
358 1459 497 1496 Iahnio.
535 1459 631 1504 Wr.)

188 1580 290 1620 Plin.
309 1579 436 1630 XVII,
466 1577 507 1629 4,
538 1593 568 1618 s.
588 1581 613 1621 3
644 1586 747 1617 terra
767 1579 923 1629 optima

188 1653 362 1691 —quae
384 1646 517 1676 tenues
545 1637 716 1675 exhalat
741 1636 922 1676 nebulas.

189 1699 287 1740 223.
305 1696 508 1749 facilem,
550 1695 755 1734 liberalem
771 1725 782 1744 ‚
820 1694 923 1733 ube-

188 1769 297 1805 rem,
339 1754 545 1807 copiosum
580 1753 776 1807 pabulum
801 1766 924 1805 prae-

188 1813 366 1852 bentem.
397 1812 502 1850 conf.
529 1811 581 1849 ad.
607 1825 647 1851 v.
672 1814 766 1853 179.
824 1810 924 1850 Mox

189 1870 275 1913 224
306 1872 442 1909 vicina
478 1871 631 1910 Vesevo
647 1885 658 1907 :
710 1874 925 1920 antequam

188 1928 357 1969 Vesuvii
371 1927 567 1967 incendiis
584 1933 741 1966 tractus
759 1927 825 1966 ille
836 1933 925 1966 erat

188 1993 400 2037 vastatus5
439 1985 552 2038 quod
584 1986 666 2036 Titi
692 1986 791 2038 Imp.
816 1991 924 2024 tem—

189 2059 288 2099 pore
319 2045 472 2084 evenit:
513 2044 589 2083 etsi
620 2044 840 2082 etiamnum
876 2057 923 2082 ea

189 2104 298 2156 regio
335 2117 450 2155 agros
484 2101 608 2141 habet
643 2102 919 2152 feracissimos,

190 2168 395 2215 quotquot
449 2161 722 2200 calamitatem
768 2160 928 2213 experti

188 2220 373 2259 nondum
391 2226 499 2258 sunt.
532 2220 579 2258 cf.
592 2218 767 2258 Martial.
781 2219 848 2269 IV,
857 2217 926 2260 44.

189 2279 376 2317 Utuntur
406 2277 487 2316 1100
516 2278 606 2316 1000
644 2278 723 2317 viri
744 2277 855 2316 docti
874 2277 928 2316 ad

191 2336 442 2386 docendum,
494 2342 588 2375 ante
627 2336 782 2375 cladem
815 2335 927 2374 illam

191 2395 288 2433 anni
305 2395 347 2433 C.
369 2395 416 2433 N.
446 2397 501 2436 79
531 2394 686 2433 nullam
715 2394 926 2447 contigisse

193 2454 324 2492 aliam.
407 2452 650 2505 Intelligitur
698 2459 835 2491 tamen
874 2466 927 2491 ex

190 2511 400 2550 Strabonis
422 2510 673 2563 aliorumque
688 2511 799 2561 locis,
831 2517 926 2549 ante

190 2583 350 2608 omnem
403 2568 616 2608 hominum
669 2569 924 2620 memoriam,

190 2627 475 2679 antiquissimis
490 2628 754 2680 temporibUS,
784 2627 925 2666 incen-

191 2686 257 2725 dio
281 2686 414 2737 aliquo
435 2693 618 2724 montem
648 2685 923 2737 conflagrasse.

189 2744 287 2787 225.
332 2744 500 2782 Clanius
528 2750 637 2793 arat,
673 2743 714 2783 h.
734 2757 766 2782 e.
797 2744 924 2782 Clanii

192 2802 370 2851 accolae,
402 2801 471 2853 qui
489 2802 638 2841 fluvius
669 2808 729 2839 est
751 2802 923 2853 Campa-

189 2861 304 2910 niae,
336 2860 454 2898 iuxta
479 2860 719 2899 Linternum
744 2859 786 2897 in
811 2872 923 2898 mare

192 2933 233 2958 se
266 2918 510 2969 immittens,
552 2918 694 2958 vicinis
723 2917 849 2969 agris,
883 2924 924 2956 et

190 2978 298 3017 inter
316 2976 391 3016 hos
410 2975 644 3027 Acerranis,
675 2976 923 3015 exundatio-

680 1471 942 1506 qaamcumque
958 1458 1016 1493 vel
1045 1471 1270 1506 quocumque
1290 1458 1426 1497 Zulich.
1469 1469 1602 1505 Posses
1616 1459 1718 1493 Rom.

981 1591 1032 1617 ne
1050 1577 1264 1629 exitiosus3
1303 1577 1361 1616 ita
1383 1582 1434 1616 ut
1457 1575 1632 1617 Acerrae
1652 1577 1719 1616 in-

980 1637 1211 1688 frequentes
1243 1641 1387 1676 essent.
1449 1633 1535 1690 (Ita
1568 1636 1720 1674 Cumae

981 1710 1139 1735 vac-uae
1178 1695 1318 1734 Iuven.
1358 1693 1435 1744 III,
1467 1697 1509 1736 2.
1554 1691 1717 1748 IsVclz.)

981 1753 1253 1793 Emendatum
1272 1752 1353 1791 hoc
1367 1752 1514 1792 vitium
1533 1752 1720 1792 locorum

983 1810 1170 1850 deductis
1190 1824 1263 1864 per
1289 1811 1469 1850 canalem
1497 1811 1611 1863 aquis
1632 1816 1719 1849 sta-

982 1870 1199 1921 gnantibus
1228 1882 1302 1921 per
1332 1869 1553 1921 Hispanos:
1584 1875 1633 1907 ut
1653 1869 1719 1908 dj-

983 1927 1063 1966 dici
1083 1941 1134 1966 ex
1152 1927 1298 1980 Lupuli
1331 1927 1479 1966 Itinere
1511 1927 1718 1967 Venusino

980 1999 1020 2038 p.
1043 1988 1109 2027 11.
1168 1986 1285 2024 Dicas
1309 1999 1384 2038 pro
1415 1986 1601 2038 exemplo
1627 1986 1719 2025 seli-

981 2043 1112 2082 citatis
1148 2058 1294 2096 parum
1330 2043 1541 2083 commode
1577 2053 1731 2097 agrum,

979 2102 1086 2141 circa
1105 2102 1228 2141 talem
1248 2102 1392 2141 urbem
1409 2102 1590 2141 laudari:
1620 2097 1734 2155 pots-¹

985 2166 1047 2199 est
1081 2166 1217 2200 tamen
1251 2160 1382 2200 solum
1418 2160 1548 2201 fluvio
1586 2158 1718 2200 obno-

983 2219 1112 2270 xium,
1135 2226 1176 2258 et
1192 2225 1330 2258 tamen
1346 2219 1602 2273 praeclarum
1621 2232 1716 2259 esse.

984 2277 1201 2317 Enimvero
1247 2291 1333 2316 non
1378 2278 1463 2330 agri
1510 2276 1734 2330 Acerrani„

985 2336 1131 2387 quibus
1166 2335 1234 2374 illa
1264 2336 1469 2375 calamitas
1507 2333 1734 2390 interdum}

985 2394 1155 2444 accidit,
1198 2393 1269 2432 sed
1296 2408 1388 2447 ager
1431 2394 1485 2433 ad
1517 2395 1715 2445 Clanium,
1718 2408 1734 2476 i

984 2453 1054 2504 qui
1086 2466 1160 2506 per
1189 2452 1368 2492 multum
1406 2466 1596 2505 agrorum
1626 2450 1734 2492 tris-¹.

983 2516 1097 2550 ctum
1132 2510 1336 2562 decurrit,
1380 2511 1510 2550 donec
1545 2510 1734 2551 Acerras}

984 2569 1169 2621 attingit,
1221 2569 1428 2608 laudatur.
1497 2569 1626 2608 Duxit
1663 2582 1727 2609 ex,

982 2625 1023 2665 h.
1045 2627 1070 2665 l.
1092 2627 1211 2665 Silius
1222 2627 1324 2678 VIII,
1337 2627 1423 2670 537
1456 2627 1599 2666 Clanio
1617 2643 1714 2668 con-

983 2693 1128 2722 temtae
1145 2699 1300 2735 semper
1318 2685 1508 2724 Acerrae.
1718 2736 1720 2738 v

1039 2743 1293 2785 226—258.
1346 2744 1472 2782 Terra
1509 2744 1713 2796 quomodo

981 2799 1034 2838 sit
1062 2800 1275 2853 probanda
1303 2798 1552 2855 (δοκιμασία
1581 2801 1713 2857 γῆς),

981 2858 1205 2910 quibusque
1226 2860 1334 2898 notis
1349 2860 1433 2899 eius
1451 2867 1599 2899 natura
1611 2861 1713 2901 den-

981 2930 1047 2966 sa,
1088 2931 1204 2966 rara,
1244 2918 1368 2968 salsa,
1406 2918 1584 2970 pinguiS‚
1629 2919 1713 2958 hu·-

980 2974 1115 3025 mida,
1145 2976 1297 3028 gravis,
1328 2976 1450 3026 levis,
1480 2977 1615 3030 nigra,
1635 2976 1710 3017 sri-
