1734 3320
255 216 743 290 eEonelcoN
777 221 918 273 Lm.
943 222 1032 288 tv,
1058 229 1159 277 318
1182 232 1360 280 —332
1466 233 1565 282 651

17 345 282 403 ³‘Invisum
302 345 422 397 fatis
442 347 705 413 genuisti?
743 357 832 398 aut
854 365 964 416 quo
990 349 1085 400 tibi
1106 354 1277 403 nostri

0 432 26 480 ²51:
41 417 233 471 Pulsus
253 424 440 469 amor?
466 417 598 486 quid
615 435 707 468 me
729 419 942 469 coelum
965 436 1181 487 sperare
1201 422 1568 480 iubebas?325

0 481 127 570 {En
153 489 315 539 etiam
337 487 485 538 hunc
507 489 523 538 i
565 505 686 538 sum
706 489 845 540 vitae
866 490 1109 540 mortalis
1135 489 1428 559 honorem,

0 552 227 624 “Quem
245 557 381 609 mihi
404 559 493 608 vix
536 574 730 624 rugum
753 568 806 609 et
824 560 1101 627 pecudum
1125 562 1363 613 custodia
1385 565 1570 616 sollers

0 647 31 714 ,ἵ
45 629 246 683 Omnia
263 629 493 680 tentanti
513 628 811 692 extuderat,
848 639 902 680 te
925 640 1120 695 matre,
1157 632 1422 701 relinquo,

0 710 33 762 g
47 700 192 764 Quin
213 715 332 766 age,
372 708 427 749 et
445 699 558 767 ipsa
579 716 745 750 manu
770 697 938 750 felicis
962 718 1090 752 erue
1111 702 1288 764 silvas;

0 764 23 828 i.
42 771 151 822 Fer
168 768 386 821 stabulis
412 769 692 819 inimicum
721 771 927 835 ignem,
976 780 1135 840 atque
1159 770 1404 823 interfice
1428 791 1571 824 mes-

0 877 5 883 .
835 857 927 898 sls;

0 912 9 948 ³³
44 911 156 979 Ure
177 918 307 978 sata,
346 918 400 960 et
419 908 649 959 validam
669 909 724 959 in
744 910 859 960 vitis
880 910 1071 962 molire
1092 911 1410 979 bipennem:
1469 850 1570 897 330

0 971 6 994 i

0 1004 15 1068 ff
46 982 218 1032 Tanta
242 996 400 1031 meae
424 979 467 1030 si
491 988 545 1030 te
573 989 833 1047 ceperunt
852 981 1026 1032 taedia
1047 981 1230 1035 laudis,

139 1119 213 1158 324
243 1134 294 1156 an
321 1133 392 1168 quo
429 1121 571 1166 Menag.
628 1128 755 1155 noster
780 1120 911 1155 Medic.
945 1133 966 1155 a
1003 1133 1048 1154 m.
1076 1132 1131 1166 pr.
1176 1121 1294 1167 (quod
1326 1135 1400 1157 non
1430 1123 1571 1158 indica-

0 1186 5 1189 s
45 1174 123 1203 tum
148 1168 254 1203 video
280 1169 377 1214 apud
404 1167 574 1213 Foggin.;
616 1180 731 1213 neque
760 1167 796 1201 in
828 1167 907 1214 ipso
945 1167 1068 1202 codice
1095 1167 1183 1202 vidit
1208 1170 1426 1215 Freytagius.
1463 1171 1568 1216 Wr.)

26 1215 117 1263 μ325
143 1217 226 1263 qui-5
252 1229 308 1250 me
332 1222 447 1261 quart.
473 1216 603 1249 Moret.
652 1214 805 1249 videbas
830 1215 938 1249 Goth.
971 1228 1060 1257 sec.‚
1084 1222 1259 1261 perpetuo
1286 1217 1399 1263 lapsu.
1499 1219 1570 1254 327

1 1265 10 1279 ³
41 1275 220 1344 {ecorum
240 1269 314 1298 tres
342 1263 435 1309 apud
454 1263 569 1296 Burin.
594 1268 630 1295 et
649 1262 785 1307 aliquot
812 1263 907 1308 apud
929 1262 1019 1296 Pier.
1055 1278 1068 1283 -
1114 1263 1184 1298 328
1209 1265 1397 1299 extulerat
1419 1265 1570 1310 quinque

77 1321 164 1344 urm.
220 1310 422 1345 excuderet
449 1311 538 1344 Ven.
571 1316 605 1343 et
637 1309 707 1343 duo
744 1310 883 1343 Martin.
917 1322 994 1344 cum
1022 1314 1108 1342 vett.
1134 1310 1215 1344 edd.
1264 1320 1455 1346 exenterat
1480 1324 1569 1346 unus

46 1357 166 1392 Mead.
212 1358 292 1392 Hoc
322 1357 547 1399 extundere,
575 1357 756 1397 invenire,
786 1369 933 1402 parare,
965 1356 1113 1390 vidimus
1141 1356 1209 1390 iam
1230 1370 1262 1391 v.
1289 1359 1359 1394 315
1383 1366 1419 1393 et
1436 1360 1463 1400 I,
1490 1360 1568 1395 133.

47 1406 247 1454 temptanti
261 1405 481 1439 exauderat
499 1405 598 1437 Rom.
629 1404 689 1449 (—-
700 1405 781 1439 329.
798 1403 932 1450 felices
952 1403 1079 1437 Medic.
1106 1423 1151 1428 —
1175 1404 1257 1440 330.
1282 1418 1417 1440 messes
1435 1406 1565 1440 Medic.

53 1451 151 1497 Wr.)
244 1452 313 1488 331
341 1451 474 1485 duram
501 1453 541 1485 in
566 1452 656 1485 vitis
686 1450 814 1484 Medic.
841 1464 860 1485 a
880 1463 925 1485 m.
952 1463 1005 1497 pr.
1048 1450 1202 1495 (duram
1225 1458 1279 1485 est
1310 1452 1410 1498 prior
1440 1453 1570 1494 lectio;

0 1493 27 1528 ’f'
47 1505 235 1544 utrumque
262 1498 452 1545 epitheton
484 1497 566 1532 hnic
594 1497 727 1531 nomini
753 1497 929 1543 iungitur,
972 1498 1043 1532 vid.
1059 1500 1145 1531 Aen.
1171 1499 1214 1540 ΙΙ,
1236 1499 1318 1535 479.
1347 1507 1382 1533 et
1397 1501 1464 1543 XI,
1488 1501 1569 1536 651.

52 1548 111 1582 W
105 1547 151 1591 ν.)
198 1547 239 1581 in
253 1548 344 1581 vitis
363 1545 454 1580 Gud.
500 1547 539 1580 in
559 1547 668 1579 vitem
688 1544 823 1579 Zulich.
871 1546 910 1579 in
929 1546 1028 1579 vires
1047 1545 1157 1578 Goth.
1177 1558 1231 1591 pr.
1270 1545 1451 1593 bipinnem
1467 1549 1569 1582 Rom.

49 1593 172 1640 (etiam
198 1593 327 1628 Medic.
356 1592 416 1627 hic
442 1598 479 1627 et
505 1596 592 1627 Aen.
611 1594 655 1634 II,
679 1593 779 1633 627.;
805 1598 841 1626 et
860 1604 965 1637 quum
989 1598 1113 1626 nostro
1133 1592 1212 1627 loeo
1229 1591 1418 1641 bipennem
1437 1594 1572 1630 incuria

48 1653 70 1676 a
96 1653 135 1675 se
165 1640 328 1676 relictum
355 1641 511 1674 fateatur
537 1639 706 1685 Foggin.,
730 1639 825 1673 idem
847 1639 880 1673 ei
896 1640 1047 1673 sortasse
1073 1639 1150 1672 aliis
1170 1651 1309 1685 quoque
1323 1640 1411 1675 locis
1432 1641 1571 1676 accidit.

49 1689 227 1743 Btl'pennis
255 1687 465 1730 Quintiliani
491 1693 607 1722 aetate
632 1687 668 1721 in
698 1698 761 1721 usu
785 1686 912 1731 fuisse,
948 1693 1049 1732 patet
1076 1698 1120 1720 ex
1148 1686 1265 1722 Instit.
1289 1690 1382 1722 Orat.
1403 1689 1431 1732 1,
1454 1689 1488 1732 4,
1513 1690 1570 1725 12.

0 1748 35 1787 ΚΛ
48 1735 133 1772 V1d.
147 1736 194 1771 V.
211 1735 256 1769 L.
276 1736 341 1770 Ge.
363 1736 390 1779 1,
414 1735 496 1772 398.
526 1733 623 1780 Wr.)

0 1874 4 1878 ,
49 1854 152 1895 quos
177 1853 253 1895 per
276 1841 411 1895 ipsum
441 1841 597 1881 sontem
619 1840 787 1879 descen-

0 1914 5 1918 *
49 1913 119 1939 sus
138 1900 200 1940 fit.
257 1900 338 1940 Pro
367 1900 552 1952 exemplo
578 1898 648 1938 hic
674 1899 787 1937 locus

844 1839 932 1889 bra,
959 1853 1051 1892 ager
1071 1840 1254 1891 Troadis,
1272 1840 1399 1881 fluvio
1416 1840 1573 1894 Thym-

844 1898 934 1937 brio
966 1898 1174 1952 irrigatus,
1214 1899 1284 1951 qui
1308 1899 1352 1938 in
1379 1901 1573 1939 Scaman-

49 1970 135 1997 ωε
166 1964 323 2012 potest,
361 1958 405 1997 in
434 1964 557 2011 poeta
583 1957 787 2009 interpre-

51 2016 181 2056 tando
204 2016 508 2069 grammaticam
539 2021 580 2053 et
604 2014 787 2054 criticam

0 2083 17 2099 -’
52 2075 320 2114 subtilitatem
353 2072 456 2112 nihil
494 2072 709 2125 expedire,
753 2071 787 2110 si

51 2145 192 2172 sensus
236 2131 421 2186 poeticus
460 2130 616 2170 hebeat.
687 2129 787 2168 Erat

52 2197 190 2230 autem
218 2197 368 2240 mater,
409 2190 586 2242 Cyrene,
625 2201 709 2227 una
737 2200 789 2225 ex

50 2248 248 2302 Nymphis
265 2248 388 2288 huius
406 2247 596 2298 fluminis,
623 2246 788 2284 eadem—

52 2320 131 2360 que
150 2307 270 2346 Penei
285 2307 367 2346 filia
386 2319 457 2345 seu
476 2305 620 2359 neptis.
667 2302 790 2358 Apud

50 2365 275 2405 Pindarum
301 2366 347 2404 P.
383 2364 467 2414 IX,
503 2367 573 2407 90.
605 2365 707 2412 121,
740 2361 790 2400 ab

52 2422 240 2478 Apolline
266 2424 337 2462 illa
356 2422 399 2461 in
429 2423 597 2475 Libyam
623 2419 793 2459 abduci-

51 2487 148 2533 tur3
178 2489 220 2522 at
243 2481 284 2521 h.
304 2482 330 2521 l.
358 2481 487 2534 patris
503 2480 653 2532 regiam
669 2479 784 2518 inco-

50 2540 112 2580 lit.
171 2541 300 2580 Porro
330 2538 444 2578 hunc
462 2552 624 2579 versum
652 2543 694 2576 et
712 2535 786 2583 has

53 2599 236 2651 querelas
269 2612 321 2638 ex
346 2597 563 2637 Homerica
591 2601 786 2648 expostu-

0 2696 5 2699 .
52 2657 206 2696 latione
263 2655 429 2696 Achillis
476 2669 570 2694 cum
617 2653 787 2693 Thetide

53 2715 165 2755 Iliad.
186 2733 224 2766 α,
245 2714 328 2758 349
350 2729 434 2768 sqq.
466 2726 673 2767 expressas
690 2724 787 2761 esse,

52 2779 255 2813 notarunt
273 2774 407 2826 Intpp.
437 2773 517 2811 Sed
530 2771 697 2811 mirifice
716 2783 790 2808 ex·-

55 2833 219 2872 ornavit
253 2831 443 2883 Virgilius
473 2831 582 2870 nude
621 2830 670 2868 ab
701 2828 790 2868 Ho-

52 2903 165 2929 mero
228 2889 406 2945 primum
461 2889 627 2928 tradita.
679 2886 791 2925 Cons.

54 2948 178 2987 etiam
210 2947 324 2987 Iliad.
356 2960 391 2995 6,
427 2950 482 2989 70
511 2960 568 2998 sq.
599 2952 641 2984 et
669 2945 792 2984 Calli-

54 3006 187 3047 mach.
207 3006 250 3045 in
271 3006 358 3044 Cer.
372 3007 440 3047 99.
453 3028 502 3033 —
525 3007 622 3046 323.
645 3003 791 3056 Thym-
812 3037 815 3040 .

845 1956 966 1995 drum
1004 1970 1096 1995 cum
1134 1957 1336 1996 Simoente
1369 1958 1449 1996 iam
1477 1959 1574 1998 iun-

844 2020 955 2052 ctum
976 2027 1017 2052 se
1033 2014 1236 2066 immittit3
1265 2016 1360 2054 fano
1377 2015 1574 2069 Apollinis

843 2071 1001 2110 nobilis.
1060 2073 1207 2111 Strabo
1253 2074 1368 2123 XIII,
1402 2088 1443 2127 p.
1476 2076 1572 2116 893.

842 2130 914 2168 Est
933 2135 1067 2168 autem
1085 2143 1225 2169 versus
1242 2130 1507 2170 adumbratus
1522 2145 1574 2170 ex

843 2187 987 2240 Odyss.
1008 2203 1035 2238 ι,
1048 2188 1131 2230 529
1156 2188 1211 2228 Εἰ
1229 2185 1341 2230 ἐτεόν
1357 2205 1401 2244 γε
1419 2187 1490 2238 σός
1513 2189 1573 2231 εἰ-

846 2245 911 2299 μὶ,
942 2243 1076 2300 πατήρ
1103 2242 1146 2286 δ’
1170 2244 1261 2299 ἐμὸς
1291 2244 1425 2300 εὔχεαι
1454 2243 1572 2288 εἶναι.

848 2302 945 2346 324.
975 2303 1037 2342 Ita
1068 2302 1167 2343 Aen.
1196 2303 1254 2355 H,
1283 2305 1366 2348 595
1398 2319 1574 2358 quonam

847 2363 972 2400 nostri
1008 2361 1081 2399 tibi
1107 2376 1205 2400 cura
1242 2365 1412 2401 recessit.
1475 2366 1572 2405 326.

849 2422 945 2461 327.
975 2420 1202 2459 Exornavit
1218 2427 1338 2473 poeta
1360 2418 1406 2463 τό
1425 2417 1574 2478 ἄτιμᾷν

842 2478 1028 2528 Homeri,
1074 2477 1182 2517 hane
1214 2479 1409 2531 gloriam,
1451 2492 1575 2530 quam

842 2535 944 2575 mihi
972 2536 1101 2575 multo
1127 2550 1219 2575 cum
1246 2537 1406 2587 labore,
1434 2537 1575 2590 longae

845 2594 1115 2647 experientiae
1140 2595 1341 2646 molestia,
1382 2608 1433 2633 ex
1457 2609 1575 2647 agro-

843 2667 938 2692 rum
959 2653 1074 2691 cultu
1091 2659 1132 2691 et
1150 2654 1353 2706 pecudum
1379 2651 1575 2707 (adeoque

845 2711 966 2750 etiam
998 2724 1050 2749 ex
1088 2710 1234 2765 apum)
1272 2725 1368 2751 cura
1403 2723 1575 2763 parave-

848 2783 958 2819 ram,
994 2768 1106 2808 hune
1132 2770 1311 2808 fructum
1342 2768 1504 2818 amitto,
1535 2773 1576 2806 et

848 2827 929 2866 hoc
950 2828 1112 2879 quidem
1126 2858 1137 2877 ,
1178 2841 1268 2866 cum
1293 2834 1334 2865 te
1353 2827 1468 2865 deam
1486 2840 1575 2864 ma-

848 2891 956 2925 trem
982 2885 1163 2924 habeam.
1180 2885 1360 2937 frugum
1387 2893 1424 2922 et
1445 2899 1574 2935 pecu-

849 2944 972 2982 dum.-
1011 2958 1105 2982 nam
1131 2943 1259 2981 eidem
1292 2942 1473 2981 Aristaeo
1498 2941 1572 2981 tri-

849 3002 950 3041 buta
970 3015 1067 3040 cura
1085 3001 1260 3054 pecoriS,
1289 3006 1339 3040 ut
1367 3000 1436 3039 Ge.
1455 3000 1484 3050 Ι,
1508 2997 1574 3049 14,
