1768 3320
74 475 122 511 20
133 468 300 520 vinique
330 463 498 505 minimi.

127 234 311 287 Lxxxw

560 214 708 266 ΤἸΒ.
756 212 865 266 CL.
916 205 1232 260 DONATI

131 364 244 402 cana,
274 344 510 390 valetudine
526 344 653 387 varia.
702 342 806 383 Nam
821 341 1060 395 plerumque
1080 334 1130 374 ab
1146 329 1372 397 stomaclio,
1403 334 1453 396 et·
1465 328 1669 397 saucibus,

133 424 180 449 ac
201 408 342 449 dolore
358 404 523 458 capitis,
551 403 781 444 laborabat:
812 398 1046 452 sanguinem
1070 393 1192 432 etiam
1214 402 1372 444 saepius
1395 393 1556 429 re1ec1t:
1591 388 1672 428 cib1

565 462 692 502 Fama
721 465 800 510 est,
842 471 936 497 eum
967 451 1147 494 libidinis
1191 447 1396 503 pronioris
1434 447 1479 487 in
1519 460 1672 501 pueros
1721 469 1730 475 -

133 527 267 567 fuisse.
327 523 408 563 Sed
434 520 534 562 boni
556 522 615 560 ita
646 533 739 559 eum
765 529 912 571 pueros
943 524 1094 552 amasse
1113 512 1390 563 putaverunt,
1410 511 1470 545 ‘ut
1487 506 1673 546 Socrates

134 580 405 632 Alcibiadem,
446 587 488 619 et
512 580 626 619 Plato
660 591 754 617 suos
786 587 944 629 pueros,

884 643 1005 684 quem
1022 625 1202 667 secunda
1216 624 1506 665 Bucolicorum
1525 623 1674 677 Ecloga

136 643 280 684 dilexit
298 641 486 680 Cebetem
503 644 544 677 et
561 635 852 685 Alexandrum,

1003 570 1157 610 Verum
1186 567 1297 606 inter
1328 577 1468 606 omnes
1495 564 1674 604 maxime

136 701 284 742 Alexin
305 699 497 753 appellat:
529 696 728 736 donatum
748 692 822 732 sibi
850 681 900 730 ab
921 687 1059 728 Asinio
1085 685 1278 725 Pollione.
1337 683 1569 736 Utrumque
1588 696 1674 722 non

136 759 388 801 ineruditum
418 755 594 796 dimisit:
623 751 904 793 Alexandrum
928 744 1259 801 grammaticum,
1301 741 1491 782 Cebetem
1508 754 1609 782 vero
1633 746 1676 780 et

138 851 216 887 beis
237 847 357 896 (Rossi
376 845 537 881 Racolta
565 844 607 879 di
623 845 757 878 Statue
775 840 879 875 anti-

138 899 206 934 che
221 911 259 932 n.
278 894 429 939 xxm.

189 954 235 990 ab
254 943 450 990 stomacho.
482 950 675 985 Confirmes
696 960 738 982 ex
757 948 879 980 Hora-

139 1003 193 1038 tio
213 1005 285 1037 Sat.
305 1004 333 1044 1,
359 1003 394 1043 5,
417 999 474 1035 48.
492 999 538 1034 49
553 1000 695 1032 Lusum
717 996 748 1029 it
767 996 879 1028 Mae—

141 1062 271 1092 cena-3,
296 1049 492 1084 dormitum
517 1057 585 1093 ego
606 1045 642 1079 V
639 1042 877 1090 irgiliusque3

142 1098 311 1143 Namque
327 1096 409 1143 pila
426 1094 537 1149 HPPiS
555 1092 738 1126 inimicum
757 1097 793 1122 et
814 1088 877 1122 lu—

142 1145 230 1179 dere
249 1144 396 1185 crudis;
427 1142 488 1175 ub1
503 1139 622 1174 Schol.
641 1136 802 1182 Cruquii:
839 1147 879 1168 se
915 1162 918 1166 .

145 1193 200 1227 ait
217 1192 377 1238 lippum,
418 1188 615 1235 Virgilium
637 1193 760 1219 autem
789 1195 878 1216 cru-

145 1240 251 1280 dum3
270 1235 464 1271 laborabat
484 1235 580 1269 enim
599 1232 778 1267 stomachi
793 1242 880 1264 cru-

144 1287 282 1328 ditate,
307 1284 404 1331 quod
422 1281 539 1316 cibum
564 1282 750 1328 ingestum
772 1276 877 1323 diffi—

148 1333 272 1368 culter
288 1337 539 1376 concoqueret.

191 1400 229 1426 et
241 1389 440 1438 saucibus3
464 1388 558 1422 forte
570 1387 640 1421 hoc
658 1397 701 1439 ex
719 1383 774 1426 iis,
789 1393 880 1429 quae

143 1439 205 1474 inf.
228 1440 258 1485 5.
279 1437 326 1474 42
344 1442 599 1477 memorantur,
622 1439 785 1479 petitum.

239 1508 268 1554 5.
289 1509 345 1543 20.
369 1509 486 1541 Fama
506 1513 563 1539 est
579 1523 624 1529 --
648 1504 794 1537 Poterat
813 1507 878 1536 to-

144 1562 182 1590 ta
203 1555 293 1589 haec
311 1554 447 1588 macula
468 1553 511 1587 ab
534 1551 726 1597 nugacibus
751 1551 883 1584 Gram—

145 1602 282 1637 maticis
305 1600 450 1646 Virgilii
484 1599 676 1633 memoriae
714 1598 884 1643 adspersa

145 1649 262 1686 videri
284 1661 325 1683 ex
344 1647 521 1694 iniquiore
541 1647 695 1691 Eclogae
712 1647 744 1678 11
765 1645 883 1678 inter-

147 1697 364 1744 pretatione,
382 1709 415 1730 v.
437 1698 578 1740 Argum.
599 1694 686 1736 Eel„
705 1692 773 1726 nisi
786 1693 885 1725 Mar-

148 1744 245 1780 tialis
273 1750 309 1778 et
327 1743 467 1789 Apuleii
486 1741 575 1776 locis
595 1753 677 1774 mox
701 1739 885 1774 laudandis

149 1792 271 1838 paullo
289 1790 531 1825 molestiorem
550 1788 799 1823 auctoritatem
818 1787 887 1821 ha-

149 1841 324 1874 beremus.
382 1839 459 1871 Nec
498 1836 610 1870 minus
650 1835 887 1880 suspicionem

150 1893 272 1921 movet
289 1884 468 1930 Propertii
488 1884 586 1918 locus
607 1883 669 1917 lib.
692 1883 734 1925 II,
752 1882 804 1916 El.
826 1881 886 1925 34,

151 1935 212 1977 73,
237 1932 298 1966 ubi
315 1933 360 1966 ad
378 1931 565 1977 Virgilium
581 1930 787 1976 respicitur:
811 1932 887 1964 Fe·-

154 1981 227 2023 lix,
263 1981 443 2014 intactum
474 1979 642 2024 Corydon
674 1978 738 2024 qui
766 1985 888 2012 tentat

153 2028 290 2063 Alexin
322 2027 520 2074 Agricolae
563 2026 702 2059 domini
735 2037 889 2072 carpere

155 2075 327 2109 delicias!
361 2072 618 2107 Verecundiam
646 2072 792 2117 Virgilii
819 2072 888 2105 de—

154 2121 326 2156 fendebat
361 2120 523 2155 Klotzius
562 2120 599 2153 in
634 2119 888 2165 disputatione,

157 2182 262 2215 quam
280 2168 361 2202 vide
378 2168 415 2201 in
437 2170 563 2214 Opusc.
593 2167 763 2200 Defendit
783 2167 890 2201 etiam

157 2216 330 2250 Martinus
360 2216 404 2249 ad
423 2217 485 2249 Ge.
506 2217 567 2259 IV,
597 2215 668 2250 520
688 2222 723 2248 et
746 2214 890 2260 Baylius

157 2263 313 2298 Diction.
340 2274 373 2296 v.
401 2263 539 2308 Virgile
569 2262 638 2308 (A).
697 2264 747 2296 Ut
773 2269 893 2296 tamen

160 2309 356 2345 accuratius
371 2309 439 2343 hac
456 2310 500 2343 de
519 2322 558 2343 re
571 2321 785 2355 cognoscere
801 2321 892 2355 pos-

161 2358 209 2392 sit
227 2357 359 2399 lector,
386 2357 607 2390 subiiciemus
635 2363 820 2391 revocatas
847 2356 894 2390 ad

162 2411 261 2439 certa
291 2404 407 2448 capita
438 2404 637 2439 calumnias.
684 2405 731 2438 Et
756 2404 894 2440 Alexin

161 2452 304 2499 quidem
321 2463 383 2484 seu
400 2451 645 2494 Alexandrum,
671 2463 757 2485 vero
776 2450 895 2485 nomi-

161 2512 228 2542 ne,
254 2499 298 2532 ab
327 2505 437 2543 poeta
462 2499 659 2532 adamatum
686 2498 795 2532 fuisse
814 2498 896 2532 vul-

163 2546 345 2593 gatissima
363 2546 455 2579 fama
474 2553 535 2586 est,
556 2557 658 2590 quem
674 2545 734 2579 alii
754 2559 775 2580 a
790 2547 895 2579 Mae-

164 2601 304 2635 cenate,
331 2592 391 2626 alii
409 2606 428 2626 a
449 2593 627 2637 Pollione,
660 2593 754 2627 dono
777 2593 809 2627 ei
829 2593 896 2627 da-

164 2648 238 2676 tum
276 2652 354 2674 esse
389 2646 596 2674 memorant.
651 2641 765 2674 Fuere
791 2640 894 2683 adeo,

166 2688 226 2734 qui
248 2687 407 2721 Caesaris
429 2687 610 2721 Octaviani
626 2700 772 2733 puerum
788 2687 897 2721 fuisse

164 2735 359 2769 traderent.
407 2735 510 2780 Apud
532 2735 729 2768 Martialem
746 2736 839 2776 VIII,
852 2735 898 2770 56

164 2783 247 2817 loco
268 2781 352 2815 satis
372 2788 459 2815 noto
480 2782 525 2815 de
537 2781 753 2816 Maecenatis
770 2781 808 2815 in
821 2794 899 2815 eum

164 2828 403 2871 liberalitate,
437 2829 635 2863 subiicitur:
682 2831 738 2862 Tu
763 2829 847 2863 licet
864 2837 900 2862 et

166 2885 357 2918 nostrum,
382 2876 496 2919 dixit,
523 2876 660 2910 Alexin
682 2888 791 2910 ames.
817 2876 900 2909 Ad-

166 2923 291 2959 stabat
322 2924 461 2958 domini
483 2925 619 2957 mensis
650 2923 902 2971 pulcerrima-s

167 2971 251 3014 ille,
284 2973 499 3005 Marmorea
506 2969 679 3017 fundens
693 2971 805 3017 nigra
823 2973 901 3004 Fa—

169 3019 278 3054 lerna
295 3030 406 3052 manu
420 3044 429 3060 ‚
456 3020 504 3052 Et
520 3016 637 3052 libata
656 3016 771 3051 dabat
787 3018 904 3052 roseis

935 836 1129 872 carchesia
1171 831 1309 876 labri-⁹,
1349 834 1453 876 Quae
1491 840 1676 882 poterant

935 886 1057 932 ipsum
1092 881 1298 916 sollicitare
1332 881 1470 915 Iovem.
1526 880 1676 915 Excidit

936 931 1098 966 attonito
1131 929 1288 976 pinguis
1325 927 1487 962 Galatea
1519 936 1674 976 poetae,

941 976 1132 1023 Thestylis
1162 984 1199 1010 et
1223 973 1360 1010 rubras
1378 973 1560 1010 messibus
1588 983 1677 1010 usta

934 1038 1065 1074 genas.
1116 1024 1299 1058 Protinus
1328 1022 1482 1057 Italiam
1509 1023 1678 1071 concepit

937 1082 974 1107 et
1003 1084 1108 1106 arma
1137 1072 1353 1116 virumque,
1389 1071 1463 1114 Qui
1481 1070 1589 1105 modo
1611 1071 1678 1104 vix

936 1121 1088 1155 culicem
1117 1120 1286 1166 fleverat
1327 1130 1392 1152 ore
1424 1118 1524 1152 rudi.
1577 1117 1678 1152 idem

938 1180 980 1202 eo
1010 1166 1170 1213 respexit
1198 1165 1263 1199 lib.
1280 1166 1326 1208 V,
1346 1166 1402 1208 16,
1431 1167 1477 1202 12
1496 1165 1571 1201 Sed
1599 1177 1678 1200 non

936 1217 1008 1259 hac
1041 1223 1187 1249 veteres
1224 1213 1392 1254 contenti
1429 1213 1544 1248 laude
1580 1212 1678 1262 sue-

938 1270 1029 1297 runt
1046 1288 1055 1305 ,
1095 1264 1182 1295 Cum
1219 1261 1405 1294 minimum
1432 1262 1517 1295 vati
1543 1272 1680 1295 munus

937 1310 1070 1346 Alexis
1106 1316 1201 1343 erat.
1268 1310 1385 1354 Atque
1419 1308 1513 1343 hanc
1549 1309 1680 1342 famam

936 1357 1038 1392 multi
1057 1362 1263 1402 sequuntur.
1309 1355 1469 1390 Alteram
1492 1356 1538 1391 de
1556 1355 1679 1395 Asinio

937 1405 1102 1440 Pollione
1115 1430 1124 1446 ,
1149 1402 1253 1438 huius
1270 1402 1497 1440 liberalitatis
1520 1410 1680 1447 auctore,

939 1465 1045 1499 quam
1077 1452 1238 1485 Donatus
1263 1450 1323 1484 hic
1357 1457 1393 1485 et
1420 1451 1483 1486 inf.
1513 1453 1544 1498 5.
1571 1452 1619 1488 37
1647 1457 1683 1485 et

939 1499 1082 1535 Servius
1114 1499 1161 1533 ad
1184 1497 1260 1532 Ecl.
1284 1499 1329 1541 ΙΙ,
1363 1500 1382 1534 1
1403 1499 1555 1543 retinet,
1578 1502 1682 1545 Apu-

939 1547 1032 1581 leius
1051 1547 1123 1581 iam
1148 1545 1329 1592 amplexus
1348 1552 1403 1580 est
1420 1547 1459 1581 in
1480 1547 1633 1595 Apolog.
1654 1547 1682 1589 Ι,

942 1596 973 1642 5.
994 1596 1039 1631 13
1059 1598 1208 1639 Quanto
1231 1594 1684 1630 modestius-Mantuanus

937 1651 1065 1691 poeta,
1088 1643 1153 1688 qui
1164 1654 1381 1689 -puerum
1393 1644 1502 1677 amici
1517 1644 1578 1677 sui
1588 1641 1685 1677 Pol-
1723 1650 1733 1663 ‘

942 1691 1055 1724 lionis
1076 1689 1240 1723 bucolico
1261 1689 1407 1724 ludicro
1436 1691 1620 1733 laudans,
1647 1697 1685 1723 et

943 1737 1137 1772 abstinens
1172 1737 1383 1780 nominum,
1424 1750 1506 1772 sese
1539 1738 1686 1785 quidem

945 1785 1197 1830 Corydonem,
1225 1797 1385 1831 puerum
1413 1797 1505 1820 vero
1533 1785 1685 1828 Alexin,

943 1840 1065 1868 vocat.
1112 1833 1154 1865 In
1178 1831 1356 1866 Servianis
1384 1832 1432 1867 ad
1447 1832 1571 1879 Eclog.
1593 1834 1636 1875 11,
1664 1833 1683 1868 1

945 1881 989 1915 ab
1019 1879 1097 1913 aliis
1126 1878 1285 1913 Caesaris
1316 1891 1406 1926 puer
1432 1880 1543 1915 fuisse
1566 1879 1687 1915 Alexis

943 1927 1111 1962 traditur.
1143 1927 1199 1961 Ad
1224 1926 1372 1961 eandem
1390 1927 1559 1975 Eclogam
1578 1941 1612 1964 v.
1629 1928 1687 1970 15,

945 1975 992 2010 ad
1011 1974 1144 2022 D9nati
1166 1974 1244 2008 fere
1268 1974 1396 2019 fidem,
1426 1978 1521 2011 Tres
1550 1976 1690 2010 dicitur

946 2035 1091 2057 amasse
1105 2022 1299 2069 Virgilius,
1307 2022 1575 2067 Alexandrum,
1583 2034 1689 2071 quem

946 2071 1104 2105 donavit
1121 2071 1157 2104 ei
1173 2070 1317 2114 Pollio,
1342 2078 1378 2104 et
1400 2070 1564 2106 Cebetem
1586 2083 1690 2119 pue-

947 2131 1030 2152 rum
1049 2130 1131 2152 cum
1148 2119 1264 2152 Leria
1287 2118 1421 2165 puella
1448 2119 1582 2165 (Aleria
1601 2117 1690 2152 Plo-

946 2165 1023 2210 tia),
1049 2177 1142 2212 quos
1167 2177 1192 2200 a
1220 2166 1442 2200 Maecenate
1466 2167 1606 2201 dicitur
1623 2178 1690 2200 ac-

948 2214 1099 2262 cepisse.
1134 2212 1320 2258 Singulare
1343 2220 1409 2257 est,
1430 2214 1529 2260 quod
1544 2213 1581 2248 in
1602 2216 1691 2248 Ser-

947 2260 1060 2296 vianis
1079 2260 1125 2294 ad
1145 2260 1219 2295 Ecl.
1238 2262 1284 2304 V,
1309 2262 1355 2297 89
1375 2261 1530 2308 legitur,
1549 2262 1596 2296 ad
1606 2273 1692 2296 ver-

950 2320 1045 2342 sum:
1088 2308 1177 2343 Non
1216 2309 1307 2343 tulit
1333 2311 1563 2358 Antigenes:
1611 2311 1694 2343 Aut

945 2364 1137 2404 pastorem
1155 2356 1340 2402 quendam
1343 2357 1613 2405 pulcerrimum
1631 2356 1694 2390 di—

951 2404 1012 2446 cit,
1038 2411 1106 2437 aut
1125 2404 1344 2438 choraulam
1363 2405 1564 2452 significat,
1613 2413 1695 2437 uem

953 2451 988 2484 le
1016 2452 1112 2484 imus
1129 2451 1330 2485 admodum
1350 2465 1374 2486 a
1399 2454 1467 2488 Vir
1494 2417 1696 2499 ilio-sitisse

952 2510 976 2532 a
1004 2507 1176 2532 amatum.
1234 2499 1430 2534 Choraules
1465 2466 1590 2534 debuit
1616 2509 1695 2532 esse

951 2557 1041 2591 puer
1062 2545 1189 2591 aliquis
1220 2546 1323 2581 chori
1343 2547 1504 2582 cantibus
1522 2546 1615 2581 tibia
1632 2558 1696 2580 ao-
1727 2587 1732 2589 ῃ

956 2592 1076 2627 cinere
1093 2593 1242 2636 solitus3
1269 2595 1315 2629 de
1333 2607 1403 2641 quo
1427 2594 1610 2629 hominum
1627 2605 1697 2638 ge·—

952 2651 1038 2673 nere
1063 2653 1095 2674 v.
1123 2641 1251 2687 Scalig.
1282 2642 1526 2677 Animadvers.
1549 2642 1596 2676 ad
1621 2643 1698 2675 Eu-

955 2688 1029 2721 seb.
1052 2700 1088 2733 p.
1115 2689 1195 2724 169.
1219 2691 1300 2726 170.
1347 2691 1489 2725 Novum
1510 2696 1574 2732 est,
1600 2688 1698 2734 quod

953 2735 1126 2780 Pompon.
1156 2737 1237 2770 Sab.
1264 2738 1311 2772 ad
1328 2740 1414 2772 Aen.
1435 2739 1487 2772 VI
1509 2737 1573 2771 sub
1601 2736 1627 2770 f.
1651 2735 1698 2769 de

956 2783 1004 2835 Nl.
1024 2783 1196 2817 Marcello
1215 2785 1347 2819 habet:
1383 2784 1475 2828 „hic
1493 2790 1568 2827 est,
1594 2795 1699 2830 quem
1711 2793 1724 2797 ²

957 2837 1053 2882 aiunt
1081 2830 1269 2875 Virgilium
1293 2831 1568 2878 intemperantia
1595 2842 1700 2865 amo-

957 2887 1006 2909 ris
1042 2879 1280 2914 exosculatum
1318 2880 1429 2914 fuisse
1448 2905 1459 2924 ,
1508 2883 1699 2925 praesente

958 2925 1152 2968 Augusto.“

1006 2983 1082 3006 non
1104 2973 1336 3008 ineruditum
1354 2975 1503 3009 dimisit.
1537 2973 1617 3007 Hoc
1637 2972 1700 3007 di-

962 3018 1060 3053 misit
1074 3019 1275 3056 tollendum
1289 3028 1411 3057 censet
1431 3022 1588 3057 Gronov.
