<?xml version="1.0" encoding="UTF-8"?>
<!DOCTYPE html PUBLIC "-//W3C//DTD XHTML 1.0 Transitional//EN"
    "http://www.w3.org/TR/xhtml1/DTD/xhtml1-transitional.dtd">
<html xmlns="http://www.w3.org/1999/xhtml" xml:lang="en" lang="en">
 <head>
  <title>
</title>
<meta http-equiv="Content-Type" content="text/html;charset=utf-8" />
  <meta name='ocr-system' content='tesseract 3.04.00' />
  <meta name='ocr-capabilities' content='ocr_page ocr_carea ocr_par ocr_line ocrx_word'/>
</head>
<body>
  <div class='ocr_page' id='page_1' title='image "./publiusvirgilius01virguoft_0127.png"; bbox 0 0 1768 3320; ppageno 0'>
   <div class='ocr_carea' id='block_1_1' title="bbox 0 0 1622 335">
    <p class='ocr_par' dir='ltr' id='par_1_1' title="bbox 0 0 1622 335">
     <span class='ocr_line' id='line_1_1' title="bbox 0 0 1622 335; baseline 0.002 -84"><span class='ocrx_word' id='word_1_1' title='bbox 0 0 67 335; x_wconf 48' lang='grc' dir='ltr'><strong><em>π</em></strong></span> <span class='ocrx_word' id='word_1_2' title='bbox 480 199 892 267; x_wconf 69' lang='grc' dir='ltr'><strong>ΡΕῌΑΝΝΘὸ</strong></span> <span class='ocrx_word' id='word_1_3' title='bbox 926 201 1231 250; x_wconf 82' lang='lat' dir='ltr'><strong>DIGESTA</strong></span> <span class='ocrx_word' id='word_1_4' title='bbox 1507 220 1622 254; x_wconf 78' lang='lat' dir='ltr'><strong>exn</strong></span> 
     </span>
    </p>
   </div>
   <div class='ocr_carea' id='block_1_2' title="bbox 0 329 1621 969">
    <p class='ocr_par' dir='ltr' id='par_1_2' title="bbox 0 329 1621 443">
     <span class='ocr_line' id='line_1_2' title="bbox 0 329 1621 383; baseline -0.001 -10"><span class='ocrx_word' id='word_1_5' title='bbox 0 331 32 363; x_wconf 48' lang='lat'><strong>&#39;⁴-</strong></span> <span class='ocrx_word' id='word_1_6' title='bbox 82 333 337 382; x_wconf 67' lang='lat' dir='ltr'><strong>Maecenate,</strong></span> <span class='ocrx_word' id='word_1_7' title='bbox 365 330 438 383; x_wconf 87' lang='lat' dir='ltr'><strong>qui</strong></span> <span class='ocrx_word' id='word_1_8' title='bbox 464 343 512 370; x_wconf 84' lang='lat' dir='ltr'><strong>eo</strong></span> <span class='ocrx_word' id='word_1_9' title='bbox 538 329 833 380; x_wconf 82' lang='lat' dir='ltr'><strong>accurrebant,</strong></span> <span class='ocrx_word' id='word_1_10' title='bbox 872 331 1098 368; x_wconf 71' lang='lat' dir='ltr'><strong>Horatium</strong></span> <span class='ocrx_word' id='word_1_11' title='bbox 1113 360 1125 380; x_wconf 93' lang='lat'><strong>,</strong></span> <span class='ocrx_word' id='word_1_12' title='bbox 1164 331 1410 382; x_wconf 77' lang='lat' dir='ltr'><em>Virgilium,</em></span> <span class='ocrx_word' id='word_1_13' title='bbox 1439 333 1621 372; x_wconf 82' lang='lat' dir='ltr'><em>Plotium</em></span> 
     </span>
     <span class='ocr_line' id='line_1_3' title="bbox 1 387 1620 443; baseline -0.002 -11"><span class='ocrx_word' id='word_1_14' title='bbox 1 420 14 443; x_wconf 59' lang='lat'><em>7</em></span> <span class='ocrx_word' id='word_1_15' title='bbox 81 406 136 431; x_wconf 79' lang='lat' dir='ltr'><strong>ac</strong></span> <span class='ocrx_word' id='word_1_16' title='bbox 160 392 339 432; x_wconf 74' lang='lat' dir='ltr'><strong>Varium</strong></span> <span class='ocrx_word' id='word_1_17' title='bbox 357 388 558 428; x_wconf 83' lang='lat' dir='ltr'><strong>adductos</strong></span> <span class='ocrx_word' id='word_1_18' title='bbox 576 389 716 428; x_wconf 82' lang='lat' dir='ltr'><strong>fuisse:</strong></span> <span class='ocrx_word' id='word_1_19' title='bbox 746 401 828 441; x_wconf 86' lang='lat' dir='ltr'><strong>qua</strong></span> <span class='ocrx_word' id='word_1_20' title='bbox 848 387 899 427; x_wconf 91' lang='lat' dir='ltr'><strong>de</strong></span> <span class='ocrx_word' id='word_1_21' title='bbox 915 401 962 426; x_wconf 89' lang='lat' dir='ltr'><strong>re</strong></span> <span class='ocrx_word' id='word_1_22' title='bbox 981 388 1067 428; x_wconf 81' lang='lat' dir='ltr'><strong>vid.</strong></span> <span class='ocrx_word' id='word_1_23' title='bbox 1085 388 1230 428; x_wconf 82' lang='lat' dir='ltr'><strong>Horat.</strong></span> <span class='ocrx_word' id='word_1_24' title='bbox 1251 390 1336 427; x_wconf 88' lang='lat' dir='ltr'><strong>Sat.</strong></span> <span class='ocrx_word' id='word_1_25' title='bbox 1354 389 1384 438; x_wconf 90' lang='lat'><strong>1,</strong></span> <span class='ocrx_word' id='word_1_26' title='bbox 1407 389 1433 431; x_wconf 90' lang='lat'>5</span> <span class='ocrx_word' id='word_1_27' title='bbox 1464 391 1620 442; x_wconf 62' lang='lat' dir='ltr'><strong>Egyes-</strong></span> 
     </span>
    </p>

    <p class='ocr_par' dir='ltr' id='par_1_3' title="bbox 0 446 1619 969">
     <span class='ocr_line' id='line_1_4' title="bbox 80 446 1619 501; baseline -0.001 -12"><span class='ocrx_word' id='word_1_28' title='bbox 80 464 173 489; x_wconf 71' lang='lat' dir='ltr'><strong>um</strong></span> <span class='ocrx_word' id='word_1_29' title='bbox 190 460 351 501; x_wconf 73' lang='lat' dir='ltr'><strong>magna</strong></span> <span class='ocrx_word' id='word_1_30' title='bbox 366 453 455 499; x_wconf 72' lang='lat' dir='ltr'><strong>etc,</strong></span> <span class='ocrx_word' id='word_1_31' title='bbox 475 447 663 501; x_wconf 87' lang='lat' dir='ltr'><strong>inprimis</strong></span> <span class='ocrx_word' id='word_1_32' title='bbox 691 460 731 486; x_wconf 88' lang='lat' dir='ltr'><strong>v.</strong></span> <span class='ocrx_word' id='word_1_33' title='bbox 750 446 822 489; x_wconf 81' lang='lat'><strong>40.</strong></span> <span class='ocrx_word' id='word_1_34' title='bbox 879 446 943 486; x_wconf 92' lang='lat' dir='ltr'><strong>Ita</strong></span> <span class='ocrx_word' id='word_1_35' title='bbox 962 447 1069 486; x_wconf 87' lang='lat' dir='ltr'><strong>enim</strong></span> <span class='ocrx_word' id='word_1_36' title='bbox 1094 447 1175 498; x_wconf 69' lang='lat' dir='ltr'><strong>iam</strong></span> <span class='ocrx_word' id='word_1_37' title='bbox 1198 452 1292 486; x_wconf 88' lang='lat' dir='ltr'><strong>ante</strong></span> <span class='ocrx_word' id='word_1_38' title='bbox 1311 447 1418 485; x_wconf 85' lang='lat' dir='ltr'><strong>inter</strong></span> <span class='ocrx_word' id='word_1_39' title='bbox 1441 447 1619 487; x_wconf 77' lang='lat' dir='ltr'><strong>familia-</strong></span> 
     </span>
     <span class='ocr_line' id='line_1_5' title="bbox 78 504 1619 557; baseline -0.001 -9"><span class='ocrx_word' id='word_1_40' title='bbox 78 520 145 549; x_wconf 72' lang='lat' dir='ltr'><strong>res</strong></span> <span class='ocrx_word' id='word_1_41' title='bbox 171 506 417 546; x_wconf 68' lang='lat' dir='ltr'><strong>Maecenatis</strong></span> <span class='ocrx_word' id='word_1_42' title='bbox 456 505 638 551; x_wconf 81' lang='lat' dir='ltr'><strong>adscitus</strong></span> <span class='ocrx_word' id='word_1_43' title='bbox 672 517 757 544; x_wconf 90' lang='lat' dir='ltr'><strong>esse</strong></span> <span class='ocrx_word' id='word_1_44' title='bbox 788 504 931 544; x_wconf 86' lang='lat' dir='ltr'>debuit</span> <span class='ocrx_word' id='word_1_45' title='bbox 958 504 1167 545; x_wconf 77' lang='lat' dir='ltr'><strong>Horatius.</strong></span> <span class='ocrx_word' id='word_1_46' title='bbox 1227 505 1307 544; x_wconf 81' lang='lat' dir='ltr'><strong>Alii</strong></span> <span class='ocrx_word' id='word_1_47' title='bbox 1338 504 1504 557; x_wconf 84' lang='lat' dir='ltr'><strong>quidem</strong></span> <span class='ocrx_word' id='word_1_48' title='bbox 1539 506 1619 547; x_wconf 82' lang='lat' dir='ltr'><strong>iter</strong></span> 
     </span>
     <span class='ocr_line' id='line_1_6' title="bbox 77 561 1618 617; baseline -0.002 -12"><span class='ocrx_word' id='word_1_49' title='bbox 77 565 185 614; x_wconf 60' lang='lat' dir='ltr'><strong>mad</strong></span> <span class='ocrx_word' id='word_1_50' title='bbox 204 564 261 604; x_wconf 72' lang='lat' dir='ltr'><strong>ad</strong></span> <span class='ocrx_word' id='word_1_51' title='bbox 278 564 469 617; x_wconf 86' lang='lat' dir='ltr'><strong>colloquii</strong></span> <span class='ocrx_word' id='word_1_52' title='bbox 487 563 656 604; x_wconf 80' lang='lat' dir='ltr'><strong>Tarenti</strong></span> <span class='ocrx_word' id='word_1_53' title='bbox 670 562 802 603; x_wconf 80' lang='lat' dir='ltr'><strong>habiti</strong></span> <span class='ocrx_word' id='word_1_54' title='bbox 826 569 988 616; x_wconf 86' lang='lat' dir='ltr'><strong>tempus</strong></span> <span class='ocrx_word' id='word_1_55' title='bbox 1009 578 1044 603; x_wconf 93' lang='lat' dir='ltr'><strong>a.</strong></span> <span class='ocrx_word' id='word_1_56' title='bbox 1064 567 1151 607; x_wconf 91' lang='lat'><strong>717</strong></span> <span class='ocrx_word' id='word_1_57' title='bbox 1178 565 1365 603; x_wconf 85' lang='lat' dir='ltr'><strong>referunt</strong></span> <span class='ocrx_word' id='word_1_58' title='bbox 1387 561 1488 617; x_wconf 89' lang='lat' dir='ltr'><strong>(vid.</strong></span> <span class='ocrx_word' id='word_1_59' title='bbox 1506 563 1618 603; x_wconf 78' lang='lat' dir='ltr'><strong>Mas—</strong></span> 
     </span>
     <span class='ocr_line' id='line_1_7' title="bbox 78 621 1617 677; baseline -0.001 -13"><span class='ocrx_word' id='word_1_60' title='bbox 78 637 167 664; x_wconf 73' lang='lat' dir='ltr'><strong>aou.</strong></span> <span class='ocrx_word' id='word_1_61' title='bbox 191 624 278 664; x_wconf 75' lang='lat' dir='ltr'><strong>vita</strong></span> <span class='ocrx_word' id='word_1_62' title='bbox 304 623 469 663; x_wconf 80' lang='lat' dir='ltr'><strong>Horatii</strong></span> <span class='ocrx_word' id='word_1_63' title='bbox 503 622 557 662; x_wconf 91' lang='lat' dir='ltr'><strong>ad</strong></span> <span class='ocrx_word' id='word_1_64' title='bbox 580 621 707 677; x_wconf 86' lang='lat'>716);</span> <span class='ocrx_word' id='word_1_65' title='bbox 749 622 861 675; x_wconf 86' lang='lat' dir='ltr'><strong>quod</strong></span> <span class='ocrx_word' id='word_1_66' title='bbox 890 628 932 661; x_wconf 87' lang='lat' dir='ltr'><strong>et</strong></span> <span class='ocrx_word' id='word_1_67' title='bbox 961 621 1095 675; x_wconf 86' lang='lat' dir='ltr'><strong>ipsum</strong></span> <span class='ocrx_word' id='word_1_68' title='bbox 1125 637 1250 662; x_wconf 75' lang='lat' dir='ltr'><strong>verno</strong></span> <span class='ocrx_word' id='word_1_69' title='bbox 1268 631 1444 674; x_wconf 78' lang='lat' dir='ltr'><strong>tempore</strong></span> <span class='ocrx_word' id='word_1_70' title='bbox 1463 622 1617 662; x_wconf 81' lang='lat' dir='ltr'>incidit.</span> 
     </span>
     <span class='ocr_line' id='line_1_8' title="bbox 76 678 1619 736; baseline -0.002 -15"><span class='ocrx_word' id='word_1_71' title='bbox 76 681 162 724; x_wconf 77' lang='lat' dir='ltr'><strong>vid.</strong></span> <span class='ocrx_word' id='word_1_72' title='bbox 179 680 353 736; x_wconf 75' lang='lat' dir='ltr'><strong>Appian.</strong></span> <span class='ocrx_word' id='word_1_73' title='bbox 378 693 419 735; x_wconf 89' lang='lat' dir='ltr'><strong>p.</strong></span> <span class='ocrx_word' id='word_1_74' title='bbox 446 680 572 723; x_wconf 82' lang='lat'><strong>1149.</strong></span> <span class='ocrx_word' id='word_1_75' title='bbox 598 681 685 720; x_wconf 86' lang='lat' dir='ltr'><strong>Civ.</strong></span> <span class='ocrx_word' id='word_1_76' title='bbox 709 680 759 731; x_wconf 84' lang='lat' dir='ltr'><strong>V,</strong></span> <span class='ocrx_word' id='word_1_77' title='bbox 781 683 851 723; x_wconf 88' lang='lat'><strong>93.</strong></span> <span class='ocrx_word' id='word_1_78' title='bbox 911 679 1066 720; x_wconf 79' lang='lat' dir='ltr'><strong>Aderat</strong></span> <span class='ocrx_word' id='word_1_79' title='bbox 1084 687 1173 720; x_wconf 84' lang='lat' dir='ltr'><strong>tum</strong></span> <span class='ocrx_word' id='word_1_80' title='bbox 1196 678 1317 734; x_wconf 88' lang='grc'>(717)</span> <span class='ocrx_word' id='word_1_81' title='bbox 1353 680 1526 719; x_wconf 88' lang='lat' dir='ltr'><strong>Octavia</strong></span> <span class='ocrx_word' id='word_1_82' title='bbox 1541 694 1619 733; x_wconf 84' lang='lat' dir='ltr'><strong>pa-</strong></span> 
     </span>
     <span class='ocr_line' id='line_1_9' title="bbox 76 739 1616 794; baseline -0.001 -14"><span class='ocrx_word' id='word_1_83' title='bbox 76 741 134 780; x_wconf 77' lang='lat' dir='ltr'><strong>cis</strong></span> <span class='ocrx_word' id='word_1_84' title='bbox 164 741 366 794; x_wconf 74' lang='lat' dir='ltr'><strong>interpres</strong></span> <span class='ocrx_word' id='word_1_85' title='bbox 393 754 487 779; x_wconf 86' lang='lat' dir='ltr'><strong>cum</strong></span> <span class='ocrx_word' id='word_1_86' title='bbox 518 739 771 790; x_wconf 73' lang='lat' dir='ltr'><strong>Maecenate5</strong></span> <span class='ocrx_word' id='word_1_87' title='bbox 810 753 894 778; x_wconf 88' lang='lat' dir='ltr'><strong>non</strong></span> <span class='ocrx_word' id='word_1_88' title='bbox 920 745 1057 778; x_wconf 80' lang='lat' dir='ltr'><strong>autem</strong></span> <span class='ocrx_word' id='word_1_89' title='bbox 1088 739 1280 778; x_wconf 81' lang='lat' dir='ltr'>Cocceius</span> <span class='ocrx_word' id='word_1_90' title='bbox 1298 739 1434 778; x_wconf 85' lang='lat' dir='ltr'><strong>Nerva</strong></span> <span class='ocrx_word' id='word_1_91' title='bbox 1450 768 1463 789; x_wconf 94' lang='lat'><strong>,</strong></span> <span class='ocrx_word' id='word_1_92' title='bbox 1496 752 1616 791; x_wconf 89' lang='lat' dir='ltr'><strong>quem</strong></span> 
     </span>
     <span class='ocr_line' id='line_1_10' title="bbox 73 797 1616 850; baseline -0.003 -11"><span class='ocrx_word' id='word_1_93' title='bbox 73 798 225 843; x_wconf 66' lang='lat' dir='ltr'><strong>Horat,</strong></span> <span class='ocrx_word' id='word_1_94' title='bbox 239 799 259 839; x_wconf 91' lang='lat'>1</span> <span class='ocrx_word' id='word_1_95' title='bbox 275 799 406 838; x_wconf 77' lang='lat' dir='ltr'><strong>Serm.</strong></span> <span class='ocrx_word' id='word_1_96' title='bbox 416 798 457 849; x_wconf 88' lang='grc'><strong>5,</strong></span> <span class='ocrx_word' id='word_1_97' title='bbox 475 800 532 841; x_wconf 82' lang='grc'><strong>27</strong></span> <span class='ocrx_word' id='word_1_98' title='bbox 550 803 772 848; x_wconf 81' lang='lat' dir='ltr'><strong>memorat,</strong></span> <span class='ocrx_word' id='word_1_99' title='bbox 802 797 954 850; x_wconf 87' lang='lat' dir='ltr'><strong>quique</strong></span> <span class='ocrx_word' id='word_1_100' title='bbox 966 797 1213 837; x_wconf 87' lang='lat' dir='ltr'><strong>Brundisino</strong></span> <span class='ocrx_word' id='word_1_101' title='bbox 1229 797 1461 850; x_wconf 82' lang='lat' dir='ltr'><strong>congressui</strong></span> <span class='ocrx_word' id='word_1_102' title='bbox 1484 797 1616 836; x_wconf 79' lang='lat' dir='ltr'><strong>inter-</strong></span> 
     </span>
     <span class='ocr_line' id='line_1_11' title="bbox 74 855 1616 902; baseline -0.001 -5.084"><span class='ocrx_word' id='word_1_103' title='bbox 74 858 158 898; x_wconf 77' lang='lat' dir='ltr'><strong>fuit</strong></span> <span class='ocrx_word' id='word_1_104' title='bbox 181 872 215 897; x_wconf 84' lang='lat' dir='ltr'><strong>a.</strong></span> <span class='ocrx_word' id='word_1_105' title='bbox 241 857 342 902; x_wconf 84' lang='lat'><strong>71⁵.</strong></span> <span class='ocrx_word' id='word_1_106' title='bbox 398 856 491 896; x_wconf 89' lang='lat' dir='ltr'><strong>Hoc</strong></span> <span class='ocrx_word' id='word_1_107' title='bbox 514 856 661 896; x_wconf 87' lang='lat' dir='ltr'><strong>itinere</strong></span> <span class='ocrx_word' id='word_1_108' title='bbox 688 855 804 895; x_wconf 77' lang='lat' dir='ltr'><strong>Maro</strong></span> <span class='ocrx_word' id='word_1_109' title='bbox 838 857 973 896; x_wconf 89' lang='lat' dir='ltr'><strong>solum</strong></span> <span class='ocrx_word' id='word_1_110' title='bbox 1001 857 1132 896; x_wconf 80' lang='lat' dir='ltr'><strong>fertile</strong></span> <span class='ocrx_word' id='word_1_111' title='bbox 1159 857 1429 896; x_wconf 85' lang='lat' dir='ltr'><strong>Tarentinum</strong></span> <span class='ocrx_word' id='word_1_112' title='bbox 1459 855 1512 894; x_wconf 86' lang='lat' dir='ltr'><strong>ad</strong></span> <span class='ocrx_word' id='word_1_113' title='bbox 1531 856 1616 895; x_wconf 80' lang='lat' dir='ltr'><strong>Ga-</strong></span> 
     </span>
     <span class='ocr_line' id='line_1_12' title="bbox 0 914 1519 969; baseline -0.002 -13"><span class='ocrx_word' id='word_1_114' title='bbox 0 914 18 957; x_wconf 61' lang='grc' dir='ltr'><strong>ἐῗ</strong></span> <span class='ocrx_word' id='word_1_115' title='bbox 42 922 50 929; x_wconf 73' lang='grc'><strong>“</strong></span> <span class='ocrx_word' id='word_1_116' title='bbox 73 915 229 957; x_wconf 75' lang='lat' dir='ltr'><strong>laesum</strong></span> <span class='ocrx_word' id='word_1_117' title='bbox 243 915 287 956; x_wconf 81' lang='lat' dir='ltr'><strong>ss.</strong></span> <span class='ocrx_word' id='word_1_118' title='bbox 308 919 575 968; x_wconf 67' lang='lat' dir='ltr'><strong>cognoverat:</strong></span> <span class='ocrx_word' id='word_1_119' title='bbox 600 914 712 955; x_wconf 86' lang='lat' dir='ltr'><strong>unde</strong></span> <span class='ocrx_word' id='word_1_120' title='bbox 733 914 906 955; x_wconf 84' lang='lat' dir='ltr'><strong>ductum</strong></span> <span class='ocrx_word' id='word_1_121' title='bbox 923 915 1150 969; x_wconf 84' lang='lat' dir='ltr'><strong>episodium</strong></span> <span class='ocrx_word' id='word_1_122' title='bbox 1176 915 1248 955; x_wconf 84' lang='lat' dir='ltr'><strong>Ge.</strong></span> <span class='ocrx_word' id='word_1_123' title='bbox 1270 915 1336 965; x_wconf 79' lang='lat' dir='ltr'><strong>IV,</strong></span> <span class='ocrx_word' id='word_1_124' title='bbox 1358 915 1441 958; x_wconf 84' lang='lat'><strong>125</strong></span> <span class='ocrx_word' id='word_1_125' title='bbox 1460 928 1519 966; x_wconf 83' lang='lat' dir='ltr'><strong>sq.</strong></span> 
     </span>
    </p>
   </div>
   <div class='ocr_carea' id='block_1_3' title="bbox 689 1004 1005 1058">
    <p class='ocr_par' dir='ltr' id='par_1_4' title="bbox 689 1004 1005 1058">
     <span class='ocr_line' id='line_1_13' title="bbox 689 1004 1005 1058; baseline 0.007 -2"><span class='ocrx_word' id='word_1_126' title='bbox 689 1004 1005 1058; x_wconf 88' lang='lat' dir='ltr'><strong>U...C716</strong></span> 
     </span>
    </p>
   </div>
   <div class='ocr_carea' id='block_1_4' title="bbox 193 1100 1497 1248">
    <p class='ocr_par' dir='ltr' id='par_1_5' title="bbox 193 1100 1497 1248">
     <span class='ocr_line' id='line_1_14' title="bbox 193 1100 1497 1167; baseline -0.002 -17"><span class='ocrx_word' id='word_1_127' title='bbox 193 1102 320 1167; x_wconf 80' lang='lat' dir='ltr'><strong>App.</strong></span> <span class='ocrx_word' id='word_1_128' title='bbox 349 1101 592 1150; x_wconf 76' lang='lat' dir='ltr'><strong>Claudius</strong></span> <span class='ocrx_word' id='word_1_129' title='bbox 615 1101 846 1150; x_wconf 79' lang='lat' dir='ltr'><strong>Pulcher.</strong></span> <span class='ocrx_word' id='word_1_130' title='bbox 925 1101 979 1149; x_wconf 84' lang='lat' dir='ltr'><strong>C.</strong></span> <span class='ocrx_word' id='word_1_131' title='bbox 1008 1100 1274 1148; x_wconf 77' lang='lat' dir='ltr'><strong>Norbanus</strong></span> <span class='ocrx_word' id='word_1_132' title='bbox 1299 1100 1497 1148; x_wconf 80' lang='lat' dir='ltr'><strong>Flavus.</strong></span> 
     </span>
     <span class='ocr_line' id='line_1_15' title="bbox 437 1183 1246 1248; baseline 0 -15"><span class='ocrx_word' id='word_1_133' title='bbox 437 1201 485 1234; x_wconf 76' lang='lat' dir='ltr'><strong>a.</strong></span> <span class='ocrx_word' id='word_1_134' title='bbox 521 1184 574 1233; x_wconf 83' lang='lat' dir='ltr'><strong>C.</strong></span> <span class='ocrx_word' id='word_1_135' title='bbox 601 1186 684 1233; x_wconf 85' lang='lat'><strong>38.</strong></span> <span class='ocrx_word' id='word_1_136' title='bbox 765 1183 964 1248; x_wconf 76' lang='lat' dir='ltr'><strong>Virgilii</strong></span> <span class='ocrx_word' id='word_1_137' title='bbox 988 1185 1246 1233; x_wconf 75' lang='lat'><strong>32—33.</strong></span> 
     </span>
    </p>
   </div>
   <div class='ocr_carea' id='block_1_5' title="bbox 0 1275 1612 1623">
    <p class='ocr_par' dir='ltr' id='par_1_6' title="bbox 0 1275 1612 1564">
     <span class='ocr_line' id='line_1_16' title="bbox 186 1275 1612 1331; baseline -0.002 -14"><span class='ocrx_word' id='word_1_138' title='bbox 186 1277 385 1317; x_wconf 78' lang='lat' dir='ltr'><strong>Bucolicis</strong></span> <span class='ocrx_word' id='word_1_139' title='bbox 410 1276 492 1317; x_wconf 85' lang='lat' dir='ltr'><strong>hoc</strong></span> <span class='ocrx_word' id='word_1_140' title='bbox 521 1292 629 1317; x_wconf 88' lang='lat' dir='ltr'><strong>anno</strong></span> <span class='ocrx_word' id='word_1_141' title='bbox 646 1279 769 1318; x_wconf 81' lang='lat' dir='ltr'><strong>finem</strong></span> <span class='ocrx_word' id='word_1_142' title='bbox 788 1276 1026 1331; x_wconf 89' lang='lat' dir='ltr'><strong>impositum</strong></span> <span class='ocrx_word' id='word_1_143' title='bbox 1049 1283 1091 1315; x_wconf 90' lang='lat' dir='ltr'><strong>et</strong></span> <span class='ocrx_word' id='word_1_144' title='bbox 1109 1276 1297 1329; x_wconf 85' lang='lat' dir='ltr'><strong>Eclogam</strong></span> <span class='ocrx_word' id='word_1_145' title='bbox 1318 1275 1421 1314; x_wconf 87' lang='lat' dir='ltr'><strong>adeo</strong></span> <span class='ocrx_word' id='word_1_146' title='bbox 1443 1275 1483 1315; x_wconf 76' lang='grc' dir='ltr'>Χ</span> <span class='ocrx_word' id='word_1_147' title='bbox 1509 1289 1612 1314; x_wconf 88' lang='lat' dir='ltr'><strong>con-</strong></span> 
     </span>
     <span class='ocr_line' id='line_1_17' title="bbox 70 1334 1612 1390; baseline -0.002 -14.174"><span class='ocrx_word' id='word_1_148' title='bbox 70 1336 265 1390; x_wconf 77' lang='lat' dir='ltr'><strong>scriptam</strong></span> <span class='ocrx_word' id='word_1_149' title='bbox 283 1349 392 1387; x_wconf 84' lang='lat' dir='ltr'><strong>esse,</strong></span> <span class='ocrx_word' id='word_1_150' title='bbox 432 1337 597 1376; x_wconf 81' lang='lat' dir='ltr'><strong>Ruaeus</strong></span> <span class='ocrx_word' id='word_1_151' title='bbox 626 1351 722 1376; x_wconf 87' lang='lat' dir='ltr'><strong>cum</strong></span> <span class='ocrx_word' id='word_1_152' title='bbox 752 1336 839 1375; x_wconf 88' lang='lat' dir='ltr'><strong>aliis</strong></span> <span class='ocrx_word' id='word_1_153' title='bbox 866 1335 1096 1387; x_wconf 77' lang='lat' dir='ltr'><strong>existimat5</strong></span> <span class='ocrx_word' id='word_1_154' title='bbox 1135 1348 1182 1374; x_wconf 86' lang='lat' dir='ltr'><strong>ea</strong></span> <span class='ocrx_word' id='word_1_155' title='bbox 1209 1334 1361 1373; x_wconf 86' lang='lat' dir='ltr'><strong>scilicet</strong></span> <span class='ocrx_word' id='word_1_156' title='bbox 1380 1347 1520 1373; x_wconf 78' lang='lat' dir='ltr'>caussa</span> <span class='ocrx_word' id='word_1_157' title='bbox 1542 1334 1612 1373; x_wconf 89' lang='lat' dir='ltr'><strong>in-</strong></span> 
     </span>
     <span class='ocr_line' id='line_1_18' title="bbox 8 1392 1611 1447; baseline -0.002 -12"><span class='ocrx_word' id='word_1_158' title='bbox 8 1439 11 1442; x_wconf 46' lang='lat'><strong>,</strong></span> <span class='ocrx_word' id='word_1_159' title='bbox 71 1394 244 1445; x_wconf 80' lang='lat' dir='ltr'><strong>ductus,</strong></span> <span class='ocrx_word' id='word_1_160' title='bbox 285 1395 399 1447; x_wconf 89' lang='lat' dir='ltr'><strong>quod</strong></span> <span class='ocrx_word' id='word_1_161' title='bbox 432 1395 696 1434; x_wconf 87' lang='lat' dir='ltr'><strong>Grammatici</strong></span> <span class='ocrx_word' id='word_1_162' title='bbox 727 1395 835 1434; x_wconf 79' lang='lat' dir='ltr'><strong>intra</strong></span> <span class='ocrx_word' id='word_1_163' title='bbox 859 1395 1085 1433; x_wconf 82' lang='lat' dir='ltr'><strong>triennium</strong></span> <span class='ocrx_word' id='word_1_164' title='bbox 1100 1393 1292 1433; x_wconf 89' lang='lat' dir='ltr'><strong>Bucolica</strong></span> <span class='ocrx_word' id='word_1_165' title='bbox 1319 1392 1500 1432; x_wconf 89' lang='lat' dir='ltr'><strong>absoluta</strong></span> <span class='ocrx_word' id='word_1_166' title='bbox 1528 1405 1611 1431; x_wconf 88' lang='lat' dir='ltr'><strong>esse</strong></span> 
     </span>
     <span class='ocr_line' id='line_1_19' title="bbox 0 1449 1609 1506; baseline -0.002 -14"><span class='ocrx_word' id='word_1_167' title='bbox 0 1473 10 1499; x_wconf 41' lang='lat'><strong>3&gt;</strong></span> <span class='ocrx_word' id='word_1_168' title='bbox 68 1459 312 1493; x_wconf 78' lang='lat' dir='ltr'><strong>memorant.</strong></span> <span class='ocrx_word' id='word_1_169' title='bbox 339 1452 424 1493; x_wconf 84' lang='lat' dir='ltr'><strong>vid.</strong></span> <span class='ocrx_word' id='word_1_170' title='bbox 448 1454 595 1492; x_wconf 87' lang='lat' dir='ltr'><strong>Donat.</strong></span> <span class='ocrx_word' id='word_1_171' title='bbox 618 1454 712 1493; x_wconf 85' lang='lat' dir='ltr'><strong>Vita</strong></span> <span class='ocrx_word' id='word_1_172' title='bbox 731 1452 775 1506; x_wconf 79' lang='lat'><strong>§.</strong></span> <span class='ocrx_word' id='word_1_173' title='bbox 803 1455 872 1495; x_wconf 84' lang='lat'><strong>36.</strong></span> <span class='ocrx_word' id='word_1_174' title='bbox 931 1451 1087 1491; x_wconf 81' lang='lat' dir='ltr'><strong>Phocas</strong></span> <span class='ocrx_word' id='word_1_175' title='bbox 1108 1466 1149 1491; x_wconf 86' lang='lat' dir='ltr'><strong>v.</strong></span> <span class='ocrx_word' id='word_1_176' title='bbox 1163 1452 1233 1495; x_wconf 88' lang='lat'><strong>95.</strong></span> <span class='ocrx_word' id='word_1_177' title='bbox 1292 1450 1373 1490; x_wconf 88' lang='lat' dir='ltr'><strong>Sed</strong></span> <span class='ocrx_word' id='word_1_178' title='bbox 1395 1449 1609 1490; x_wconf 88' lang='lat' dir='ltr'><strong>hominum</strong></span> 
     </span>
     <span class='ocr_line' id='line_1_20' title="bbox 0 1509 1610 1564; baseline -0.002 -13"><span class='ocrx_word' id='word_1_179' title='bbox 0 1553 18 1564; x_wconf 23' lang='grc' dir='ltr'><strong>,ς</strong></span> <span class='ocrx_word' id='word_1_180' title='bbox 67 1512 235 1551; x_wconf 89' lang='lat' dir='ltr'><strong>illorum</strong></span> <span class='ocrx_word' id='word_1_181' title='bbox 266 1512 427 1551; x_wconf 86' lang='lat' dir='ltr'><strong>vanitas</strong></span> <span class='ocrx_word' id='word_1_182' title='bbox 461 1526 555 1551; x_wconf 88' lang='lat' dir='ltr'><strong>cum</strong></span> <span class='ocrx_word' id='word_1_183' title='bbox 584 1525 725 1551; x_wconf 88' lang='lat' dir='ltr'><strong>rerum</strong></span> <span class='ocrx_word' id='word_1_184' title='bbox 758 1511 1006 1563; x_wconf 80' lang='lat' dir='ltr'><strong>argumentis</strong></span> <span class='ocrx_word' id='word_1_185' title='bbox 1033 1517 1124 1550; x_wconf 86' lang='lat' dir='ltr'><strong>tum</strong></span> <span class='ocrx_word' id='word_1_186' title='bbox 1150 1510 1198 1549; x_wconf 87' lang='lat' dir='ltr'><strong>iis</strong></span> <span class='ocrx_word' id='word_1_187' title='bbox 1221 1509 1341 1562; x_wconf 88' lang='lat' dir='ltr'><strong>ipsis,</strong></span> <span class='ocrx_word' id='word_1_188' title='bbox 1389 1522 1492 1561; x_wconf 89' lang='lat' dir='ltr'><strong>quae</strong></span> <span class='ocrx_word' id='word_1_189' title='bbox 1521 1510 1610 1548; x_wconf 85' lang='lat' dir='ltr'><strong>aliis</strong></span> 
     </span>
    </p>

    <p class='ocr_par' dir='ltr' id='par_1_7' title="bbox 66 1567 1609 1623">
     <span class='ocr_line' id='line_1_21' title="bbox 66 1567 1609 1623; baseline -0.001 -14"><span class='ocrx_word' id='word_1_190' title='bbox 66 1570 167 1609; x_wconf 90' lang='lat' dir='ltr'><strong>locis</strong></span> <span class='ocrx_word' id='word_1_191' title='bbox 186 1570 455 1623; x_wconf 82' lang='lat' dir='ltr'><strong>repugnantia</strong></span> <span class='ocrx_word' id='word_1_192' title='bbox 483 1569 678 1620; x_wconf 87' lang='lat' dir='ltr'><strong>tradunt,</strong></span> <span class='ocrx_word' id='word_1_193' title='bbox 706 1570 824 1609; x_wconf 81' lang='lat' dir='ltr'><strong>facile</strong></span> <span class='ocrx_word' id='word_1_194' title='bbox 845 1570 1040 1621; x_wconf 84' lang='lat' dir='ltr'><strong>arguitur.</strong></span> <span class='ocrx_word' id='word_1_195' title='bbox 1098 1567 1208 1608; x_wconf 81' lang='lat' dir='ltr'><strong>Nihil</strong></span> <span class='ocrx_word' id='word_1_196' title='bbox 1225 1568 1363 1620; x_wconf 84' lang='lat' dir='ltr'><strong>itaque</strong></span> <span class='ocrx_word' id='word_1_197' title='bbox 1379 1575 1609 1608; x_wconf 87' lang='lat' dir='ltr'><strong>commento</strong></span> 
     </span>
    </p>
   </div>
   <div class='ocr_carea' id='block_1_6' title="bbox 4 1626 1615 1740">
    <p class='ocr_par' dir='ltr' id='par_1_8' title="bbox 4 1626 1615 1740">
     <span class='ocr_line' id='line_1_22' title="bbox 67 1626 949 1682; baseline -0.002 -14"><span class='ocrx_word' id='word_1_198' title='bbox 67 1629 155 1668; x_wconf 90' lang='lat' dir='ltr'><strong>illi</strong></span> <span class='ocrx_word' id='word_1_199' title='bbox 142 1643 226 1668; x_wconf 75' lang='lat' dir='ltr'><strong>iam</strong></span> <span class='ocrx_word' id='word_1_200' title='bbox 240 1627 442 1667; x_wconf 78' lang='lat' dir='ltr'><strong>Martinus</strong></span> <span class='ocrx_word' id='word_1_201' title='bbox 462 1627 612 1667; x_wconf 75' lang='lat' dir='ltr'><strong>tribuit</strong></span> <span class='ocrx_word' id='word_1_202' title='bbox 630 1641 718 1682; x_wconf 87' lang='lat' dir='ltr'><strong>pag.</strong></span> <span class='ocrx_word' id='word_1_203' title='bbox 735 1627 876 1678; x_wconf 84' lang='lat' dir='ltr'>LXIV,</span> <span class='ocrx_word' id='word_1_204' title='bbox 893 1626 949 1680; x_wconf 80' lang='lat' dir='ltr'><strong>g).</strong></span> 
     </span>
     <span class='ocr_line' id='line_1_23' title="bbox 4 1683 1615 1740; baseline -0.001 -14"><span class='ocrx_word' id='word_1_205' title='bbox 4 1686 9 1690; x_wconf 65' lang='grc'><strong><em>”</em></strong></span> <span class='ocrx_word' id='word_1_206' title='bbox 182 1686 240 1726; x_wconf 81' lang='lat' dir='ltr'><strong>At</strong></span> <span class='ocrx_word' id='word_1_207' title='bbox 254 1686 364 1726; x_wconf 88' lang='lat' dir='ltr'><strong>idem</strong></span> <span class='ocrx_word' id='word_1_208' title='bbox 386 1686 452 1726; x_wconf 89' lang='lat' dir='ltr'><strong>vir</strong></span> <span class='ocrx_word' id='word_1_209' title='bbox 471 1686 617 1726; x_wconf 88' lang='lat' dir='ltr'><strong>doctus</strong></span> <span class='ocrx_word' id='word_1_210' title='bbox 633 1701 674 1740; x_wconf 90' lang='lat' dir='ltr'><strong>p.</strong></span> <span class='ocrx_word' id='word_1_211' title='bbox 689 1686 817 1725; x_wconf 86' lang='lat' dir='ltr'>LXIII</span> <span class='ocrx_word' id='word_1_212' title='bbox 840 1685 894 1724; x_wconf 90' lang='lat' dir='ltr'><strong>ad</strong></span> <span class='ocrx_word' id='word_1_213' title='bbox 909 1685 1022 1725; x_wconf 89' lang='lat' dir='ltr'><strong>hunc</strong></span> <span class='ocrx_word' id='word_1_214' title='bbox 1042 1698 1209 1733; x_wconf 89' lang='lat' dir='ltr'><strong>annum,</strong></span> <span class='ocrx_word' id='word_1_215' title='bbox 1240 1683 1492 1722; x_wconf 75' lang='lat' dir='ltr'><strong>Meliboeam</strong></span> <span class='ocrx_word' id='word_1_216' title='bbox 1514 1686 1615 1725; x_wconf 89' lang='lat' dir='ltr'><strong>VII</strong></span> 
     </span>
    </p>
   </div>
   <div class='ocr_carea' id='block_1_7' title="bbox 1 1740 1608 1902">
    <p class='ocr_par' dir='ltr' id='par_1_9' title="bbox 1 1740 1608 1902">
     <span class='ocr_line' id='line_1_24' title="bbox 66 1740 1608 1798; baseline -0.001 -14"><span class='ocrx_word' id='word_1_217' title='bbox 66 1740 303 1798; x_wconf 80' lang='lat' dir='ltr'><strong>Eclogam,</strong></span> <span class='ocrx_word' id='word_1_218' title='bbox 336 1745 452 1784; x_wconf 89' lang='lat' dir='ltr'><strong>cuius</strong></span> <span class='ocrx_word' id='word_1_219' title='bbox 482 1744 633 1798; x_wconf 79' lang='lat' dir='ltr'><strong>alioqui</strong></span> <span class='ocrx_word' id='word_1_220' title='bbox 663 1745 872 1784; x_wconf 89' lang='lat' dir='ltr'><strong>incertum</strong></span> <span class='ocrx_word' id='word_1_221' title='bbox 906 1745 1027 1798; x_wconf 87' lang='lat' dir='ltr'><strong>plane</strong></span> <span class='ocrx_word' id='word_1_222' title='bbox 1058 1749 1221 1796; x_wconf 88' lang='lat' dir='ltr'><strong>tempus</strong></span> <span class='ocrx_word' id='word_1_223' title='bbox 1241 1749 1322 1792; x_wconf 87' lang='lat' dir='ltr'><strong>est,</strong></span> <span class='ocrx_word' id='word_1_224' title='bbox 1351 1743 1497 1793; x_wconf 79' lang='lat' dir='ltr'><strong>refert,</strong></span> <span class='ocrx_word' id='word_1_225' title='bbox 1527 1743 1608 1782; x_wconf 92' lang='lat' dir='ltr'><strong>hoc</strong></span> 
     </span>
     <span class='ocr_line' id='line_1_25' title="bbox 1 1773 1604 1857; baseline -0.001 -14"><span class='ocrx_word' id='word_1_226' title='bbox 1 1850 3 1854; x_wconf 18' lang='grc' dir='ltr'><em>Α</em></span> <span class='ocrx_word' id='word_1_227' title='bbox 66 1817 150 1843; x_wconf 89' lang='lat' dir='ltr'><strong>uno</strong></span> <span class='ocrx_word' id='word_1_228' title='bbox 169 1809 408 1857; x_wconf 72' lang='lat' dir='ltr'><strong>argumento</strong></span> <span class='ocrx_word' id='word_1_229' title='bbox 427 1816 549 1854; x_wconf 83' lang='lat' dir='ltr'><strong>usus,</strong></span> <span class='ocrx_word' id='word_1_230' title='bbox 577 1816 656 1854; x_wconf 89' lang='lat' dir='ltr'><strong>„ne</strong></span> <span class='ocrx_word' id='word_1_231' title='bbox 675 1803 710 1842; x_wconf 88' lang='lat' dir='ltr'><strong>is</strong></span> <span class='ocrx_word' id='word_1_232' title='bbox 732 1816 864 1842; x_wconf 85' lang='lat' dir='ltr'><strong>annus</strong></span> <span class='ocrx_word' id='word_1_233' title='bbox 882 1815 1051 1856; x_wconf 88' lang='lat' dir='ltr'><strong>prorsus</strong></span> <span class='ocrx_word' id='word_1_234' title='bbox 1069 1801 1205 1854; x_wconf 85' lang='lat' dir='ltr'><strong>aliquo</strong></span> <span class='ocrx_word' id='word_1_235' title='bbox 1222 1773 1433 1854; x_wconf 48' lang='lat' dir='ltr'><strong>virgiliani</strong></span> <span class='ocrx_word' id='word_1_236' title='bbox 1458 1802 1604 1855; x_wconf 84' lang='lat' dir='ltr'><strong>ingenii</strong></span> 
     </span>
     <span class='ocr_line' id='line_1_26' title="bbox 10 1863 511 1902; baseline -0.004 0"><span class='ocrx_word' id='word_1_237' title='bbox 10 1888 14 1890; x_wconf 95' lang='lat'><em>-</em></span> <span class='ocrx_word' id='word_1_238' title='bbox 65 1867 331 1902; x_wconf 87' lang='lat' dir='ltr'><strong>monumento</strong></span> <span class='ocrx_word' id='word_1_239' title='bbox 347 1863 511 1902; x_wconf 83' lang='lat' dir='ltr'><strong>vacet.“</strong></span> 
     </span>
    </p>
   </div>
   <div class='ocr_carea' id='block_1_8' title="bbox 678 1951 992 2003">
    <p class='ocr_par' dir='ltr' id='par_1_10' title="bbox 678 1951 992 2003">
     <span class='ocr_line' id='line_1_27' title="bbox 678 1951 992 2003; baseline 0 0"><span class='ocrx_word' id='word_1_240' title='bbox 678 1951 755 2003; x_wconf 58' lang='lat' dir='ltr'><strong>U.</strong></span> <span class='ocrx_word' id='word_1_241' title='bbox 781 1952 837 2002; x_wconf 87' lang='lat' dir='ltr'><strong>C.</strong></span> <span class='ocrx_word' id='word_1_242' title='bbox 873 1956 992 2003; x_wconf 89' lang='lat'><strong>717.</strong></span> 
     </span>
    </p>
   </div>
   <div class='ocr_carea' id='block_1_9' title="bbox 196 2045 1476 2194">
    <p class='ocr_par' dir='ltr' id='par_1_11' title="bbox 196 2045 1476 2194">
     <span class='ocr_line' id='line_1_28' title="bbox 196 2045 1476 2112; baseline 0 -17"><span class='ocrx_word' id='word_1_243' title='bbox 196 2049 272 2098; x_wconf 82' lang='lat' dir='ltr'><strong>M.</strong></span> <span class='ocrx_word' id='word_1_244' title='bbox 310 2048 572 2111; x_wconf 66' lang='lat' dir='ltr'><strong>V‘qzsanins</strong></span> <span class='ocrx_word' id='word_1_245' title='bbox 602 2049 861 2112; x_wconf 70' lang='lat' dir='ltr'><strong>Agrippa.</strong></span> <span class='ocrx_word' id='word_1_246' title='bbox 932 2048 988 2096; x_wconf 88' lang='lat' dir='ltr'><strong>L.</strong></span> <span class='ocrx_word' id='word_1_247' title='bbox 1023 2047 1256 2095; x_wconf 77' lang='lat' dir='ltr'><strong>Caninius</strong></span> <span class='ocrx_word' id='word_1_248' title='bbox 1286 2045 1476 2095; x_wconf 80' lang='lat' dir='ltr'><strong>Gallus.</strong></span> 
     </span>
     <span class='ocr_line' id='line_1_29' title="bbox 431 2130 1234 2194; baseline 0.001 -18"><span class='ocrx_word' id='word_1_249' title='bbox 431 2130 566 2191; x_wconf 72' lang='grc'><strong>(1.0.</strong></span> <span class='ocrx_word' id='word_1_250' title='bbox 596 2132 679 2179; x_wconf 88' lang='lat'><strong>37.</strong></span> <span class='ocrx_word' id='word_1_251' title='bbox 760 2130 958 2194; x_wconf 81' lang='lat' dir='ltr'><strong>Virgilii</strong></span> <span class='ocrx_word' id='word_1_252' title='bbox 989 2130 1234 2178; x_wconf 84' lang='lat'><strong>33—34.</strong></span> 
     </span>
    </p>
   </div>
   <div class='ocr_carea' id='block_1_10' title="bbox 43 2222 1603 3035">
    <p class='ocr_par' dir='ltr' id='par_1_12' title="bbox 43 2222 1603 3035">
     <span class='ocr_line' id='line_1_30' title="bbox 180 2222 1603 2277; baseline -0.001 -15"><span class='ocrx_word' id='word_1_253' title='bbox 180 2222 247 2262; x_wconf 71' lang='lat' dir='ltr'><strong>Ad</strong></span> <span class='ocrx_word' id='word_1_254' title='bbox 280 2222 394 2262; x_wconf 74' lang='lat' dir='ltr'><strong>hunc</strong></span> <span class='ocrx_word' id='word_1_255' title='bbox 426 2230 579 2262; x_wconf 73' lang='lat' dir='ltr'><strong>annum</strong></span> <span class='ocrx_word' id='word_1_256' title='bbox 609 2224 799 2277; x_wconf 83' lang='lat' dir='ltr'><strong>Eclogam</strong></span> <span class='ocrx_word' id='word_1_257' title='bbox 830 2223 1027 2263; x_wconf 85' lang='lat' dir='ltr'><strong>decimam</strong></span> <span class='ocrx_word' id='word_1_258' title='bbox 1055 2222 1312 2262; x_wconf 80' lang='lat' dir='ltr'><strong>referendam</strong></span> <span class='ocrx_word' id='word_1_259' title='bbox 1347 2235 1430 2261; x_wconf 86' lang='lat' dir='ltr'><strong>esse</strong></span> <span class='ocrx_word' id='word_1_260' title='bbox 1467 2230 1603 2261; x_wconf 83' lang='lat' dir='ltr'><strong>censet</strong></span> 
     </span>
     <span class='ocr_line' id='line_1_31' title="bbox 61 2279 1602 2335; baseline 0 -15"><span class='ocrx_word' id='word_1_261' title='bbox 61 2279 397 2333; x_wconf 66' lang='lat' dir='ltr'><strong>11artinus,laac</strong></span> <span class='ocrx_word' id='word_1_262' title='bbox 423 2282 474 2320; x_wconf 86' lang='lat' dir='ltr'><strong>de</strong></span> <span class='ocrx_word' id='word_1_263' title='bbox 506 2296 669 2332; x_wconf 82' lang='lat' dir='ltr'><strong>caussa,</strong></span> <span class='ocrx_word' id='word_1_264' title='bbox 700 2282 894 2335; x_wconf 78' lang='lat' dir='ltr'><strong>quoniam</strong></span> <span class='ocrx_word' id='word_1_265' title='bbox 923 2282 967 2321; x_wconf 88' lang='lat' dir='ltr'><strong>in</strong></span> <span class='ocrx_word' id='word_1_266' title='bbox 992 2294 1040 2320; x_wconf 89' lang='lat' dir='ltr'><strong>eo</strong></span> <span class='ocrx_word' id='word_1_267' title='bbox 1066 2281 1245 2320; x_wconf 80' lang='lat' dir='ltr'><strong>carmine</strong></span> <span class='ocrx_word' id='word_1_268' title='bbox 1263 2281 1381 2320; x_wconf 84' lang='lat' dir='ltr'><strong>Gallo</strong></span> <span class='ocrx_word' id='word_1_269' title='bbox 1402 2280 1602 2334; x_wconf 85' lang='lat' dir='ltr'><strong>inscripto</strong></span> 
     </span>
     <span class='ocr_line' id='line_1_32' title="bbox 62 2313 1600 2393; baseline -0.001 -14"><span class='ocrx_word' id='word_1_270' title='bbox 62 2352 104 2379; x_wconf 76' lang='lat' dir='ltr'><strong>v.</strong></span> <span class='ocrx_word' id='word_1_271' title='bbox 124 2342 182 2382; x_wconf 77' lang='lat'><strong>23</strong></span> <span class='ocrx_word' id='word_1_272' title='bbox 209 2347 252 2379; x_wconf 90' lang='lat' dir='ltr'><strong>et</strong></span> <span class='ocrx_word' id='word_1_273' title='bbox 279 2339 338 2383; x_wconf 85' lang='lat'><strong>47</strong></span> <span class='ocrx_word' id='word_1_274' title='bbox 360 2341 527 2393; x_wconf 73' lang='lat' dir='ltr'><strong>Lycoris</strong></span> <span class='ocrx_word' id='word_1_275' title='bbox 555 2341 598 2379; x_wconf 87' lang='lat' dir='ltr'><strong>in</strong></span> <span class='ocrx_word' id='word_1_276' title='bbox 628 2313 780 2380; x_wconf 67' lang='lat' dir='ltr'><strong>G&#39;allias</strong></span> <span class='ocrx_word' id='word_1_277' title='bbox 809 2340 953 2379; x_wconf 84' lang='lat' dir='ltr'><strong>abiisse</strong></span> <span class='ocrx_word' id='word_1_278' title='bbox 982 2347 1024 2379; x_wconf 89' lang='lat' dir='ltr'><strong>et</strong></span> <span class='ocrx_word' id='word_1_279' title='bbox 1041 2339 1165 2379; x_wconf 83' lang='lat' dir='ltr'><strong>alium</strong></span> <span class='ocrx_word' id='word_1_280' title='bbox 1182 2345 1429 2389; x_wconf 87' lang='lat' dir='ltr'><strong>amatorem,</strong></span> <span class='ocrx_word' id='word_1_281' title='bbox 1463 2339 1536 2392; x_wconf 91' lang='lat' dir='ltr'><strong>qui</strong></span> <span class='ocrx_word' id='word_1_282' title='bbox 1557 2340 1600 2378; x_wconf 84' lang='lat' dir='ltr'><strong>in</strong></span> 
     </span>
     <span class='ocr_line' id='line_1_33' title="bbox 63 2397 1601 2450; baseline 0 -13"><span class='ocrx_word' id='word_1_283' title='bbox 63 2397 202 2450; x_wconf 71' lang='lat' dir='ltr'><strong>aliquo</strong></span> <span class='ocrx_word' id='word_1_284' title='bbox 221 2399 407 2438; x_wconf 77' lang='lat' dir='ltr'><strong>exercitu</strong></span> <span class='ocrx_word' id='word_1_285' title='bbox 424 2398 477 2438; x_wconf 91' lang='lat' dir='ltr'><strong>ad</strong></span> <span class='ocrx_word' id='word_1_286' title='bbox 493 2398 686 2438; x_wconf 79' lang='lat' dir='ltr'><strong>Rhenum</strong></span> <span class='ocrx_word' id='word_1_287' title='bbox 712 2400 935 2449; x_wconf 85' lang='lat' dir='ltr'><strong>militabat,</strong></span> <span class='ocrx_word' id='word_1_288' title='bbox 967 2404 1141 2450; x_wconf 80' lang='lat' dir='ltr'><strong>sequuta</strong></span> <span class='ocrx_word' id='word_1_289' title='bbox 1166 2411 1251 2436; x_wconf 89' lang='lat' dir='ltr'><strong>esse</strong></span> <span class='ocrx_word' id='word_1_290' title='bbox 1266 2411 1422 2437; x_wconf 84' lang='lat' dir='ltr'><strong>memor</strong></span> <span class='ocrx_word' id='word_1_291' title='bbox 1424 2404 1531 2437; x_wconf 88' lang='lat' dir='ltr'><strong>atur.</strong></span> <span class='ocrx_word' id='word_1_292' title='bbox 1542 2420 1601 2427; x_wconf 88' lang='lat'>—</span> 
     </span>
     <span class='ocr_line' id='line_1_34' title="bbox 47 2430 1599 2511; baseline 0.001 -18"><span class='ocrx_word' id='word_1_293' title='bbox 47 2490 49 2492; x_wconf 94' lang='lat'><strong>.</strong></span> <span class='ocrx_word' id='word_1_294' title='bbox 70 2457 164 2495; x_wconf 63' lang='lat' dir='ltr'><strong>sta</strong></span> <span class='ocrx_word' id='word_1_295' title='bbox 179 2471 281 2496; x_wconf 80' lang='lat' dir='ltr'><strong>cum</strong></span> <span class='ocrx_word' id='word_1_296' title='bbox 295 2488 306 2506; x_wconf 91' lang='lat'>‚</span> <span class='ocrx_word' id='word_1_297' title='bbox 340 2459 533 2510; x_wconf 56' lang='lat' dir='ltr'><strong>Lyconi-2,</strong></span> <span class='ocrx_word' id='word_1_298' title='bbox 565 2460 723 2511; x_wconf 82' lang='lat' dir='ltr'><strong>Perque</strong></span> <span class='ocrx_word' id='word_1_299' title='bbox 740 2460 854 2497; x_wconf 81' lang='lat' dir='ltr'><strong>nives</strong></span> <span class='ocrx_word' id='word_1_300' title='bbox 874 2430 1008 2496; x_wconf 78' lang='lat' dir='ltr'><strong>alium</strong></span> <span class='ocrx_word' id='word_1_301' title='bbox 1025 2471 1176 2510; x_wconf 82' lang='lat' dir='ltr'><strong>perque</strong></span> <span class='ocrx_word' id='word_1_302' title='bbox 1195 2457 1359 2495; x_wconf 79' lang='lat' dir='ltr'><strong>hon-ida</strong></span> <span class='ocrx_word' id='word_1_303' title='bbox 1376 2465 1512 2495; x_wconf 80' lang='lat' dir='ltr'><strong>castra</strong></span> <span class='ocrx_word' id='word_1_304' title='bbox 1534 2471 1599 2494; x_wconf 79' lang='lat' dir='ltr'><strong>se—</strong></span> 
     </span>
     <span class='ocr_line' id='line_1_35' title="bbox 62 2515 1597 2568; baseline -0.001 -14"><span class='ocrx_word' id='word_1_305' title='bbox 62 2523 192 2567; x_wconf 65' lang='lat' dir='ltr'><strong>quana</strong></span> <span class='ocrx_word' id='word_1_306' title='bbox 218 2524 277 2554; x_wconf 82' lang='lat' dir='ltr'><strong>est</strong></span> <span class='ocrx_word' id='word_1_307' title='bbox 292 2537 352 2545; x_wconf 90' lang='lat'><strong>-—-</strong></span> <span class='ocrx_word' id='word_1_308' title='bbox 375 2518 442 2554; x_wconf 79' lang='lat' dir='ltr'><strong>Tu</strong></span> <span class='ocrx_word' id='word_1_309' title='bbox 458 2517 610 2567; x_wconf 83' lang='lat' dir='ltr'><strong>procul</strong></span> <span class='ocrx_word' id='word_1_310' title='bbox 643 2531 671 2554; x_wconf 85' lang='lat' dir='ltr'><strong>a</strong></span> <span class='ocrx_word' id='word_1_311' title='bbox 700 2518 844 2568; x_wconf 81' lang='lat' dir='ltr'><strong>patria</strong></span> <span class='ocrx_word' id='word_1_312' title='bbox 858 2547 871 2566; x_wconf 94' lang='lat'><strong>,</strong></span> <span class='ocrx_word' id='word_1_313' title='bbox 911 2531 984 2554; x_wconf 84' lang='lat' dir='ltr'><strong>nec</strong></span> <span class='ocrx_word' id='word_1_314' title='bbox 1014 2518 1069 2554; x_wconf 79' lang='lat' dir='ltr'><strong>sit</strong></span> <span class='ocrx_word' id='word_1_315' title='bbox 1093 2515 1197 2553; x_wconf 79' lang='lat' dir='ltr'><strong>mihi</strong></span> <span class='ocrx_word' id='word_1_316' title='bbox 1228 2515 1383 2554; x_wconf 81' lang='lat' dir='ltr'><strong>credere</strong></span> <span class='ocrx_word' id='word_1_317' title='bbox 1411 2516 1597 2553; x_wconf 81' lang='lat' dir='ltr'><strong>tantum!</strong></span> 
     </span>
     <span class='ocr_line' id='line_1_36' title="bbox 43 2573 1597 2627; baseline 0 -16"><span class='ocrx_word' id='word_1_318' title='bbox 43 2573 265 2624; x_wconf 42' lang='lat' dir='ltr'><strong>aspum,</strong></span> <span class='ocrx_word' id='word_1_319' title='bbox 304 2574 365 2612; x_wconf 71' lang='lat' dir='ltr'><strong>ab.</strong></span> <span class='ocrx_word' id='word_1_320' title='bbox 390 2574 522 2612; x_wconf 78' lang='lat' dir='ltr'><strong>dura!</strong></span> <span class='ocrx_word' id='word_1_321' title='bbox 562 2577 675 2614; x_wconf 65' lang='lat' dir='ltr'><strong>nives</strong></span> <span class='ocrx_word' id='word_1_322' title='bbox 704 2583 743 2612; x_wconf 82' lang='lat' dir='ltr'><strong>et</strong></span> <span class='ocrx_word' id='word_1_323' title='bbox 759 2574 930 2627; x_wconf 80' lang='lat' dir='ltr'><strong>frigora</strong></span> <span class='ocrx_word' id='word_1_324' title='bbox 957 2574 1094 2613; x_wconf 74' lang='lat' dir='ltr'><strong>Rhem</strong></span> <span class='ocrx_word' id='word_1_325' title='bbox 1123 2573 1201 2612; x_wconf 80' lang='lat' dir='ltr'><strong>Me</strong></span> <span class='ocrx_word' id='word_1_326' title='bbox 1242 2576 1329 2611; x_wconf 68' lang='lat' dir='ltr'><strong>sine</strong></span> <span class='ocrx_word' id='word_1_327' title='bbox 1356 2574 1445 2612; x_wconf 88' lang='lat' dir='ltr'><strong>sola</strong></span> <span class='ocrx_word' id='word_1_328' title='bbox 1473 2573 1597 2612; x_wconf 74' lang='lat' dir='ltr'><strong>vides.</strong></span> 
     </span>
     <span class='ocr_line' id='line_1_37' title="bbox 62 2629 1596 2686; baseline -0.001 -17"><span class='ocrx_word' id='word_1_329' title='bbox 62 2629 100 2668; x_wconf 72' lang='grc' dir='ltr'><strong>Α</strong></span> <span class='ocrx_word' id='word_1_330' title='bbox 119 2631 219 2670; x_wconf 81' lang='lat' dir='ltr'><strong>Iulio</strong></span> <span class='ocrx_word' id='word_1_331' title='bbox 240 2631 336 2670; x_wconf 87' lang='lat' dir='ltr'><strong>inde</strong></span> <span class='ocrx_word' id='word_1_332' title='bbox 358 2632 527 2671; x_wconf 86' lang='lat' dir='ltr'><strong>Caesare</strong></span> <span class='ocrx_word' id='word_1_333' title='bbox 548 2632 603 2672; x_wconf 88' lang='grc' dir='ltr'><strong>Μ.</strong></span> <span class='ocrx_word' id='word_1_334' title='bbox 631 2632 809 2685; x_wconf 78' lang='lat' dir='ltr'><strong>Agrippa</strong></span> <span class='ocrx_word' id='word_1_335' title='bbox 825 2634 982 2686; x_wconf 88' lang='lat' dir='ltr'><strong>primus</strong></span> <span class='ocrx_word' id='word_1_336' title='bbox 1007 2631 1085 2671; x_wconf 86' lang='lat' dir='ltr'><strong>fuit</strong></span> <span class='ocrx_word' id='word_1_337' title='bbox 1114 2644 1136 2670; x_wconf 89' lang='lat' dir='ltr'><strong>e</strong></span> <span class='ocrx_word' id='word_1_338' title='bbox 1152 2631 1367 2682; x_wconf 83' lang='lat' dir='ltr'><strong>Romanis,</strong></span> <span class='ocrx_word' id='word_1_339' title='bbox 1398 2631 1469 2683; x_wconf 85' lang='lat' dir='ltr'><strong>qui</strong></span> <span class='ocrx_word' id='word_1_340' title='bbox 1482 2630 1596 2670; x_wconf 80' lang='lat' dir='ltr'><strong>Rhe-</strong></span> 
     </span>
     <span class='ocr_line' id='line_1_38' title="bbox 63 2689 1594 2742; baseline -0.001 -15"><span class='ocrx_word' id='word_1_341' title='bbox 63 2702 164 2727; x_wconf 77' lang='lat' dir='ltr'><strong>num</strong></span> <span class='ocrx_word' id='word_1_342' title='bbox 185 2690 372 2741; x_wconf 86' lang='lat' dir='ltr'><strong>traiecit;</strong></span> <span class='ocrx_word' id='word_1_343' title='bbox 406 2690 531 2742; x_wconf 87' lang='lat' dir='ltr'><strong>idque</strong></span> <span class='ocrx_word' id='word_1_344' title='bbox 558 2691 676 2730; x_wconf 78' lang='lat' dir='ltr'><strong>initio</strong></span> <span class='ocrx_word' id='word_1_345' title='bbox 705 2690 828 2730; x_wconf 89' lang='lat' dir='ltr'><strong>huius</strong></span> <span class='ocrx_word' id='word_1_346' title='bbox 852 2691 950 2730; x_wconf 85' lang='lat' dir='ltr'><strong>anni</strong></span> <span class='ocrx_word' id='word_1_347' title='bbox 978 2691 1158 2739; x_wconf 84' lang='lat' dir='ltr'><strong>factum,</strong></span> <span class='ocrx_word' id='word_1_348' title='bbox 1198 2703 1281 2742; x_wconf 89' lang='lat' dir='ltr'><strong>quo</strong></span> <span class='ocrx_word' id='word_1_349' title='bbox 1314 2689 1491 2742; x_wconf 84' lang='lat' dir='ltr'><strong>Agrippa</strong></span> <span class='ocrx_word' id='word_1_350' title='bbox 1507 2690 1594 2727; x_wconf 88' lang='lat' dir='ltr'><strong>Cos.</strong></span> 
     </span>
     <span class='ocr_line' id='line_1_39' title="bbox 65 2748 1595 2800; baseline 0.001 -16"><span class='ocrx_word' id='word_1_351' title='bbox 65 2753 163 2785; x_wconf 71' lang='lat' dir='ltr'><strong>erat.</strong></span> <span class='ocrx_word' id='word_1_352' title='bbox 183 2748 268 2787; x_wconf 83' lang='lat' dir='ltr'><strong>vid.</strong></span> <span class='ocrx_word' id='word_1_353' title='bbox 289 2749 364 2787; x_wconf 84' lang='lat' dir='ltr'><strong>Dio</strong></span> <span class='ocrx_word' id='word_1_354' title='bbox 381 2749 558 2800; x_wconf 86' lang='lat' dir='ltr'><strong>XLVIII,</strong></span> <span class='ocrx_word' id='word_1_355' title='bbox 575 2748 646 2792; x_wconf 80' lang='lat'><strong>49.</strong></span> <span class='ocrx_word' id='word_1_356' title='bbox 674 2749 812 2788; x_wconf 83' lang='lat' dir='ltr'><strong>Vellei.</strong></span> <span class='ocrx_word' id='word_1_357' title='bbox 829 2750 879 2799; x_wconf 86' lang='lat' dir='ltr'><strong>II,</strong></span> <span class='ocrx_word' id='word_1_358' title='bbox 900 2752 970 2792; x_wconf 87' lang='lat'><strong>79.</strong></span> <span class='ocrx_word' id='word_1_359' title='bbox 1027 2749 1120 2787; x_wconf 84' lang='lat' dir='ltr'><strong>Ubii</strong></span> <span class='ocrx_word' id='word_1_360' title='bbox 1137 2754 1226 2787; x_wconf 78' lang='lat' dir='ltr'><strong>tum</strong></span> <span class='ocrx_word' id='word_1_361' title='bbox 1243 2763 1267 2787; x_wconf 90' lang='lat' dir='ltr'><strong>a</strong></span> <span class='ocrx_word' id='word_1_362' title='bbox 1286 2748 1429 2787; x_wconf 83' lang='lat' dir='ltr'><strong>Suevis</strong></span> <span class='ocrx_word' id='word_1_363' title='bbox 1443 2748 1595 2796; x_wconf 82' lang='lat' dir='ltr'><strong>vexati,</strong></span> 
     </span>
     <span class='ocr_line' id='line_1_40' title="bbox 64 2803 1594 2860; baseline 0.001 -19"><span class='ocrx_word' id='word_1_364' title='bbox 64 2804 116 2842; x_wconf 77' lang='lat' dir='ltr'><strong>ab</strong></span> <span class='ocrx_word' id='word_1_365' title='bbox 134 2803 310 2858; x_wconf 58' lang='lat' dir='ltr'><strong>Affippa</strong></span> <span class='ocrx_word' id='word_1_366' title='bbox 336 2807 379 2845; x_wconf 84' lang='lat' dir='ltr'><strong>in</strong></span> <span class='ocrx_word' id='word_1_367' title='bbox 404 2807 529 2846; x_wconf 86' lang='lat' dir='ltr'><strong>fidem</strong></span> <span class='ocrx_word' id='word_1_368' title='bbox 556 2807 732 2860; x_wconf 81' lang='lat' dir='ltr'><strong>recepti,</strong></span> <span class='ocrx_word' id='word_1_369' title='bbox 771 2809 814 2846; x_wconf 89' lang='lat' dir='ltr'><strong>in</strong></span> <span class='ocrx_word' id='word_1_370' title='bbox 843 2807 1054 2847; x_wconf 83' lang='lat' dir='ltr'><strong>coloniam</strong></span> <span class='ocrx_word' id='word_1_371' title='bbox 1083 2807 1413 2860; x_wconf 85' lang='lat' dir='ltr'><strong>Agrippinensem</strong></span> <span class='ocrx_word' id='word_1_372' title='bbox 1444 2807 1594 2858; x_wconf 86' lang='lat' dir='ltr'><strong>depor-</strong></span> 
     </span>
     <span class='ocr_line' id='line_1_41' title="bbox 63 2862 1592 2917; baseline 0.001 -17"><span class='ocrx_word' id='word_1_373' title='bbox 63 2862 158 2900; x_wconf 79' lang='lat' dir='ltr'><strong>tati:</strong></span> <span class='ocrx_word' id='word_1_374' title='bbox 195 2863 289 2903; x_wconf 75' lang='lat' dir='ltr'><strong>Tac.</strong></span> <span class='ocrx_word' id='word_1_375' title='bbox 315 2864 421 2904; x_wconf 71' lang='lat' dir='ltr'><strong>Anu.</strong></span> <span class='ocrx_word' id='word_1_376' title='bbox 454 2865 546 2914; x_wconf 81' lang='lat' dir='ltr'><strong>XII,</strong></span> <span class='ocrx_word' id='word_1_377' title='bbox 573 2869 642 2909; x_wconf 84' lang='lat'><strong>27.</strong></span> <span class='ocrx_word' id='word_1_378' title='bbox 676 2867 813 2905; x_wconf 83' lang='lat' dir='ltr'><strong>Germ.</strong></span> <span class='ocrx_word' id='word_1_379' title='bbox 840 2868 912 2908; x_wconf 80' lang='grc'><strong>28.</strong></span> <span class='ocrx_word' id='word_1_380' title='bbox 970 2865 1070 2905; x_wconf 77' lang='lat' dir='ltr'><strong>Mox</strong></span> <span class='ocrx_word' id='word_1_381' title='bbox 1098 2865 1226 2915; x_wconf 84' lang='lat' dir='ltr'><strong>enim,</strong></span> <span class='ocrx_word' id='word_1_382' title='bbox 1255 2865 1337 2904; x_wconf 86' lang='lat' dir='ltr'><strong>hoc</strong></span> <span class='ocrx_word' id='word_1_383' title='bbox 1364 2865 1450 2917; x_wconf 88' lang='lat' dir='ltr'><strong>ipso</strong></span> <span class='ocrx_word' id='word_1_384' title='bbox 1474 2877 1592 2911; x_wconf 85' lang='lat' dir='ltr'><strong>ann0,</strong></span> 
     </span>
     <span class='ocr_line' id='line_1_42' title="bbox 64 2920 1591 2978; baseline 0 -20"><span class='ocrx_word' id='word_1_385' title='bbox 64 2934 88 2958; x_wconf 92' lang='lat' dir='ltr'><strong>a</strong></span> <span class='ocrx_word' id='word_1_386' title='bbox 120 2920 289 2959; x_wconf 84' lang='lat' dir='ltr'><strong>Caesare</strong></span> <span class='ocrx_word' id='word_1_387' title='bbox 310 2923 355 2961; x_wconf 81' lang='lat' dir='ltr'><strong>in</strong></span> <span class='ocrx_word' id='word_1_388' title='bbox 383 2924 542 2963; x_wconf 83' lang='lat' dir='ltr'><strong>Italiam</strong></span> <span class='ocrx_word' id='word_1_389' title='bbox 571 2931 763 2964; x_wconf 83' lang='lat' dir='ltr'><strong>evocatus</strong></span> <span class='ocrx_word' id='word_1_390' title='bbox 794 2924 991 2978; x_wconf 79' lang='lat' dir='ltr'><strong>Agrippa,</strong></span> <span class='ocrx_word' id='word_1_391' title='bbox 1031 2924 1226 2976; x_wconf 87' lang='lat' dir='ltr'><strong>classique</strong></span> <span class='ocrx_word' id='word_1_392' title='bbox 1258 2923 1454 2962; x_wconf 86' lang='lat' dir='ltr'><strong>adversus</strong></span> <span class='ocrx_word' id='word_1_393' title='bbox 1482 2924 1591 2959; x_wconf 75' lang='lat' dir='ltr'><strong>Sext.</strong></span> 
     </span>
     <span class='ocr_line' id='line_1_43' title="bbox 63 2979 1593 3035; baseline -0.001 -18"><span class='ocrx_word' id='word_1_394' title='bbox 63 2979 298 3032; x_wconf 85' lang='lat' dir='ltr'><strong>Pompeium</strong></span> <span class='ocrx_word' id='word_1_395' title='bbox 326 2981 582 3021; x_wconf 76' lang='lat' dir='ltr'><strong>fabricandae</strong></span> <span class='ocrx_word' id='word_1_396' title='bbox 608 2983 937 3035; x_wconf 80' lang='lat' dir='ltr'><strong>exercendaeque</strong></span> <span class='ocrx_word' id='word_1_397' title='bbox 965 2983 1193 3035; x_wconf 80' lang='lat' dir='ltr'><strong>praefectus</strong></span> <span class='ocrx_word' id='word_1_398' title='bbox 1216 2988 1288 3019; x_wconf 87' lang='lat' dir='ltr'><strong>est.</strong></span> <span class='ocrx_word' id='word_1_399' title='bbox 1347 2980 1477 3022; x_wconf 84' lang='lat' dir='ltr'><strong>Possit</strong></span> <span class='ocrx_word' id='word_1_400' title='bbox 1500 2979 1593 3030; x_wconf 86' lang='lat' dir='ltr'><strong>qui-</strong></span> 
     </span>
    </p>
   </div>
  </div>
 </body>
</html>
