1768 3320
193 224 296 272 268
701 221 1214 273 PROOEMIUM

192 365 250 398 se
280 347 471 397 sentiat
497 364 660 414 quam
690 347 968 399 delectari:
1005 358 1066 399 ut
1093 367 1206 400 non
1232 366 1424 416 magna
1450 352 1612 402 animi
1638 353 1720 402 in-

190 418 438 469 tentione
459 416 527 467 ad
550 419 992 483 cognoscendum
1015 436 1151 487 opus
1175 421 1265 485 sit,
1295 421 1391 474 sed
1412 431 1473 472 ut
1495 423 1617 472 satis
1638 424 1718 487 sit,

190 487 362 539 modo
384 489 593 538 animus
615 489 939 555 recipiendis
960 490 1279 556 impulsibus
1298 492 1563 542 variarum
1586 493 1719 555 imass

189 560 380 625 ginum
403 559 882 626 sensationumque
903 569 1104 626 pateat3
1133 570 1194 610 ut
1215 571 1500 629 praecepta
1526 572 1578 612 et
1596 580 1719 613 sen-

188 629 388 680 tentiae
414 629 562 696 quasi
590 646 820 695 corpore
848 629 1026 696 aliquo
1051 630 1302 681 inductae
1323 632 1567 682 sensibus
1591 634 1716 683 sub-

188 701 358 750 iectae
395 708 518 749 ante
561 699 747 749 oculos
789 700 1045 749 incedere
1088 700 1401 768 palparique
1437 719 1599 769 posse
1640 704 1718 754 vi-

190 770 442 834 deantur,
476 778 646 837 utque
665 810 678 834 ,
727 769 860 819 dum
882 770 937 819 in
970 787 1155 820 rerum
1182 771 1294 837 ipsa
1319 773 1633 823 tractatione
1666 783 1719 824 et

186 858 288 892 usu
311 840 508 891 versari
529 850 583 890 te
610 840 899 904 existimeS,
937 840 1051 890 sine
1080 841 1230 890 omni
1252 840 1524 908 molestia,
1560 853 1717 911 putes

186 920 242 961 te
266 911 582 961 adsuescere
604 911 784 977 potius
809 910 972 960 rebus
998 911 1215 975 agendis
1244 929 1407 979 quam
1435 912 1715 967 discendis,

185 984 300 1032 Iam
331 998 417 1032 res
446 980 577 1030 aliae
605 980 830 1030 naturali
860 980 1033 1048 aliqua
1069 998 1166 1031 seu
1196 981 1451 1047 dignitate
1475 1000 1572 1034 seu
1597 994 1717 1035 sua-

185 1052 345 1102 vitate
377 1069 434 1101 se
464 1051 876 1116 commendant,
923 1051 979 1101 in
1010 1052 1206 1119 quibus
1238 1062 1434 1120 poetae
1463 1055 1570 1104 iam
1594 1056 1715 1105 satis

183 1131 363 1190 parata
386 1122 523 1186 laus,
551 1121 725 1171 modo
750 1139 821 1171 ne
847 1138 933 1171 eas
958 1122 1201 1172 oratione
1228 1123 1462 1187 deterat3
1500 1123 1714 1192 sufficit,

183 1202 244 1243 ut
265 1201 487 1260 aequet;
516 1193 597 1242 sin
619 1191 914 1259 amplificet
936 1201 989 1242 et
1008 1202 1219 1258 augeat,
1246 1193 1302 1243 id
1322 1211 1451 1245 vero
1476 1195 1543 1245 ad
1563 1205 1712 1246 tanto

182 1264 450 1313 maiorem
478 1263 679 1329 ingenii
709 1262 1248 1314 commendationem
1279 1263 1458 1316 facere
1492 1283 1712 1318 necesse

185 1343 287 1385 est:
337 1333 465 1383 aliae
495 1343 676 1384 autem
703 1350 790 1383 res
827 1342 917 1383 aut
950 1341 1138 1384 natura
1164 1351 1255 1385 sua
1279 1344 1471 1386 tenues
1497 1346 1550 1386 et
1578 1338 1712 1387 ieiu-

182 1421 308 1468 nae,
366 1412 455 1454 aut
494 1405 754 1471 opinione
789 1403 1051 1469 humiles,
1102 1414 1155 1454 et
1187 1404 1339 1456 nullo
1377 1423 1474 1456 suo
1513 1406 1712 1458 decore

181 1475 459 1540 insignitae
484 1484 632 1536 sunt3
674 1491 803 1542 quas
828 1475 870 1523 si
898 1484 1060 1541 poeta
1087 1492 1211 1525 cum
1238 1493 1339 1543 per
1361 1493 1418 1526 se
1446 1486 1594 1543 grato
1620 1478 1711 1528 ali-

183 1562 293 1613 quo
329 1545 517 1595 habitu
549 1545 802 1610 induere,
846 1554 966 1595 tum
1004 1554 1343 1596 externarum
1371 1564 1581 1612 rerum,
1628 1549 1711 1598 in-

179 1617 368 1683 primis
401 1615 824 1681 digressionum,
860 1616 1056 1665 virtute
1085 1617 1205 1666 satis
1236 1634 1428 1668 ornare
1455 1620 1709 1686 potuerit,

180 1687 237 1736 in
265 1703 330 1736 eo
363 1703 490 1736 vero
514 1703 784 1736 summam
812 1686 1057 1752 poeticae
1082 1685 1342 1737 facultatis
1372 1697 1425 1738 et
1447 1690 1569 1739 artis
1596 1689 1709 1740 lau-

182 1756 311 1806 dem
337 1757 696 1823 consequitur.
766 1757 1174 1821 Digressionum
1204 1758 1384 1825 itaque
1414 1759 1481 1809 ad
1511 1776 1705 1810 ornan-

182 1826 314 1876 dum
350 1826 666 1877 huiusmodi
701 1843 917 1876 carmen
955 1828 1198 1893 inprimis
1236 1844 1428 1893 magna
1465 1830 1577 1880 laus
1613 1830 1708 1880 ha-

179 1897 359 1947 benda
384 1904 449 1962 *).
521 1900 583 1947 In
618 1898 679 1947 iis
714 1907 895 1947 autem
918 1897 1122 1961 Virgilii
1157 1898 1434 1963 ingenium
1463 1901 1707 1967 inprimis

182 1967 530 2018 commendat
557 1967 686 2031 hoc,
727 1967 877 2035 quod
907 1967 1129 2017 consilio
1164 1977 1217 2017 et
1247 1980 1566 2034 argumento
1595 1989 1707 2021 car-

178 2039 339 2087 minis
367 2055 460 2088 eae
491 2047 543 2087 et
571 2038 769 2088 dilectu
799 2047 852 2087 et
882 2047 1075 2088 ornatu
1101 2040 1539 2091 accommodatae
1567 2051 1704 2094 sunt.

177 2111 271 2159 Est
302 2109 490 2175 utique
516 2109 571 2157 in
597 2109 658 2158 iis
682 2108 954 2158 liberalior
986 2118 1435 2160 ornamentorum
1467 2113 1703 2177 materia,

178 2179 462 2246 maiorque
482 2178 758 2246 splendor,
780 2196 880 2245 pro
902 2178 1088 2228 indole
1114 2188 1295 2229 tamen
1314 2190 1367 2230 et
1384 2191 1570 2231 natura
1588 2199 1704 2232 car-

176 2249 361 2310 minis3
392 2266 472 2298 ars
496 2266 716 2317 quoque
745 2248 970 2299 mirifica
992 2250 1047 2298 in
1072 2250 1316 2300 iunctura
1333 2251 1533 2303 horum
1553 2252 1703 2303 1060-

176 2336 300 2368 rum
331 2328 383 2368 et
409 2320 463 2368 in
488 2320 712 2369 transitu
736 2320 1026 2386 redituque
1053 2337 1080 2368 a
1106 2319 1435 2385 digressione
1459 2323 1526 2373 ad
1548 2341 1703 2390 prae-

178 2390 510 2455 ceptionem3
538 2407 704 2456 porro
725 2391 779 2439 in
799 2390 1165 2457 praecipiendi
1185 2389 1431 2442 formulis
1450 2392 1702 2443 mirifica-

178 2476 284 2527 que
306 2477 491 2509 earum
507 2461 783 2526 varietate,
814 2477 977 2527 quam
1001 2476 1193 2526 magna
1221 2479 1281 2511 ex
1299 2472 1451 2529 parte
1462 2466 1623 2513 Arato
1650 2473 1702 2514 et

220 2623 248 2668 ⁸)
259 2623 504 2668 Reprehendit
521 2624 622 2658 etiam
642 2624 718 2668 has,
739 2634 773 2660 et
785 2633 905 2659 trans-
963 2636 1048 2658 vero
1073 2623 1237 2669 poeticae
1260 2637 1322 2659 seu
1342 2626 1427 2660 artis
1452 2639 1514 2660 seu
1533 2627 1700 2662 scientiae

172 2670 242 2704 itus
259 2671 304 2703 ad
321 2683 378 2704 eas
392 2678 571 2716 tamquam
591 2684 714 2716 parum
728 2680 905 2718 opportu-
962 2683 1102 2704 sensum
1134 2671 1169 2703 in
1196 2671 1265 2705 hoc
1287 2672 1436 2718 aliisque
1462 2674 1601 2708 iudiciis
1633 2676 1701 2709 ad-

172 2730 251 2760 nos,
268 2719 414 2751 Homius
426 2719 559 2764 (Essay
579 2717 809 2764 ofCriticism
828 2732 904 2763 cap.
964 2718 1124 2750 hibuisse
1144 2717 1293 2753 videtur.
1343 2721 1542 2766 Disputavit
1572 2722 1700 2755 adver-

175 2767 192 2800 1
214 2765 329 2809 extu).
355 2766 426 2799 Sed
448 2765 607 2798 confudit
622 2765 686 2799 Vir
705 2767 758 2799 Ill.
776 2778 906 2811 genera
964 2777 1021 2798 sus
1052 2777 1128 2798 eum
1154 2766 1324 2808 perdocte
1353 2770 1407 2802 Io.
1428 2770 1504 2801 Iac.
1525 2770 1699 2811 Netzleer,

173 2812 343 2847 orationis
370 2819 406 2846 et
436 2811 638 2856 scriptionis
664 2812 757 2846 inter
782 2826 819 2846 se
846 2812 905 2845 di-
964 2812 1060 2845 Prof.
1079 2812 1259 2856 Gymnasii
1273 2814 1527 2858 Thorunensis‚
1543 2816 1580 2849 in
1592 2817 1699 2849 Com—

170 2858 387 2901 versissima‚
421 2859 680 2903 maioremque,
716 2872 817 2905 quam
838 2871 904 2904 pro
963 2858 1180 2892 mentatione
1199 2860 1244 2893 de
1265 2863 1530 2909 Georgicorum
1552 2864 1701 2910 Virgilii

171 2905 312 2951 poetica
330 2906 481 2949 ratione,
504 2905 746 2950 subtilitatem,
775 2906 906 2941 nullum
965 2905 1088 2939 lucido
1109 2905 1247 2940 ordine.
