1768 3320
179 252 283 301 218

504 249 558 298 Ρ.
606 247 965 298 VIRGILII
1010 244 1375 296 MARONIS

177 375 369 428 Ducite
397 374 462 425 ab
492 375 630 426 urbe
664 375 919 437 domum,
956 387 1078 421 mea
1104 372 1359 437 carmina,
1399 370 1578 423 ducite
1601 375 1706 424 Da-

970 441 1178 508 phnim.
1638 449 1705 497 90

178 519 283 567 Has
305 514 435 565 olim
458 516 664 565 exuvias
690 513 824 564 mihi
852 511 1096 579 perfidus
1115 511 1205 561 ille
1224 511 1455 579 reliquit,

177 587 409 651 Pignora
433 603 547 635 cara
568 586 669 635 sui:
709 601 844 651 quae
867 598 1012 631 nunc
1039 597 1139 647 ego
1166 581 1353 632 limine
1376 583 1430 631 in
1454 583 1587 649 ipso,

180 660 373 721 Terra,
402 657 498 705 tibi
523 654 755 716 11131111ος
795 653 1000 703 debent
1020 651 1154 702 11360
1172 653 1399 719 pignora
1419 653 1705 719 Daphnim.

177 727 369 778 Ducite
401 727 465 776 ab
493 726 629 776 urbe
663 725 918 787 domum,
955 739 1078 772 mea
1107 724 1364 788 0311111113,
1403 722 1582 774 ducite
1601 726 1705 774 Da-

970 793 1177 860 phnim.

177 870 282 918 Has
302 867 495 917 herbas
521 875 680 933 atque
707 863 841 913 haec
862 867 1041 914 Ponto
1065 863 1200 913 mihi
1221 862 1358 912 lecta
1375 879 1585 913 venena
1639 865 1706 916 95

177 941 300 1005 Ipse
323 937 472 987 dedit
491 936 711 986 Moeris:
749 943 1041 984 nascuntur
1066 934 1296 1001 plurima
1314 936 1513 984 Ponto:

176 1009 270 1058 His
296 1023 395 1072 ego
419 1023 577 1072 saepe
597 1005 789 1071 lupum
810 1003 956 1070 fieri,
996 1013 1049 1054 et
1071 1021 1128 1054 se
1154 1003 1392 1054 condere
1414 1003 1553 1054 silvis

176 1078 433 1142 Moerim,
471 1093 628 1142 saepe
653 1075 854 1125 animas
876 1075 995 1125 imis
1015 1075 1186 1125 excire
1209 1073 1480 1141 sepulcris,

177 1152 352 1215 Atque
379 1156 511 1196 satas
535 1145 637 1196 alio
661 1145 770 1195 vidi
790 1145 1073 1196 traducere
1094 1146 1296 1195 messis.

175 1219 366 1270 Ducite
398 1217 462 1268 ab
490 1217 628 1266 urbe
656 1216 911 1281 domum,
948 1232 1071 1265 mea
1101 1216 1360 1279 carmina,
1400 1213 1579 1264 ducite
1600 1215 1705 1264 Da-

968 1286 1175 1353 phnim.
1606 1289 1705 1335 100

175 1361 279 1408 Fer
306 1359 535 1421 01116165,
572 1355 850 1421 Amarylli,
888 1355 1058 1420 foraS‚
1093 1358 1319 1423 rivoque
1339 1352 1531 1404 fluenti

246 1457 326 1504 90.
364 1457 444 1503 93.
483 1454 563 1502 94.
600 1454 849 1502 DAPHNIN
931 1453 1011 1502 95.
1048 1465 1281 1515 HERBAS,
1323 1462 1550 1513 VENENA,
1623 1452 1704 1500 98.

312 1525 536 1571 MOERIN

621 1527 734 1572 100.
769 1524 1018 1572 DAPHNIN

221 1652 269 1686 92
295 1651 461 1697 Pignera
477 1650 559 1683 duo.
583 1650 654 1683 vid.
675 1651 792 1684 Burm.
840 1651 954 1684 limite
975 1649 1084 1684 Goth.
1106 1661 1176 1683 sec.
1226 1648 1287 1694 (—
1309 1648 1367 1684 95.
1392 1648 1505 1692 Iunge
1528 1646 1617 1680 milzi
1637 1645 1706 1680 de—

175 1698 247 1738 dit3
284 1697 440 1742 Heynius
469 1696 504 1729 in
534 1697 602 1730 fine
630 1710 750 1731 versus
772 1697 1050 1742 interpunxerat.
1093 1696 1189 1738 Wr.)

177 1745 366 1792 (pluruma
388 1751 442 1777 est
461 1743 561 1788 prior
581 1745 688 1778 lectio
709 1745 841 1779 Medic.
872 1745 967 1789 Wr.)
981 1771 989 1787 ,
1014 1747 1054 1777 ut
1073 1755 1255 1785 maxuma,
1281 1755 1302 1776 a
1322 1755 1367 1775 m.
1385 1754 1439 1787 pr.

1297 1696 1344 1732 96
1366 1695 1546 1743 pluruma
1573 1693 1704 1727 Medic.

1520 1741 1567 1776 98
1594 1742 1705 1775 Moe-

177 1793 245 1825 rim
266 1791 337 1824 alii.
362 1791 411 1836 (in
434 1791 558 1836 quibus
575 1792 723 1834 Medic.;
758 1800 792 1826 et
810 1792 860 1826 sic
883 1792 990 1826 edidi.
1022 1792 1117 1836 Wr.)
1154 1803 1186 1824 v.
1206 1790 1251 1824 ad
1271 1791 1313 1832 11,
1333 1791 1390 1825 26.
1439 1790 1597 1823 Moerim
1615 1796 1652 1821 et
1675 1800 1704 1822 s.

176 1838 312 1872 zulich.
338 1840 552 1884 animasque
566 1840 730 1874 Parrhas.
756 1841 856 1874 exire
874 1839 984 1874 Goth.
1002 1851 1073 1873 sec.
1092 1838 1148 1872 ed.
1162 1836 1311 1872 Mediol.
1333 1834 1426 1873 1474
1444 1848 1521 1870 cum
1538 1835 1617 1869 aliis
1637 1847 1704 1870 an-

175 1885 280 1931 tiquis
293 1899 301 1926 3
325 1885 378 1918 uti
397 1897 559 1930 auguror.

178 1991 340 2031 omnino
359 1991 644 2044 pulcerrimus3
666 1993 709 2032 in
732 2007 811 2046 quo
825 1993 916 2033 Va->

176 2051 284 2089 rium
314 2051 509 2102 expressit
538 2057 697 2101 noster,
738 2052 910 2090 docente

174 2108 353 2148 Macrob.
387 2109 469 2147 Sat.
488 2109 554 2158 VI,
589 2123 621 2148 0.
644 2113 682 2152 2.
741 2111 910 2149 Dixerat

175 2167 242 2205 ille
272 2165 321 2203 de
352 2179 448 2204 cane
477 2180 619 2206 cervae
645 2169 821 2220 vestigiis
842 2169 909 2207 in-

176 2224 361 2262 sistente:
396 2226 498 2262 Νοη
523 2240 661 2264 amnes
685 2227 803 2264 illam
823 2242 910 2264 me—

176 2283 237 2320 dii
249 2312 259 2331 ‚
293 2296 373 2319 non
388 2282 519 2320 ardua
543 2285 717 2335 tardant,
742 2286 910 2323 Perdita

176 2355 247 2378 nec
267 2354 377 2378 serae
396 2342 576 2379 meminit
592 2343 775 2381 decedere
790 2345 908 2381 noc-li.

176 2398 248 2437 Est
266 2398 526 2436 Homericum
555 2397 806 2454 πειθώμεθα
832 2417 909 2442 νυ-

175 2455 252 2506 κτὶ,
276 2462 325 2494 ut
345 2455 489 2508 Odyss.
510 2473 549 2509 μ,
571 2461 667 2499 291.
698 2473 773 2498 nec
794 2460 909 2510 bene,

175 2520 291 2567 puto,
307 2513 508 2564 redditur,
530 2516 581 2553 ad
594 2530 722 2555 seram
737 2524 908 2558 noctem.

235 2575 302 2614 91.
335 2571 542 2610 Simillima
561 2573 661 2612 11360
678 2577 801 2614 530115
819 2590 909 2614 1113-

175 2630 269 2683 gicis
290 2643 313 2667 a
336 2629 493 2667 Didone
513 2631 710 2671 institutis
731 2634 828 2673 Aen.
841 2635 908 2684 IV,

175 2688 260 2731 495
279 2701 336 2739 sq.
378 2690 445 2729 93.
458 2689 595 2727 debent
615 2691 715 2728 haec
727 2694 908 2744 pignora

175 2748 233 2786 D.
264 2751 452 2799 expectat
479 2745 558 2784 hoc
585 2762 607 2784 a
639 2748 802 2787 defossis
833 2750 907 2788 sub

174 2804 311 2844 limine
338 2803 539 2854 vestibus,
578 2811 625 2843 ut
657 2806 709 2843 ad
738 2820 802 2844 eas
826 2808 907 2845 Da-

174 2862 294 2916 phnis
323 2861 389 2901 vel
416 2861 571 2900 invitus
602 2863 838 2903 retrahatur
868 2872 909 2904 ct

173 2921 308 2960 redire
335 2926 514 2972 cogatur.
572 2921 758 2960 variavit
775 2922 909 2961 Theo-

175 2980 343 3019 criteam
367 2978 568 3017 rationem
596 2979 622 3018 l.
644 2979 670 3018 l.
690 2994 730 3018 v.
750 2981 816 3022 53.
841 2980 908 3022 54.

177 3038 244 3081 59.
266 3040 332 3080 60.
364 3038 540 3076 Liminis
563 3043 697 3076 autem
722 3038 909 3076 sollennis

966 1993 1120 2033 mentio
1136 1992 1181 2032 in
1197 1991 1355 2046 poetica
1375 1989 1559 2030 oratione
1570 2020 1581 2040 ‚
1611 2003 1704 2029 cum

969 2058 1041 2091 aut
1060 2051 1339 2090 admittuntur
1357 2055 1430 2088 aut
1451 2048 1613 2087 admitti
1629 2062 1704 2087 cu-

967 2111 1099 2164 piunt,
1120 2116 1192 2148 aut
1212 2108 1490 2147 excluduntur
1511 2112 1702 2146 amantes.

1028 2169 1095 2211 95.
1126 2168 1247 2206 Lecta
1261 2167 1304 2206 in
1320 2167 1472 2216 Ponto,
1500 2179 1611 2204 nunc
1626 2179 1703 2218 pro

968 2227 1172 2277 Colchide,
1185 2239 1342 2265 venena
1354 2224 1702 2274 commendantur,

969 2286 1063 2338 quja
1089 2285 1232 2324 Medea
1257 2285 1304 2323 iis
1327 2298 1400 2322 usa
1430 2288 1528 2322 erat.
1589 2280 1704 2336 (Has

967 2345 1007 2383 Ιι.
1036 2352 1157 2396 atque
1193 2343 1235 2381 h.
1279 2357 1454 2391 venena,
1505 2341 1533 2379 i.
1565 2352 1598 2379 e.
1628 2339 1703 2379 has

967 2402 1114 2442 herbas
1157 2407 1397 2451 venenatas3
1445 2399 1529 2439 vid.
1568 2398 1619 2447 Q.
1653 2398 1702 2438 V.

968 2459 1160 2510 XXXIII,
1178 2459 1217 2501 4.
1253 2461 1324 2499 JV
1317 2457 1365 2512 r.)
1425 2457 1579 2510 Magica
1599 2470 1703 2508 quae

968 2524 1197 2570 sequuntur
1223 2517 1419 2555 miracula
1450 2515 1570 2555 nimis
1602 2522 1703 2554 nota

967 2583 1075 2627 sunt,
1107 2590 1228 2628 quam
1247 2582 1296 2613 ut
1319 2574 1460 2625 aliquis
1478 2574 1521 2612 in
1537 2573 1584 2612 iis
1600 2573 1703 2611 hae-

965 2642 1066 2674 reat.
1108 2635 1156 2673 cf.
1177 2634 1327 2683 cerda,
1358 2639 1398 2670 et
1422 2631 1561 2670 laudd.
1586 2631 1638 2670 ad
1661 2645 1700 2671 v.

968 2696 1034 2736 69.
1079 2690 1190 2746 (Ipse
1208 2694 1288 2741 M„
1311 2690 1394 2730 vid.
1418 2690 1468 2739 Q.
1490 2691 1536 2730 V.
1557 2689 1701 2740 XVIII,

966 2755 1015 2801 2,
1039 2751 1064 2789 i.
1098 2772 1157 2779 —
1197 2750 1253 2787 De
1283 2763 1341 2788 vs.
1371 2751 1439 2791 97.
1467 2748 1551 2787 vid.
1578 2748 1629 2797 Q.
1652 2748 1699 2787 V.

965 2808 1175 2858 XXXIIH,
1195 2812 1233 2851 3.
1246 2831 1304 2837 —
1325 2810 1392 2849 99.
1411 2815 1524 2845 satas
1542 2820 1700 2855 messes,

966 2868 991 2906 i.
1022 2881 1055 2906 e.
1093 2873 1182 2905 sata
1220 2866 1264 2905 in
1301 2866 1480 2904 suturam
1519 2877 1699 2903 messem.

972 2927 1043 2965 W
1036 2923 1091 2979 r.)

1029 2986 1124 3024 101.
1162 2981 1325 3020 Novum
1362 2986 1404 3018 et
1436 2979 1701 3019 fortissimum

968 3046 1129 3092 praeter
1157 3045 1291 3079 cetera
1318 3037 1604 3078 incantationis
1630 3049 1700 3089 ge-
