1768 3320
205 196 311 231 xxx
607 176 709 226 EX
747 165 1331 223 PRAEFATIONE

209 323 428 374 semper
444 302 632 365 habui,
668 310 729 351 ut
749 296 1063 351 refellendis
1091 304 1179 345 aut
1203 289 1476 343 elevandis
1502 287 1737 338 aliorum
1764 286 1768 307 ³

212 379 365 430 dictis
414 374 689 439 indignam
738 380 790 422 et
830 367 1121 436 ignobilem
1168 364 1398 430 gloriam
1447 368 1736 427 captarem.

173 459 178 464 ’
209 449 385 502 Multo
415 445 582 510 magis
613 442 866 494 abhorrui
902 458 929 489 a
960 436 1127 488 foedo
1163 435 1256 485 illo
1287 448 1476 496 more,
1524 430 1739 481 cavilla-

212 522 388 570 tiones
413 514 658 566 scurriles
678 523 730 563 et
756 508 1139 562 contumeliosa
1171 506 1307 556 dicta
1333 505 1389 554 in
1416 502 1549 553 alios
1573 500 1738 552 laude
1760 503 1763 506 ’

214 608 312 641 seu
344 588 534 638 merita
562 602 657 635 seu
687 582 950 634 immerita
984 587 1199 629 ornatos
1234 574 1487 638 iaciendi,
1527 581 1641 638 aut,
1677 580 1740 622 ut

214 660 438 721 habeaS,
477 673 585 724 quo
620 672 711 705 eos
741 653 989 718 exagiteS,
1029 649 1165 699 dicta
1198 648 1263 698 ab
1287 649 1348 697 iis
1382 643 1738 712 impudenter

219 727 587 781 calumniandi.
645 728 839 777 Contra
863 731 1071 788 gratum
1095 719 1228 769 mihi
1251 728 1305 769 et
1328 715 1632 768 iucundum
1656 715 1740 765 in-

216 815 497 868 genuaque
529 796 713 847 indole
747 796 966 860 dignum
999 792 1171 841 visum
1203 799 1309 855 est,
1357 786 1607 856 profiteri
1638 802 1742 854 per

219 888 354 940 quos
394 867 766 937 profecissem3
803 881 1003 931 meque
1036 862 1265 913 meliora
1304 859 1526 911 edoceri
1561 875 1590 908 a
1619 873 1741 908 me-

218 942 440 992 lioribus
468 948 624 1006 atque
658 938 815 987 etiam
846 934 1048 996 refelli,
1088 934 1269 982 animo
1297 947 1474 999 aequo
1499 928 1647 994 fero,
1688 936 1743 978 et

217 1029 346 1062 vero
373 1012 528 1061 etiam
554 1008 733 1060 laetor.
807 1003 1289 1070 Quemadmodum
1309 1012 1521 1067 tamen,
1558 1000 1741 1050 minus

217 1093 361 1133 recte
396 1080 593 1147 aliquid
626 1079 826 1129 dictum
852 1094 986 1137 esse,
1013 1074 1180 1125 -facile
1209 1074 1488 1124 interdum
1517 1081 1597 1122 est
1627 1071 1742 1121 ani-

216 1153 577 1212 madvertere3
637 1167 737 1218 qua
769 1158 948 1198 tamen
978 1148 1031 1197 in
1068 1164 1127 1196 re
1163 1146 1360 1196 erroris
1388 1151 1742 1195 momentum

219 1224 389 1285 lateat,
429 1221 627 1284 dicere,
668 1230 718 1270 et
743 1219 965 1269 nebulas
988 1218 1188 1268 erroris
1218 1217 1456 1268 obiectas
1475 1216 1592 1265 sine
1617 1213 1742 1263 lon-

217 1311 279 1360 ga
316 1293 692 1362 disputatione,
733 1291 1037 1358 dispellere,
1080 1287 1304 1339 difficile
1343 1296 1444 1339 est:
1496 1287 1567 1336 ita
1598 1283 1743 1335 mul-

217 1374 332 1414 tum
363 1363 633 1413 interdum
671 1363 937 1412 consumsi
972 1378 1197 1428 operae,
1234 1369 1295 1410 ut
1322 1376 1436 1410 uno
1461 1358 1633 1408 verbo
1654 1373 1744 1416 ‚er-
1764 1400 1768 1408 ,.

215 1435 348 1484 roris
383 1432 594 1483 fontem
625 1442 677 1484 et
711 1450 945 1483 caussam
978 1432 1338 1496 declararem,
1387 1438 1478 1492 aut
1508 1437 1571 1480 ut
1607 1428 1622 1478 i
1664 1426 1745 1478 ud

217 1521 570 1572 apponerem,
621 1521 728 1572 quo
764 1505 919 1554 simili
958 1504 1188 1554 aliorum
1221 1503 1393 1554 errori
1427 1495 1768 1551 occurrere-'⁷

215 1585 324 1627 tur:
378 1593 499 1625 cum
529 1575 699 1624 modo
731 1593 889 1626 usum
917 1574 1181 1643 loquendi
1215 1574 1520 1641 poeticum,
1567 1569 1768 1622 modo†

216 1647 490 1713 poeticum
527 1646 743 1713 aliquod
767 1646 1102 1713 phantasma,
1141 1645 1314 1695 modo
1339 1643 1635 1709 mythicam
1658 1644 1768 1691 ra-ss

218 1717 424 1765 tionem
456 1733 645 1782 parum
679 1727 824 1767 recte
860 1719 1033 1768 teneri
1065 1717 1326 1767 viderem.
1403 1714 1515 1765 Sed
1548 1713 1744 1763 monui
1759 1747 1768 1773 ς

218 1786 335 1835 fere
380 1787 546 1836 verbo
587 1796 817 1850 tantum;
866 1789 1166 1839 cuiusmodi
1205 1789 1247 1837 si
1293 1785 1560 1837 nonnulla
1598 1783 1768 1834 forte³

223 1865 527 1938 occurrent,
567 1875 728 1924 quae,
768 1877 859 1908 cur
895 1877 921 1908 a
944 1877 1035 1910 me
1061 1860 1301 1926 apposita
1329 1859 1459 1924 sint,
1500 1872 1615 1906 non
1639 1864 1768 1905 sta-

222 1936 319 1975 tim
352 1929 558 1993 assequi
595 1930 758 1995 possit
790 1929 959 1980 lector
989 1931 1170 1998 paullo
1209 1930 1439 1981 acutior:
1489 1935 1768 1995 respectu

224 1997 289 2046 ad
322 1997 644 2057 nobiliorem
681 1999 912 2068 aliquem
944 2011 1458 2065 commentatorem,
1501 1998 1745 2068 quamvis

225 2085 251 2116 a
268 2084 358 2148 me
381 2085 493 2149 non
518 2071 879 2136 nominatum,
916 2072 1125 2138 habito,
1166 2073 1370 2123 adiecta
1394 2089 1454 2122 ea
1485 2086 1601 2121 esse
1622 2066 1768 2119 me-'·

222 2148 462 2202 minerit,
499 2149 580 2203 ut,
620 2158 741 2190 cum
763 2143 859 2191 viri
892 2145 1049 2193 etiam
1073 2144 1218 2194 docti
1250 2145 1306 2194 in
1334 2161 1462 2194 eum
1497 2144 1768 2192 errorem&

226 2218 401 2257 essent
437 2209 661 2276 abrepti,
712 2212 1048 2279 adolescens,
1098 2216 1189 2283 qui
1230 2216 1284 2264 in
1322 2214 1557 2264 similem
1594 2224 1768 2262 erro-³

224 2294 342 2359 rem
374 2288 460 2359 aut
488 2279 858 2339 difficultatem
897 2295 984 2335 aut
1021 2287 1075 2335 in
1107 2286 1346 2337 eundem
1385 2270 1768 2352 interpretem}

225 2348 494 2413 1nc1der1t,
531 2353 703 2401 statim
723 2354 939 2420 habeat,
979 2374 1087 2425 quo
1112 2374 1240 2407 eum
1263 2356 1564 2422 redarguat.
1641 2346 1768 2410 (Σεὲ-ᾇ

225 2427 401 2499 terum
439 2437 554 2471 eam
581 2421 779 2487 legem,
819 2443 954 2493 quae
983 2429 1276 2496 unicuique
1309 2426 1593 2495 interpreti
1615 2415 1768 2493 pro-,35

226 2498 396 2555 posita
434 2506 545 2541 esse
583 2492 766 2574 debet,
806 2506 866 2545 ut
891 2497 1045 2563 nihil,
1086 2499 1234 2566 quod
1262 2499 1383 2550 luce
1406 2499 1582 2567 aliqua
1605 2495 1768 2555 indi-'3

225 2569 369 2623 geat,
409 2577 529 2610 cum
556 2562 636 2644 ad·
657 2564 1029 2644 1llustrandum
1069 2569 1289 2620 difficile
1317 2572 1402 2634 sit,
1445 2569 1658 2620 omittat
1688 2569 1765 2618 ac³

225 2639 550 2712 praetereat,
573 2633 717 2713 ‘nihil
742 2646 942 2703 autem,
983 2641 1130 2707 quod
1151 2643 1271 2691 satis
1290 2642 1421 2692 lucis
1446 2657 1548 2708 per
1569 2655 1627 2688 se
1649 2638 1768 2691 ha-si

226 2699 377 2762 beat,
430 2702 611 2751 aliems
651 2705 940 2758 luminibus
985 2710 1164 2761 affusis
1201 2711 1436 2763 offuscet
1467 2721 1521 2762 et
1549 2710 1768 2771 obscu-†

225 2779 332 2834 ret,
351 2787 648 2852 ‘nunquam
679 2791 740 2824 ex
767 2777 931 2828 oculis
966 2780 1163 2847 dimisi,
1202 2801 1374 2851 eaque
1400 2781 1663 2833 industria
1695 2786 1763 2835 et„

228 2849 475 2891 cautione
509 2860 599 2893 me
633 2844 762 2895 illud
806 2861 1150 2917 assequutum
1184 2871 1299 2905 esse
1342 2870 1530 2922 spero,
1573 2861 1662 2917 ut,
1705 2848 1760 2900 Si:

225 2927 341 2995 non
373 2929 547 2963 raram
590 2914 888 2968 doctrinam
925 2930 976 2971 et
1007 2925 1285 2991 exquisitas
1315 2925 1523 2993 ubique
1559 2923 1748 2974 obser·
