1768 3320
229 216 328 266 154
547 207 606 263 P.
643 210 1004 263 VIRGILII
1043 187 1414 280 MARoNis

221 344 345 393 Non
368 339 462 390 ulli
488 347 667 406 pastos
685 338 782 387 illis
807 351 964 400 egere
987 332 1179 382 diebus

220 409 454 477 Frigida,
509 408 747 476 Daphni,
800 406 967 455 boves
1011 400 1386 522 ggmielllsslminQ
1442 399 1588 451 nulla
1639 416 1742 523 11Ξὲ

221 550 428 601 Libavit
451 548 780 617 quadrupeS,
816 561 917 595 nec
938 543 1190 609 graminis
1215 540 1397 605 adtigit
1419 538 1660 591 herbam.

220 620 458 687 Daphni,
496 629 650 669 tuum
671 621 884 667 Poenos
906 614 1064 664 etiam
1091 611 1413 678 ingemuisse
1434 609 1633 660 leones

221 691 529 753 Interitum,
566 696 889 754 montesque
908 682 1008 734 feri
1029 683 1297 750 silvaeque
1318 681 1628 748 loquuntur.

291 786 373 837 25.
409 798 584 841 NEQUE
610 795 737 831 ΛΜΝ.

267 909 315 948 24
339 911 524 944 Nonnulli
547 911 669 953 fragm.
694 909 842 948 Mox-et„
864 905 967 940 male.
1073 905 1120 941 25
1147 904 1228 940 ulla
1247 915 1314 937 nec
1332 901 1503 936 nonnulli.
1526 901 1598 936 vid.
1616 901 1737 935 Heius.

223 957 391 1005 (Restitui
418 956 570 1001 Virgilio
598 969 675 989 nec.
724 955 807 988 Vid.
826 956 868 995 Q.
887 955 931 987 V.
953 953 1119 993 XXXII,
1146 954 1200 988 11.
1241 949 1335 994 Wr.)
1382 950 1432 984 ad
1450 950 1615 996 flumina
1635 957 1737 991 nota,

221 1018 289 1040 nec
309 1017 447 1038 amnem
464 1004 598 1037 Zulich.
612 1029 620 1044 ,
645 1014 713 1035 non
732 1001 865 1034 infelici
889 1000 1131 1034 aberratione:
1159 998 1265 1032 modo
1276 996 1427 1045 frigida
1447 1008 1520 1030 non
1540 996 1738 1041 praecede-

221 1059 287 1086 ret.
323 1053 372 1086 ad
387 1052 550 1097 flumina
569 1050 677 1083 nulla
697 1049 864 1093 iungebat
882 1048 1043 1092 Longob.
1138 1047 1185 1082 26
1204 1045 1403 1092 quadripes
1420 1043 1524 1078 codd.
1543 1043 1647 1077 etiam
1667 1042 1736 1077 hic.

221 1099 291 1133 vid.
310 1099 400 1132 Pier.
427 1098 641 1144 (quadripes
657 1096 764 1129 semel
784 1095 819 1128 in
840 1095 1018 1135 Medice0‚
1044 1097 1131 1128 Aen.
1152 1094 1223 1135 XI,
1248 1089 1328 1128 714.
1356 1097 1392 1125 et
1411 1093 1425 1125 i
1444 1103 1551 1135 supra
1568 1090 1738 1135 scriptum

220 1146 307 1180 ibid.
327 1147 426 1186 875.;
452 1151 634 1189 praeterea
659 1144 787 1188 ubique
809 1143 1031 1188 quadrupes.
1072 1143 1128 1176 W
1123 1139 1166 1178 tul
1262 1140 1308 1174 27
1332 1139 1515 1186 gemuisse
1531 1139 1632 1172 Rom.
1651 1137 1737 1171 Pie-

220 1193 277 1227 rii.
371 1195 416 1229 28
431 1191 543 1239 serae
561 1191 722 1224 Parrhas.
741 1189 884 1223 Mentel.
904 1195 986 1222 tert.
1014 1201 1034 1222 a
1060 1201 1105 1221 m.
1127 1200 1196 1221 sec.
1223 1193 1260 1220 et
1279 1198 1366 1219 unus
1386 1184 1528 1226 Heius„
1553 1196 1623 1230 quo
1642 1185 1737 1218 allu-

221 1241 308 1274 dunt
330 1241 469 1284 Menag.
497 1250 565 1272 sec.
595 1245 630 1271 et
651 1239 760 1279 Veni,
793 1237 829 1269 in
858 1236 982 1282 quibus
1005 1235 1103 1282 sere.
1151 1236 1329 1268 Hactenus
1359 1232 1448 1266 nihil
1470 1232 1640 1274 interest,
1673 1243 1735 1266 seu

221 1285 461 1330 silvaeserae
478 1298 538 1319 seu
560 1293 700 1318 montes
713 1283 795 1330 feri
813 1283 985 1317 dicantur.
1034 1290 1175 1316 monte-5·
1193 1280 1292 1328 feri,
1324 1281 1407 1315 loca
1426 1278 1518 1326 fera
1541 1279 1576 1313 h.
1602 1279 1735 1313 inculta

221 1340 258 1367 et
273 1334 357 1367 alibi
379 1338 575 1366 occurrunt.
610 1331 805 1365 Markland.
828 1331 873 1363 ad
886 1334 974 1364 Stat.
994 1332 1026 1363 II
1047 1329 1130 1363 silv.
1150 1331 1183 1370 6,
1208 1329 1249 1364 13
1268 1327 1358 1362 coni.
1383 1334 1605 1380 montesque,
1614 1325 1736 1373 feras,

220 1381 405 1426 silvasque
424 1381 627 1425 loquuntur
647 1379 720 1412 scil.
739 1378 920 1418 homines;
945 1377 1128 1422 ingeniose
1148 1375 1299 1421 quidem.
1347 1376 1480 1408 Verum
1502 1373 1573 1407 vid.
1591 1375 1734 1407 Notam.

220 1429 309 1461 Tum
333 1439 454 1471 parum
483 1426 625 1470 placent
646 1424 759 1472 serae
779 1425 873 1458 inter
902 1433 1043 1458 montes
1071 1430 1107 1457 et
1133 1423 1266 1457 silvas:
1302 1428 1339 1456 et
1359 1421 1417 1456 vel
1439 1420 1490 1454 sic
1511 1431 1734 1466 reponerem,

219 1484 428 1520 monteSqLLe
438 1472 547 1520 fero-§⁸
566 1473 751 1519 Silvasque
771 1473 988 1518 loquuntur.

218 1607 359 1632 vocare
382 1591 594 1631 incusandi
617 1591 701 1630 vim
725 1590 874 1630 habere
889 1612 948 1621 —
1004 1589 1210 1643 graminea
1251 1588 1407 1627 dictum
1450 1586 1565 1626 malis
1585 1616 1596 1637 ,
1640 1600 1734 1626 eum

218 1665 313 1689 nam
343 1650 561 1689 invocandi
590 1650 705 1688 notio
733 1649 851 1702 plane
874 1649 947 1687 ab—

217 1708 361 1747 horret
379 1708 427 1746 ab
442 1708 482 1746 h.
500 1709 525 1746 l.
541 1708 752 1746 —reiecta
772 1708 820 1746 ab
834 1708 947 1760 Hey-

218 1767 286 1804 nio
335 1766 549 1818 explicatio
596 1766 809 1805 retinenda
857 1766 945 1804 erit.

220 1825 379 1862 Terent.
396 1823 565 1876 Adelph.
586 1825 632 1874 V,
650 1828 688 1873 7,
711 1827 797 1866 13.:
837 1823 945 1862 AES.

218 1882 401 1932 „Placet,
438 1889 554 1934 pater
582 1882 831 1934 lepidissime.
862 1883 940 1920 DE.

217 1941 344 1992 Euge!
374 1941 452 1978 iam
482 1940 698 1993 lepidus
728 1955 789 1980 vo
805 1941 942 1979 eor.“

217 1998 380 2037 Fortius
391 2005 526 2037 tamen
541 2012 622 2036 esse
644 2013 797 2048 vocare,
821 2013 943 2050 quam

217 2057 343 2094 dicere
357 2087 367 2105 ,
400 2057 511 2095 facile
536 2057 694 2108 largior.
726 2057 850 2105 Quod
869 2071 944 2095 au-

216 2120 300 2153 tem
327 2121 472 2153 astra
499 2121 653 2154 vocat
696 2115 943 2164 crudelia,

216 2171 296 2211 hoc
307 2186 357 2210 ex
366 2172 657 2212 Chaldaeorum
673 2173 857 2229 doctrina
870 2186 944 2211 ex-

215 2230 447 2283 plicandum.
460 2261 469 2279 ,
501 2231 549 2269 de
568 2245 646 2282 qua
663 2231 745 2270 vid.
763 2231 942 2283 Interpp.

217 2288 270 2327 ad
289 2289 430 2327 Horat.
451 2289 526 2327 Od.
549 2290 578 2338 I,
606 2291 670 2339 11,
692 2292 730 2331 2.
755 2287 867 2343 lVr.)

274 2345 342 2388 24.
381 2347 469 2385 Νοη
498 2353 677 2399 pastores
705 2360 801 2399 prae
826 2348 942 2386 luctu

215 2411 398 2443 armenta
423 2404 473 2442 ad
499 2405 762 2457 pascendum,
794 2411 834 2443 et
848 2410 942 2457 post

213 2469 375 2515 pastum
396 2463 447 2501 ad
462 2463 627 2501 flumina
642 2470 819 2514 egerunt.
840 2463 941 2501 conf.

213 2520 350 2559 Burni.
379 2520 529 2560 Mosch.
558 2522 628 2570 ΠΙ,
662 2524 730 2562 23.
764 2520 832 2562 24.
862 2521 943 2558 Ne-

212 2591 308 2617 mes.
337 2578 384 2628 11,
413 2582 480 2620 29.
542 2578 730 2629 Adeoque
758 2592 802 2616 ea
831 2580 943 2617 fuere

212 2636 384 2689 impasta
404 2650 477 2689 per
501 2650 566 2675 eos
590 2636 683 2674 dies
743 2639 811 2678 26.
839 2651 942 2687 gra-

213 2697 333 2733 minis
354 2694 513 2733 herbam
542 2701 641 2746 puta
669 2693 736 2732 hie
765 2700 805 2732 et
823 2694 941 2733 Ovid.

158 2802 159 2805 Ἴ
212 2752 307 2792 Met.
333 2754 394 2803 X,
424 2754 490 2795 87.
523 2753 609 2792 Liv.
642 2751 679 2802 Ι,
706 2752 762 2793 24
793 2752 942 2790 dictam

157 2807 159 2822 '
213 2824 315 2860 esse,
355 2817 405 2850 ut
433 2813 549 2863 cytisi
571 2842 581 2860 ,
624 2812 695 2848 loli
712 2840 722 2859 ,
760 2809 940 2859 herbam,

211 2882 354 2923 nempe
383 2883 475 2908 cum
512 2868 561 2906 de
586 2867 733 2908 virenti
766 2868 941 2920 germine

211 2928 369 2967 fruticis
392 2927 662 2978 cuiuscunque
685 2925 836 2977 agitur3
864 2926 940 2964 nisi

213 2992 312 3026 noto
338 2991 550 3039 poetarum
577 2998 688 3024 more
713 2997 788 3036 pro
812 2983 938 3023 herba

1001 1663 1174 1701 gramen
1189 1649 1325 1698 ilasum
1352 1647 1454 1684 inter
1475 1644 1617 1683 herbas
1636 1645 1734 1684 vul-

1001 1708 1260 1758 gali-ssimum
1278 1706 1329 1742 sit
1341 1720 1352 1742 s
1384 1703 1485 1742 Plin.
1503 1703 1651 1753 XXIV,
1666 1705 1732 1745 19.

1006 1763 1139 1818 (Inter
1169 1762 1352 1817 prodigia
1383 1774 1522 1800 necem
1555 1761 1733 1800 Caesaris

1002 1822 1225 1862 indicantia
1246 1821 1374 1860 refert
1394 1821 1560 1859 Sueton.
1586 1833 1619 1858 c.
1645 1821 1731 1861 81.:

998 1911 1022 1931 „
1036 1894 1231 1932 equorum
1250 1892 1402 1931 greges,
1434 1891 1534 1929 quos
1551 1877 1594 1916 in
1612 1876 1731 1915 traii-

1000 1939 1141 1978 ciendo
1161 1938 1368 1977 Rubicone
1396 1936 1566 1975 flumine.
1589 1948 1732 1974 conse-

1001 2003 1157 2047 crarat,
1189 2011 1236 2035 ac
1255 2010 1376 2048 vagos
1397 2001 1438 2033 et
1458 1994 1542 2033 sine
1560 1993 1732 2033 custode

1002 2056 1226 2104 dimiserat,
1265 2053 1461 2106 comperit
1490 2051 1732 2105 pertinacis-

1002 2114 1098 2152 sime
1126 2113 1274 2166 pabulo
1300 2112 1498 2151 abstinere
1527 2110 1730 2157 ubertim-

1003 2186 1079 2225 que
1099 2172 1245 2211 flere.“
1277 2168 1372 2224 622.)
1628 2211 1632 2214 .

1059 2232 1128 2272 28.
1168 2237 1394 2280 montesque
1412 2227 1500 2279 fieri
1525 2227 1730 2278 silvaeque

1001 2289 1228 2341 loquamur.
1291 2285 1499 2325 Montibus
1535 2290 1576 2326 et
1620 2283 1730 2323 silvis

998 2360 1141 2386 vocem
1162 2345 1272 2395 dari,
1301 2344 1395 2384 satis
1418 2349 1564 2382 notum
1580 2348 1659 2392 θεῖ,
1689 2347 1730 2380 et

1000 2405 1032 2443 si
1072 2405 1312 2456 ingemuisse
1346 2410 1496 2440 montes
1526 2401 1730 2453 silvasque

1002 2463 1187 2512 dixisset,
1219 2467 1291 2500 aut
1323 2461 1454 2513 queri,
1495 2465 1568 2499 aut
1599 2459 1725 2511 loqui,

1001 2521 1162 2569 eodem,
1195 2533 1286 2558 cum
1313 2519 1413 2567 isto,
1448 2531 1586 2566 sensu,
1617 2515 1731 2555 utin

1002 2579 1192 2631 exemplis
1224 2592 1247 2615 a
1279 2578 1513 2616 Burmanno
1544 2575 1632 2614 fieri
1655 2573 1729 2612 de-

999 2636 1228 2690 prehendas
1248 2666 1258 2684 ,
1298 2642 1339 2674 et
1377 2634 1421 2674 in
1447 2634 1582 2672 Bionis
1610 2631 1728 2684 Idyll.

1000 2696 1035 2745 Ι,
1069 2699 1142 2746 32,
1191 2693 1292 2733 nihil
1336 2692 1577 2732 offenderet:
1626 2691 1730 2730 solet

1001 2754 1106 2792 enim
1140 2753 1261 2792 rebus
1303 2751 1532 2792 inanimatis
1577 2762 1728 2798 sensus,

1000 2812 1178 2863 adeoque
1192 2818 1232 2849 et
1243 2825 1328 2850 vox
1348 2810 1491 2849 tribui:
1517 2809 1574 2848 sie
1590 2808 1660 2847 ins.
1673 2810 1728 2849 62

999 2873 1090 2920 Ipsi
1111 2871 1267 2908 laetitia
1292 2883 1406 2909 voces
1425 2867 1486 2906 ad
1502 2866 1640 2906 sidera
1659 2867 1727 2903 ia-

997 2937 1108 2966 etant
1128 2930 1283 2967 Intonsi
1299 2934 1450 2965 montes
1460 2940 1475 2973 ;
1507 2926 1622 2976 ipsae
1642 2924 1729 2962 iam

994 2988 1176 3024 carmina
1199 3001 1317 3038 rupes
1330 3016 1340 3034 ‚
1375 2986 1477 3036 Ipsa
1495 2992 1640 3022 sonant
1656 2998 1726 3023 ar·-
