1734 3320
151 178 252 228 548
472 173 528 224 P.
582 173 949 224 VIRGILII
996 172 1374 223 MARONIS

148 298 440 352 Potniades
460 298 612 350 malis
633 299 884 350 membra
911 297 1224 349 absumsere
1247 297 1553 366 quadrigae.

147 371 272 422 Illas
306 370 452 420 ducit
481 387 635 420 amor
660 379 805 419 trans
832 371 1086 433 Gargara,
1124 378 1381 436 transque
1400 378 1689 420 sonantem

148 442 462 502 Ascanium3
489 449 745 508 superant
770 439 990 503 montiS,
1012 447 1066 489 et
1085 438 1311 491 flumina
1330 449 1554 492 tranant.
1584 446 1689 493 270

150 512 560 579 Continuoque,
599 510 764 561 avidis
791 510 889 559 ubi
920 508 1134 560 subdita
1169 509 1390 560 flamma
1416 510 1688 574 medulliS,

146 585 290 634 Vere
312 583 506 647 magis,
546 582 670 648 quia
690 597 819 630 vere
845 579 989 630 calor
1005 580 1148 630 redit
1168 580 1401 643 ossibus,
1440 580 1561 631 illae

151 654 263 704 Ore
285 670 476 702 omnes
493 668 679 701 versae
700 652 755 700 in
777 650 1088 718 Zephyrum
1109 660 1248 701 stant
1266 651 1492 718 rupibus
1520 651 1652 715 altis,

146 727 552 790 Exceptantque
573 722 708 771 levis
729 738 905 781 auras;

150 794 423 858 Coniugiis
442 801 607 843 vento
634 791 882 857 gravidae
907 791 1187 856 (mirabile
1199 791 1369 855 dictu)

945 729 998 770 et
1016 737 1176 788 saepe
1210 721 1326 770 sine
1347 720 1467 771 ullis

1584 794 1688 846 275

150 867 276 914 Saxa
303 881 403 930 per
431 872 484 912 et
504 863 758 929 scopulos
784 871 837 912 et
863 861 1143 929 depressas
1170 861 1424 912 convallis

147 933 475 999 Diffugiunt3
513 950 644 998 non,
680 935 841 998 Eure,
879 941 1019 999 tUOS,
1057 949 1239 1001 neque
1262 932 1403 983 Solis
1421 931 1489 983 ad
1509 918 1687 996 ortus3

193 1075 264 1110 268
289 1074 523 1116 adsum-sere,
559 1086 769 1108 assum-sere
804 1074 957 1116 ibidem,
1002 1081 1037 1108 et
1069 1074 1107 1107 in
1134 1074 1243 1109 Goth.

146 1128 325 1155 mentator
343 1128 443 1155 vetus
457 1123 582 1156 Horat.
597 1122 662 1155 Od.
677 1123 703 1164 I,
723 1122 782 1157 35.
835 1123 905 1167 (—
930 1123 1011 1157 270.
1036 1131 1178 1156 montes
1195 1121 1324 1156 Medic.
1356 1123 1413 1157 W
1407 1122 1452 1165 r.)

696 1170 767 1204 272
792 1169 891 1203 redit
924 1168 1090 1203 omnibus
1119 1176 1270 1215 quatuor
1296 1182 1351 1215 ap.
1382 1169 1517 1202 Colum.
1544 1170 1606 1212 VI,
1629 1170 1688 1210 27,

148 1181 283 1202 erasum
303 1169 340 1201 in
358 1169 448 1202 Gud.
461 1196 470 1211 ,
494 1169 598 1203 male.

147 1217 168 1251 5
184 1243 192 1258 ,
227 1217 288 1249 ubi
320 1217 518 1251 excitantur
539 1217 580 1250 hi
608 1228 743 1250 versus.
803 1217 902 1250 redit
927 1216 1032 1250 calor
1060 1215 1204 1250 ossibus
1231 1217 1309 1251 illis
1333 1219 1522 1250 Romanus.

1350 1075 1422 1117 269
1446 1073 1558 1108 Illam
1581 1073 1689 1108 Com-

1531 1123 1600 1157 271
1629 1119 1692 1155 abi

1618 1216 1690 1252 273

148 1266 271 1297 Ore—
282 1276 391 1297 verso
412 1265 503 1298 Ven.
525 1271 561 1298 et
590 1264 716 1318 fragm.
744 1265 888 1306 Moret„
913 1263 1079 1308 prosaica
1104 1264 1230 1297 forma.
1281 1267 1358 1298 Ora
1375 1264 1510 1298 Zulich.
1529 1275 1596 1308 pro
1616 1263 1687 1297 div.

145 1311 243 1353 lect„
267 1311 497 1357 exquisitius.
525 1311 590 1345 sed
607 1311 682 1345 sine
700 1311 913 1345 auctoritate
933 1311 1082 1352 idonea,
1109 1312 1159 1345 ad
1177 1312 1390 1359 Zephyrum
1407 1313 1586 1345 Romanus
1603 1311 1689 1344 Pie-

146 1358 210 1399 rii,
235 1365 272 1391 et
291 1359 472 1392 Mediceus
499 1359 544 1392 ad
561 1359 730 1393 verticem
746 1358 864 1402 vocis,
899 1358 984 1391 item
1009 1359 1192 1405 antiquiss.
1214 1361 1321 1392 Goes.
1346 1359 1440 1392 liber
1465 1358 1561 1404 apud
1578 1359 1687 1392 Colu—

146 1406 327 1440 mellaml.
346 1406 370 1440 l.
399 1405 560 1452 (Scilicet
583 1406 714 1440 omissa
733 1406 878 1440 fuerat
868 1418 906 1439 m
925 1406 1054 1440 Medic.
1074 1406 1319 1452 praepositio,
1345 1406 1476 1440 deinde
1495 1417 1563 1452 pro
1587 1405 1690 1440 arbi-

146 1453 239 1496 trio,
264 1461 304 1487 ut
321 1454 482 1496 videtur,
507 1455 571 1488 sed
592 1454 683 1487 male
696 1481 704 1497 ,
731 1454 907 1500 suppleta.
957 1453 1015 1488 Sic
1037 1454 1107 1487 hoc
1125 1466 1266 1500 quoque
1283 1453 1366 1488 loco
1385 1454 1583 1488 Mediceum
1603 1465 1688 1488 cor-

146 1500 308 1546 ruptelae
325 1501 479 1535 indicem
498 1501 718 1544 habebimus,
745 1508 784 1534 ut
802 1513 929 1545 saepe3
955 1502 1018 1535 cfr.
1039 1501 1116 1535 Ecl.
1139 1502 1205 1544 IX,
1230 1502 1287 1537 66.
1309 1503 1359 1543 X,
1386 1503 1443 1537 12.
1469 1502 1533 1535 Ge.
1555 1503 1582 1544 Ι,
1604 1502 1687 1537 339.

146 1550 189 1590 ΙΙ,
214 1549 296 1584 302.
321 1552 406 1583 Aen.
426 1551 483 1590 III,
510 1550 591 1585 670.
616 1549 708 1583 adde
730 1550 771 1590 Q.
791 1550 838 1583 V.
859 1550 953 1591 VIII,
978 1549 1012 1591 3,
1039 1562 1070 1583 a.
1104 1550 1201 1594 Wr.)

146 1595 275 1629 Medic.
298 1609 318 1630 a
335 1609 380 1630 m.
402 1608 456 1641 pr.
482 1597 552 1641 (est
571 1608 612 1629 ea
630 1596 732 1640 prior
749 1596 871 1630 lectio.
904 1596 999 1640 Wr.)
1027 1603 1063 1630 et
1090 1596 1200 1630 Goth.
1230 1608 1300 1631 see.

1297 1548 1370 1585 274
1386 1552 1690 1596 Exspectantque

1395 1597 1468 1633 276
1492 1596 1690 1643 depressos

146 1643 284 1677 Plotius
303 1644 348 1677 de
368 1643 490 1677 metris
513 1657 548 1690 p.
568 1644 674 1679 2630.
701 1644 905 1689 (convalles
922 1643 1054 1677 Medic.
1085 1646 1142 1679 W
1138 1644 1184 1689 r.)

148 1752 199 1778 ex
229 1739 476 1791 Palaephato
510 1745 550 1778 et
581 1739 732 1778 Ovidio
767 1745 889 1790 nota,

148 1797 201 1836 ad
219 1797 260 1838 h.
280 1798 306 1837 l.
331 1798 483 1837 Probus
505 1810 593 1836 eam
613 1797 742 1836 affert.
792 1796 891 1835 Ale-

115 1857 119 1859 ”
146 1856 300 1895 batille
315 1869 440 1908 equos
455 1857 633 1906 Potabis,
666 1855 737 1908 qui
755 1856 890 1895 Boeo-

146 1914 228 1953 tiae
243 1914 358 1954 vicus
379 1921 479 1963 erat,
501 1928 586 1954 non
606 1915 724 1966 longe
743 1928 766 1952 a
779 1914 889 1953 The—

146 1973 230 2023 bis,
263 1973 410 2025 quibus
434 1973 572 2012 Venus
599 1973 781 2012 furorem
808 1972 888 2012 im-

146 2031 277 2081 misit,
308 2037 358 2070 ut
375 2031 502 2084 ipsius
532 2030 687 2070 domini
705 2031 889 2071 membra

149 2089 413 2140 dilaniarent,
461 2090 656 2141 quoniam
684 2090 734 2129 ab
760 2104 807 2129 eo
837 2090 888 2129 ab

148 2147 390 2187 admissione
422 2149 679 2188 arcebantur.
740 2149 889 2188 Diver-

147 2220 210 2245 sas
230 2220 389 2245 caussas
418 2206 486 2245 alii
516 2213 757 2247 memorant.
792 2210 889 2249 Πο-

146 2260 309 2314 τνιάδες
336 2268 466 2306 πῶλοι
502 2265 644 2319 Eurip.
684 2265 888 2305 Phoeniss.

151 2325 275 2365 1130.
335 2326 434 2366 269.
464 2323 591 2363 Solito
624 2338 738 2362 more
767 2331 890 2377 poeta

147 2394 222 2434 pro
248 2383 391 2433 quovis
412 2387 550 2420 monte
579 2396 625 2421 ac
651 2382 779 2423 fluvio
800 2396 891 2422 cer-

147 2445 239 2477 tum
269 2446 450 2478 montem
481 2453 528 2478 ac
557 2441 732 2480 fluvium
760 2441 889 2494 ponit.

151 2498 348 2549 Gargara
364 2527 376 2548 ,
409 2505 558 2537 vertex
578 2499 746 2551 quidam
767 2515 889 2539 mon-

146 2555 200 2594 tis
234 2555 329 2594 Idae
357 2556 476 2595 iuxta
508 2558 693 2609 Troiam,
731 2571 889 2597 memo—

147 2619 263 2653 ratus
292 2614 371 2653 iam
394 2628 482 2667 sup.
501 2615 531 2665 I,
556 2618 651 2658 103.
681 2617 888 2656 Ascanius

146 2671 259 2711 lacus
313 2671 530 2725 Bithyniae
585 2674 659 2713 sub
712 2675 888 2728 Olympo

146 2737 308 2780 monte,
350 2730 446 2770 satis
472 2731 638 2784 quidem
666 2739 813 2783 notus,
846 2738 890 2771 at

146 2787 215 2827 hic
244 2789 397 2829 fluvius
429 2802 481 2829 ex
503 2803 550 2828 eo
578 2790 715 2829 exiens
734 2791 887 2830 intelli-

145 2846 324 2899 gendus;
353 2861 450 2886 nam
480 2857 691 2887 sonantem
713 2855 755 2888 et
774 2850 887 2901 equis

147 2906 514 2945 transmittendum
531 2913 744 2947 memorat.
797 2907 887 2946 Me-

146 2965 324 3004 minerat
352 2970 487 3005 autem
522 2965 608 3005 eius
644 2965 762 3006 fluvii
796 2967 886 3006 Ea—

941 1739 1122 1791 phorion
1158 1737 1262 1793 (vid.
1292 1739 1440 1779 Strabo
1469 1739 1577 1790 XIV,
1598 1753 1688 1792 pag.

949 1801 1033 1840 999
1055 1799 1098 1837 C.
1121 1796 1186 1851 D),
1202 1811 1223 1836 e
1238 1812 1318 1850 quo
1339 1812 1426 1838 non
1444 1812 1575 1851 pauca
1594 1812 1689 1837 mu·-

946 1862 1113 1896 tuatum
1140 1869 1223 1895 esse
1251 1857 1463 1909 Virgilium
1492 1856 1687 1910 suspicor.

946 1917 1046 1957 273.
1076 1916 1155 1953 Res
1187 1915 1371 1968 vulgata,
1410 1920 1570 1954 veteres
1598 1928 1688 1955 cre—

948 1972 1117 2024 didisse,
1178 1973 1481 2027 ἐξανεμοῦσθαι
1502 2003 1513 2024 ,
1562 1980 1687 2013 vento

945 2032 1134 2084 gravidas
1146 2031 1266 2071 reddi
1280 2045 1396 2085 posse
1412 2045 1545 2084 equas.
1566 2033 1687 2072 Prae·

946 2096 1011 2130 ter
1032 2091 1192 2130 Cretam
1230 2089 1331 2145 (vid.
1353 2090 1562 2130 Aristotel.
1580 2091 1686 2132 Hist.

946 2147 1080 2189 Anim.
1097 2149 1163 2199 VI,
1187 2148 1258 2204 18)
1291 2149 1336 2188 in
1352 2150 1557 2189 Lusitania
1578 2151 1687 2194 circa

947 2207 1228 2261 Olyssiponem
1247 2206 1315 2262 (cf.
1345 2209 1476 2248 Varro
1499 2209 1546 2248 R.
1569 2210 1618 2249 R.
1637 2209 1685 2260 Π,

950 2268 997 2316 1,
1034 2265 1119 2322 19)
1152 2267 1336 2306 Favonio
1387 2280 1458 2307 seu
1495 2267 1686 2321 Zephyro

947 2324 1074 2363 flante
1099 2325 1143 2364 id
1159 2325 1414 2378 potissimum
1439 2326 1685 2379 contingere,

949 2383 1225 2423 existimatum
1247 2390 1308 2423 est
1342 2382 1449 2438 (loca
1465 2383 1549 2425 vid.
1574 2385 1686 2438 apud

949 2441 1170 2497 Cei-dam),
1223 2443 1416 2494 quoniam
1453 2448 1686 2483 aestuantes

948 2513 1085 2539 amore
1120 2515 1243 2553 equas
1284 2514 1428 2541 versus
1475 2500 1685 2541 Oceanum

946 2565 1155 2598 currentes
1183 2557 1418 2612 Zephyrum
1446 2557 1585 2599 hiante
1614 2574 1685 2600 ore

946 2618 1132 2670 excipere
1161 2617 1370 2656 videbant.
1431 2617 1534 2658 Vide
1550 2619 1684 2672 inpri-

946 2675 1022 2713 mis
1057 2677 1213 2715 Colum.
1241 2676 1321 2726 VI,
1350 2679 1420 2727 27,
1441 2678 1466 2718 3
1483 2690 1582 2730 sqq„
1612 2677 1684 2717 ubi

946 2739 1057 2772 totus
1077 2734 1146 2773 hic
1168 2734 1282 2773 locus
1305 2734 1563 2776 adscribitur.
1603 2736 1684 2776 Res

944 2792 1026 2832 iam
1078 2793 1246 2832 Homeri
1287 2799 1417 2832 aetate
1456 2800 1567 2834 nota.
1598 2795 1683 2835 vid.

944 2850 1058 2890 Iliad.
1081 2868 1123 2902 π,
1147 2851 1242 2901 150.
1276 2852 1353 2894 151
1367 2882 1379 2902 ,
1409 2852 1482 2891 ubi
1499 2853 1683 2906 Harpyia

944 2909 1126 2962 Podarge
1165 2908 1219 2948 ad
1266 2909 1476 2950 Oceanum
1514 2925 1682 2964 pascens

943 2966 1134 3021 Zephyro
1168 2969 1327 3022 peperit
1350 2981 1475 3021 equos
1500 2969 1679 3011 Achillis.
