1768 3320
186 233 285 282 132

181 327 358 418 Casta,
400 351 543 418 fave,
580 354 802 405 Lucina:
837 361 959 402 tuus
981 352 1086 401 iam
1107 359 1295 414 regnat
1316 349 1529 417 Apollo,

458 281 460 285 ,
534 229 590 279 Ρ.
627 226 992 278 VIRGILII
1039 223 1420 274 MARONIS

1642 357 1706 403 10

181 429 371 492 Teque
397 423 533 474 adeo
556 422 720 474 decus
739 422 845 472 hoc
865 422 1001 485 aevi,
1038 430 1092 470 te
1114 419 1374 484 Consule,
1411 420 1581 486 inibit,

228 532 272 567 10
295 531 381 564 Erat
398 528 451 563 vir
469 528 605 572 doctus,
632 528 691 574 qui
712 527 911 573 accipiebat
927 526 972 560 de
995 525 1180 560 Pollione:
1207 533 1297 559 tau-5
1314 525 1389 559 iam
1404 533 1542 572 regnat
1555 519 1702 574 Apollo.
1739 523 1741 526 ’

178 643 353 676 tasmata
364 667 375 687 ,
406 650 481 676 nec
497 635 679 675 historici
696 635 908 687 quicquam

179 695 426 748 argumenti,
463 707 515 733 ne
550 693 786 733 vaticinium
818 691 910 744 qui—

180 753 272 793 dem
289 784 299 803 ,
344 753 529 801 subesse,
576 751 678 789 'satis
729 755 907 803 apparet,

179 810 400 851 dummodo
433 809 534 849 nihil
563 808 725 848 aliunde
755 808 908 847 intule-

176 870 251 919 ris,
281 875 343 919 et,
374 868 444 908 ubi
460 867 667 916 intuleras,
698 879 749 904 ex
771 879 818 904 eo
839 879 908 904 ar·-

177 927 419 980 ganenteris
441 940 487 964 ac
504 925 694 979 disputes.
724 921 908 978 (intigro.

177 986 286 1024 Rara
317 983 549 1023 hujusmodi
587 982 830 1036 syllabarum
865 982 908 1021 in

176 1043 282 1082 thesi
291 1042 519 1095 productio,
529 1047 578 1080 ut
588 1042 746 1080 Lucret.
757 1040 787 1090 I,
799 1043 908 1082 926:

179 1101 338 1151 „iuvat
379 1100 556 1152 integros
591 1098 778 1137 accedere
813 1099 907 1137 son-

176 1161 275 1198 tes.“
304 1158 446 1197 Horat.
461 1157 600 1208 Sat.H‚
613 1160 653 1207 2,
671 1159 783 1198 113.:
810 1156 906 1206 „In-

177 1217 297 1269 tegris
315 1216 496 1269 opibus“.
517 1221 557 1253 et
577 1229 716 1254 sacrae
737 1214 805 1253 Sil.
819 1214 905 1253 Ital.

175 1274 205 1324 Ι,
232 1274 327 1317 599.
359 1272 453 1328 Sp.)
514 1276 552 1315 6.
588 1275 741 1324 VirgO,
784 1273 905 1325 Δίκη,

175 1332 353 1381 Iustitia,
391 1338 441 1371 ut
475 1330 638 1371 Hesiod.
661 1329 775 1385 ’Έργ.
806 1330 904 1373 256.

173 1389 280 1428 Nota
309 1402 374 1428 res
409 1389 477 1428 vel
512 1402 564 1428 ex
600 1388 719 1427 Ovid.
750 1388 846 1427 Met.
874 1388 904 1439 Ι,

178 1447 271 1497 149,
286 1453 326 1486 et
350 1447 419 1486 Ge.
430 1445 586 1497 Π,414.
616 1443 902 1502 Hesiod.''EQy.

174 1508 270 1547 200.
330 1502 404 1559 (De
451 1505 714 1557 grammatica
752 1503 903 1544 horum

173 1564 391 1602 verborum
437 1563 597 1602 ratione
642 1563 726 1602 vid.
770 1563 818 1602 V.
858 1563 902 1602 L.

180 1622 250 1661 W
244 1619 292 1675 r.)
343 1621 534 1659 Saturnia
572 1635 699 1673 regna
736 1627 786 1659 ut
815 1621 902 1660 Ro-

174 1692 317 1717 manus
346 1685 466 1731 poeta
498 1679 641 1717 laudat
689 1677 789 1732 (vid.
817 1679 902 1718 Ex-

175 1750 279 1775 curs.
293 1736 329 1775 V
349 1736 402 1774 ad
420 1735 517 1775 Aen.
536 1735 649 1791 VH.),
668 1736 814 1776 ¹Graeci
834 1743 902 1776 ta—

173 1807 266 1832 men
285 1799 325 1831 et
345 1808 507 1833 auream
527 1801 697 1834 aetatem
716 1794 780 1836 ἒπὶ
795 1790 903 1850 Κρό-

174 1867 250 1893 νου
289 1858 541 1891 memorant:
600 1853 761 1892 Hesiod.
801 1853 828 1892 l.
873 1852 899 1892 1.

177 1912 258 1951 109
277 1923 355 1962 seq.
414 1909 559 1964 Attigit
572 1918 711 1950 noster
732 1911 900 1950 eandem

174 1967 316 2019 Georg.
352 1967 388 2017 Ι,
420 1968 500 2010 125
531 1982 588 2021 sq.
637 1969 692 2019 H,
732 1970 815 2012 536
841 1983 898 2022 sq·

175 2027 214 2067 7.
244 2039 351 2063 nova
378 2029 609 2078 progenies,
640 2041 794 2066 novum
817 2026 899 2066 ho-

172 2082 328 2121 minum
365 2097 509 2135 geum,
548 2098 654 2123 nova
689 2085 898 2136 successio,

174 2140 372 2190 nascitur,
418 2141 489 2183 νέα
524 2140 688 2195 πληθύς
722 2139 899 2197 ἀνδρῶν,

171 2196 213 2236 h.
242 2198 424 2237 meliores
463 2205 504 2238 et
535 2200 740 2250 iustiores,
779 2207 829 2240 ut
856 2201 900 2240 in

172 2269 280 2295 novo
301 2269 438 2295 rerum
455 2257 595 2296 ordine
624 2265 664 2297 et
691 2273 812 2298 aurea
832 2273 900 2297 ae-

171 2319 269 2353 tate.
334 2314 483 2353 Eadem
519 2330 616 2355 mox
647 2330 706 2356 vs.
737 2319 764 2359 9
799 2331 902 2369 gens

172 2385 308 2411 aurea.
367 2372 528 2412 Hesiod.
556 2374 630 2426 Op.
663 2381 705 2413 et
735 2374 780 2413 D.
817 2378 899 2417 109

171 2425 344 2483 χρύσεον
368 2429 486 2484 γένος
512 2430 698 2486 μερόπων
728 2429 898 2487 ἀνθρώ-

171 2486 273 2528 πων.
323 2486 412 2526 Non
429 2487 552 2540 igitur
575 2489 627 2528 ad
641 2504 811 2542 puerum
830 2504 899 2529 re-

170 2544 268 2583 ferri
287 2543 367 2583 hoc
384 2552 540 2598 potest3
574 2547 643 2600 qui
664 2548 713 2586 ab
740 2561 785 2586 ea
812 2548 898 2587 djs—

171 2602 363 2642 cernitur.
412 2603 566 2642 demitti
603 2607 710 2643 coelo
744 2606 899 2659 simpli-

171 2659 271 2700 citer
289 2673 372 2699 esse
391 2661 500 2699 nasci
515 2692 527 2711 ,
557 2668 711 2701 statuas
735 2677 786 2701 ex
809 2678 849 2703 v.
870 2666 896 2706 8

169 2720 350 2756 nascenti
359 2733 499 2770 puero.
522 2720 595 2758 etsi
609 2721 720 2759 notio
742 2718 897 2762 θεόθεν

168 2778 417 2831 γεννᾶσθαι,
459 2776 655 2816 divinitus
674 2809 684 2827 ‚
732 2779 897 2817 numine

168 2833 360 2887 propitio,
379 2834 503 2873 nasci.
522 2844 670 2886 surget,
691 2837 895 2887 procedet,

170 2897 308 2931 ortum
348 2897 389 2930 et
425 2891 589 2931 initium
623 2892 789 2932 habebit
818 2894 897 2933 hoc

167 2963 294 3002 puero
321 2956 430 2989 nato.
475 2948 662 3004 (mundo,
694 2951 790 2990 orbe
809 2958 896 2990 ter-

167 3021 326 3058 rarum,
348 3013 396 3046 ut
418 3008 566 3047 Lucan.
588 3007 618 3058 I,
637 3011 731 3051 160.
751 3009 895 3064 chh.)

1029 635 1095 674 10.
1127 641 1218 669 tuus
1244 633 1331 670 iam
1361 640 1507 685 regnat
1535 634 1701 684 Apollo.

967 689 1203 740 „Ultimum
1258 690 1463 729 saeculum
1510 691 1700 742 ostendit,

967 748 1078 799 quod
1099 747 1252 800 Sibylla
1272 748 1375 786 Solis
1397 761 1480 787 esse
1499 762 1700 788 memora-
1757 762 1761 767 ·

965 807 1068 845 vit.“
1089 806 1199 845 Serv.
1223 803 1397 860 (Apollo
1418 806 1594 858 antiquis
1613 808 1701 846 Ro-

965 864 1094 903 manis
1130 863 1313 916 ignotum
1349 877 1520 915 numen,
1560 864 1701 904 deerat

965 928 1069 961 teste
1100 921 1280 961 Arnobio
1321 922 1414 962 adv.
1446 923 1564 963 Gent.
1593 923 1620 963 l.
1650 924 1698 964 Π.

964 995 1052 1034 pag.
1075 981 1143 1023 95.
1167 980 1273 1019 Edit.
1297 980 1422 1024 1651.
1451 981 1496 1021 in
1517 982 1698 1035 catalogo

964 1039 1192 1088 numinum,
1225 1052 1327 1090 quae
1346 1039 1478 1078 Numa
1494 1040 1698 1092 probavit,

964 1096 1289 1149 Indigitamentis
1308 1097 1590 1150 Pompilianis;
1623 1099 1697 1137 cfr.

964 1157 1076 1194 Serv.
1107 1155 1160 1194 ad
1199 1156 1269 1194 Ge.
1297 1155 1335 1205 I,
1362 1158 1432 1197 21.
1491 1155 1574 1194 Sed
1600 1169 1698 1209 per-

963 1214 1140 1252 mixtum
1172 1213 1256 1252 eius
1287 1220 1328 1253 et
1352 1213 1455 1252 Solis
1495 1227 1646 1253 numen
1673 1228 1697 1253 a

963 1271 1182 1311 serior-ibus
1215 1285 1298 1309 esse
1319 1302 1329 1321 ,
1376 1272 1589 1324 vulgatum
1623 1279 1696 1312 est.

966 1328 1053 1385 Sp.)
1100 1329 1260 1368 Scilicet
1280 1336 1329 1369 ut
1351 1330 1529 1380 Saturni,
1558 1336 1608 1369 ut
1629 1331 1697 1369 Io-

962 1388 1024 1427 vis
1043 1388 1122 1427 suit
1137 1399 1336 1440 regnum,
1359 1388 1416 1427 sic
1433 1402 1545 1427 nunc
1568 1387 1696 1442 Apol-

961 1446 1066 1485 linis.
1133 1446 1306 1485 Videtur
1348 1445 1428 1485 hoc
1473 1447 1697 1487 tenendum

962 1517 1055 1543 esse.
1108 1504 1318 1543 Fabricius
1345 1504 1446 1544 Bibl.
1477 1505 1546 1544 Gr.
1571 1505 1604 1555 I,
1627 1507 1694 1555 30,

961 1561 1004 1615 §.
1028 1561 1081 1604 14
1111 1563 1242 1602 multa
1264 1562 1428 1614 quidem
1456 1562 1575 1602 docte
1594 1577 1696 1602 con-

959 1626 1027 1659 tra
1052 1619 1236 1673 disputat
1251 1651 1262 1670 ,
1299 1620 1384 1673 ipse
1404 1627 1545 1660 tamen
1563 1621 1694 1660 multo

959 1678 1232 1718 molestiorem
1262 1678 1462 1719 rationem
1487 1679 1694 1732 proponit,

958 1742 1009 1776 ut
1039 1742 1080 1776 et
1113 1728 1249 1776 onines
1288 1737 1411 1776 ceteri
1437 1737 1694 1791 interpretes.

959 1794 1003 1834 Si
1055 1795 1392 1847 subsequentibus
1441 1795 1694 1848 temporibus

958 1852 1156 1905 scriptum
1186 1859 1290 1892 esset
1324 1859 1508 1904 carmen,
1547 1854 1695 1893 ferrem

957 1924 1052 1949 sane
1073 1911 1309 1963 Apollinem
1326 1925 1403 1965 pro
1433 1912 1603 1951 Caesare
1627 1911 1694 1951 di-

957 1969 1015 2019 ci;
1044 1983 1218 2021 namque
1239 1969 1337 2008 deus
1359 1975 1446 2009 erat
1479 1970 1694 2010 Caesarum

956 2027 1164 2078 tutelaris3
1197 2027 1410 2067 habitabat
1427 2026 1632 2080 Augustus
1649 2028 1693 2067 in

956 2085 1112 2125 Palatio
1155 2085 1205 2124 ab
1235 2088 1319 2128 718
1359 2085 1468 2125 inde.
1527 2086 1576 2126 os.
1615 2086 1691 2125 Dio

956 2144 1101 2194 XLIX,
1131 2144 1195 2186 15.
1236 2143 1333 2194 LIII,
1361 2147 1435 2195 16,
1467 2150 1508 2183 et
1534 2143 1692 2198 Apolli-

957 2202 1021 2241 nis
1037 2202 1144 2241 filius
1159 2201 1414 2242 existimatus
1428 2203 1519 2242 suit.
1537 2216 1577 2242 v.
1588 2204 1692 2241 Sue-

957 2266 1045 2299 ton.
1074 2260 1218 2299 octav.
1249 2274 1334 2314 cap.
1363 2259 1429 2303 94.
1500 2260 1692 2300 Occurrit

958 2331 1119 2370 quoque
1143 2317 1289 2371 Apollo
1322 2325 1364 2358 et
1393 2317 1461 2357 Sol
1485 2318 1529 2357 in
1545 2318 1690 2358 numis.

957 2376 1110 2415 Verum
1147 2389 1193 2415 eo
1230 2382 1435 2429 tempore,
1476 2390 1556 2428 quo
1591 2375 1692 2415 haec

956 2434 1102 2487 Ecloga
1132 2434 1284 2487 script-a
1311 2441 1394 2484 est,
1430 2433 1606 2474 honores
1630 2434 1691 2474 illi

955 2491 1000 2531 in
1027 2493 1237 2532 Caesarem
1268 2492 1454 2532 nondum
1481 2498 1600 2532 erant
1615 2506 1690 2532 cu—

955 2550 1112 2590 mulati.

1017 2611 1082 2650 11.
1122 2607 1255 2647 Instat
1282 2613 1442 2661 tempus
1470 2608 1568 2648 novi
1601 2621 1690 2647 sae-

957 2666 1036 2705 culi
1063 2673 1105 2705 et
1135 2666 1184 2704 ab
1208 2665 1288 2704 hoc
1310 2666 1398 2719 ipso
1419 2680 1525 2705 anno
1543 2679 1690 2719 proce—

956 2723 1019 2762 dit
1037 2725 1101 2763 tui
1121 2724 1366 2763 consulatus.
1400 2721 1473 2777 (De
1487 2724 1690 2778 particula

955 2782 1056 2820 adeo
1074 2781 1158 2822 vid.
1177 2782 1230 2831 Q.
1250 2782 1297 2821 V.
1324 2782 1473 2832 XXVI,
1492 2782 1532 2823 4.
1567 2780 1688 2836 Wr.)

954 2839 1074 2878 (leolis
1102 2840 1179 2878 hoc
1209 2842 1306 2879 aevi
1318 2870 1328 2889 ,
1361 2840 1567 2892 praeclara
1588 2838 1691 2878 haec

955 2903 1074 2937 aetas.
1122 2897 1261 2936 inibit:
1312 2897 1604 2951 simplicissima
1628 2903 1690 2936 est

953 2955 1082 3005 ratio,
1114 2961 1163 2994 ut
1180 2955 1295 2994 inibit
1316 2955 1370 2994 sit
1386 2970 1482 3009 pro,
1525 2969 1690 2995 cursum
1757 3007 1760 3010 .

953 3011 1095 3062 inibit,
1125 3013 1312 3067 incipiet3
1342 3027 1508 3066 eamque
1525 3014 1689 3054 Servius
