1768 3320
192 226 291 274 136

505 221 562 272 P.
614 218 979 270 VIRGILII
1018 177 1400 266 'MARONIS

188 350 340 413 Ipsae
361 345 496 396 lacte
520 345 747 396 domum
767 342 1008 396 reserent
1031 340 1260 391 distenta
1280 340 1515 409 capellae

188 417 392 478 Ubera,
430 423 530 466 nec
547 431 771 480 magnos
788 420 1035 464 metuent
1055 420 1294 461 armenta
1314 411 1517 464 leones,

188 490 307 554 Ipsa
322 487 419 536 tibi
437 485 667 536 blandos
683 484 918 535 fundent
938 481 1198 532 cunabula
1215 480 1395 534 flores,

192 556 420 607 Occidet
442 566 495 607 et
516 573 736 622 serpens
751 597 762 619 ‚
803 563 856 604 et
873 552 1024 602 fallax
1043 551 1209 602 herba
1231 551 1429 602 veneni

194 626 441 688 Occidet;
480 627 748 690 Assyrium
766 624 927 689 vulgo
946 631 1194 672 nascetur
1213 637 1506 672 amomum.

1643 621 1713 673 25

191 700 259 748 At
281 696 443 747 simul
462 696 694 746 heroum
712 694 898 744 laudes
921 701 974 742 et
996 691 1131 743 facta
1150 693 1386 760 parentis

263 800 344 846 22.
380 794 591 854 UBERA3
665 797 746 844 26.
782 792 886 854 AT,

239 934 287 968 22
311 940 477 966 metuant
493 930 637 965 Mentel.
657 943 711 976 pr.
729 936 764 964 et
785 931 924 974 Menag.
944 941 1014 963 sec.

1110 926 1158 966 24
1183 930 1444 974 Interpungunt
1462 927 1524 962 alii
1546 934 1632 974 post
1648 941 1716 963 ve-

192 981 301 1022 neni,
327 986 365 1012 ut
383 980 531 1012 iteretur
552 977 700 1013 occidet.
745 978 917 1023 (Alieuam
939 977 982 1010 ab
1004 975 1061 1010 his
1084 976 1203 1010 verbis
1223 976 1362 1010 induxit
1387 976 1600 1021 gravitatem
1617 977 1717 1010 Vos-

194 1027 264 1060 sius
278 1053 286 1068 ,
320 1027 369 1060 sic
398 1027 660 1071 interpungens.
708 1026 831 1070 Longe
859 1024 930 1058 alia
955 1029 1010 1056 est
1037 1023 1129 1057 ratio
1151 1023 1288 1057 laudati
1309 1023 1352 1057 ab
1376 1035 1418 1057 eo
1440 1024 1568 1057 Horat.
1587 1023 1653 1057 od.
1674 1024 1718 1065 Π,

193 1075 229 1116 3,
257 1075 310 1109 17.
341 1074 435 1118 lVr.)

194 1133 215 1154 a
231 1133 275 1154 m.
295 1133 350 1165 pr.

434 1121 481 1157 26
505 1123 561 1155 Ac
577 1119 688 1153 multi.

521 1073 566 1108 25
591 1074 787 1117 Assyrium
807 1080 844 1105 ec
864 1084 899 1105 v.
919 1069 1028 1105 Pierii
1044 1071 1273 1116 Longobard.
1294 1100 1297 1103 .
1317 1072 1453 1104 Versus
1473 1071 1598 1104 deerat
1614 1070 1717 1104 Leid.

737 1123 786 1153 Et
805 1131 889 1152 unus
914 1130 970 1163 qu.
991 1118 1121 1152 Moret.
1147 1117 1258 1164 sacta
1274 1126 1473 1164 parentum
1492 1118 1616 1163 fragm.
1633 1119 1719 1152 Mo-

193 1174 261 1201 ret.
286 1174 321 1201 et
343 1168 432 1201 Gud.
455 1180 474 1200 a
493 1180 561 1201 sec.
580 1179 701 1208 manu,
728 1173 764 1200 et
784 1168 886 1200 Rom.
904 1165 1024 1199 Pierii.
1070 1164 1312 1199 Memorabilis
1336 1165 1425 1198 haec
1452 1171 1510 1198 est
1528 1164 1656 1208 lectio,
1682 1171 1720 1199 et

194 1214 331 1259 poterit
351 1215 417 1248 hac
441 1214 511 1255 uti,
549 1213 644 1247 cuius
668 1213 783 1247 animo
807 1213 939 1246 insidet
963 1212 1082 1258 aliqua
1109 1211 1243 1257 opinio.
1292 1213 1425 1245 Tutum
1451 1211 1618 1246 iudicium
1641 1211 1720 1246 fieri

193 1262 334 1306 nequit,
359 1261 522 1307 quamdiu
540 1261 742 1304 involucra,
775 1260 900 1307 quibus
920 1259 1133 1294 sententiam
1159 1271 1258 1293 suam
1284 1258 1487 1293 obscuravit
1503 1266 1633 1308 poete,
1655 1272 1720 1294 re-

193 1314 316 1342 texere
336 1308 529 1354 nequimus.

194 1427 259 1477 ΠΙ,
279 1426 347 1470 45.
385 1428 517 1466 ridens
545 1434 605 1467 est
631 1427 800 1478 florens,
830 1427 926 1480 pul-

196 1498 286 1524 cer:
322 1486 529 1525 notissimo
555 1501 633 1525 usu
661 1486 772 1525 vocis
790 1486 927 1536 ridere,

196 1545 341 1598 γελᾷν,
372 1540 520 1598 γάνος,
549 1547 783 1600 γανοῦσθαι
808 1550 849 1583 et
868 1544 928 1582 'si-

195 1601 351 1640 milium
370 1632 380 1651 ,
442 1602 566 1641 etiam
616 1603 662 1641 in
709 1602 928 1642 vernaculo

197 1672 391 1697 sermone.

256 1719 308 1758 21
331 1738 390 1746 -—·
418 1718 487 1760 25.
546 1719 670 1769 Ipsae
691 1748 701 1768 ‚
759 1724 902 1772 sponte
918 1748 928 1768 ,

198 1775 311 1813 nullo
348 1774 520 1814 ducente
539 1806 549 1825 ‚
603 1775 714 1829 (quia
741 1778 876 1816 nullus
907 1790 931 1814 a

198 1832 306 1885 lupis
332 1840 485 1884 metus,
518 1834 575 1872 ait
600 1834 775 1874 Vossius.
810 1832 929 1889 lVr.)

198 1896 250 1929 ut
275 1889 371 1928 satis
399 1897 555 1931 notum.
615 1893 679 1931 Sic
704 1889 823 1934 αὐταὶ
855 1907 931 1946 pro

202 1943 424 2000 αὐτόματοι
441 1949 607 1989 Theocr.
626 1950 742 2003 Idyll.
769 1951 839 2001 XI,
864 1954 932 2000 12,

202 2011 243 2044 et
267 2019 365 2043 mox
386 2021 425 2046 v.
445 2010 500 2049 23
533 2007 735 2047 cunabula
752 2009 934 2061 fundent

202 2066 295 2115 ipsa
312 2064 462 2114 flores,
497 2080 597 2118 quos
626 2065 794 2105 blandos
828 2066 934 2105 dixit

203 2134 275 2160 seu
294 2119 426 2175 cejore
446 2129 486 2161 et
504 2124 696 2176 adspectu
721 2139 790 2164 seu
809 2124 934 2163 odore

203 2185 339 2230 gratos
375 2187 416 2218 et
446 2187 571 2220 tactu.
639 2183 763 2231 Quod
806 2196 857 2221 ex
886 2183 934 2221 iis

202 2236 324 2276 flores
342 2245 484 2290 sponte
503 2247 738 2291 nascuntur,
765 2240 935 2280 ductum

205 2300 266 2333 est
283 2307 335 2332 ex
352 2296 412 2345 iis,
444 2311 544 2348 quae
562 2297 611 2336 de
629 2299 797 2338 deorum
813 2312 935 2352 prae-

206 2352 335 2390 sentia
367 2359 407 2392 et
436 2354 653 2413 ἐπιφανείᾳ
671 2358 816 2409 passim
835 2371 935 2396 nar-

205 2416 379 2450 rantur:
435 2413 620 2452 tellurem
675 2415 747 2453 sub
795 2428 937 2454 eorum

205 2481 344 2520 gressu
381 2475 422 2508 et
461 2471 610 2510 obtutu
653 2473 850 2511 virescere
890 2487 938 2511 ac

206 2526 429 2566 florescere.
459 2530 506 2567 cs.
530 2529 702 2569 Hom.Il.
720 2531 827 2580 XIV,
841 2530 937 2573 347.

207 2582 276 2625 24.
318 2583 403 2624 Aut
432 2585 554 2624 herba
598 2590 757 2638 veneni,
796 2602 938 2641 graeco

207 2655 321 2681 more
341 2657 417 2695 pro
437 2650 656 2694 venenata3
691 2646 830 2685 eadem
839 2647 939 2699 fid·-

208 2700 281 2739 lax
296 2730 308 2750 ‚
340 2707 390 2740 ut
411 2701 553 2754 Georg.
572 2703 620 2752 II,
643 2704 725 2745 152
756 2719 826 2741 nee
856 2707 936 2742 mi-

208 2771 313 2796 sero-s*
337 2759 501 2811 fallunt
557 2762 718 2798 aconita
753 2762 938 2812 legentes,

209 2821 284 2854 aut
301 2815 452 2869 jhllax
486 2819 647 2867 veneni,
684 2831 842 2857 veneno
862 2820 940 2858 fal-

208 2872 310 2924 laci3
340 2874 599 2927 exquisitiore
619 2889 696 2914 usu
713 2883 869 2929 poetae,
892 2883 942 2916 ut

210 2931 347 2971 audax
364 2931 497 2972 animi.
546 2931 702 2986 (Iunge:
732 2934 853 2972 herba
872 2950 942 2972 ve-

210 2990 306 3028 nem)
322 3021 333 3041 ‚
388 2996 438 3030 ut
467 2991 663 3042 poculum
701 2994 841 3030 veneni
882 3006 943 3044 ap.

984 1427 1189 1477 Solinum,
1218 1428 1354 1465 mortis
1370 1439 1432 1479 ap.
1453 1426 1633 1466 Ciceron.
1652 1427 1722 1466 la-

985 1487 1059 1524 ctis
1087 1500 1150 1538 ap.
1178 1484 1405 1535 Tibullum3
1443 1485 1556 1537 quasi
1588 1486 1722 1525 conti-

986 1557 1086 1584 nens
1106 1556 1322 1583 venenum.
1353 1543 1427 1594 Sp.
1489 1541 1580 1582 Alia
1606 1543 1724 1584 affert

987 1600 1329 1642 Wunderljchius.
1366 1602 1437 1641 W
1429 1598 1478 1656 r.)
1546 1601 1722 1652 Occidet,

985 1673 1131 1700 verum
1145 1665 1196 1698 ut
1211 1658 1333 1698 herba
1345 1660 1523 1703 moritur.
1555 1660 1624 1703 25.
1636 1662 1723 1700 As-

987 1720 1138 1772 syrium
1153 1739 1213 1747 -
1242 1731 1474 1755 amomum:
1515 1717 1627 1769 quod
1653 1731 1724 1771 ge·-

987 1790 1064 1816 nus
1090 1775 1247 1815 fruticis
1273 1774 1483 1814 aromatici
1511 1781 1583 1815 est.
1608 1790 1648 1816 v.
1671 1776 1728 1815 acl

989 1835 1073 1874 Ecl.
1090 1834 1156 1883 ΙΠ,
1173 1836 1240 1875 89.
1269 1833 1482 1885 Assyrium
1500 1847 1613 1884 vero,
1631 1848 1725 1873 cum

989 1892 1204 1932 Armeniae
1224 1897 1264 1929 et
1272 1890 1426 1929 Mediae
1444 1904 1491 1929 ea
1507 1893 1648 1945 planta
1661 1906 1725 1931 es-

991 1957 1064 1990 set.
1097 1951 1147 1989 cf.
1167 1949 1287 1989 Mart.
1308 1949 1360 1987 ad
1379 1948 1420 1988 h.
1440 1950 1467 1988 1.
1504 1948 1726 2004 (Assyriam

989 2009 1133 2049 latiore
1154 2021 1274 2046 sensu
1305 2007 1355 2046 de
1386 2007 1512 2061 plagis
1544 2009 1726 2048 orienta-

990 2068 1094 2107 libus
1132 2065 1342 2105 interdum
1378 2065 1458 2104 dici
1473 2097 1485 2116 ,
1533 2067 1728 2107 admonet

991 2125 1167 2166 Vossius.
1203 2125 1274 2164 W
1267 2122 1316 2178 r.)
1486 2141 1488 2145 ‘

1057 2186 1126 2225 26.
1145 2184 1215 2224 27.
1254 2181 1333 2220 Ubi
1362 2181 1597 2222 adoleveris.
1636 2183 1727 2223 Hoc

993 2240 1203 2295 splendide
1248 2241 1516 2280 enuntiatum.
1562 2241 1728 2280 heroum

994 2300 1136 2338 laudes
1166 2304 1263 2337 sunt
1296 2299 1404 2337 sacta
1437 2298 1559 2338 laude
1594 2299 1726 2352 digna,

992 2364 1042 2397 ut
1061 2355 1158 2398 κλέα
1177 2351 1341 2408 α’νδριῆν
1358 2353 1508 2411 ἡρώων
1520 2357 1629 2410 apud
1639 2358 1728 2397 Ho—

993 2428 1092 2454 mer.
1107 2413 1220 2454 Iliad.
1238 2430 1274 2467 χ.
1298 2415 1395 2458 520.
1424 2417 1590 2465 Parem,
1614 2416 1728 2455 cujus

982 2475 1110 2527 sacta
1149 2474 1288 2524 legere«
1314 2473 1488 2525 poterit,
1536 2479 1609 2512 aut
1643 2474 1730 2527 ipse

997 2531 1248 2571 Octavianus
1267 2537 1340 2579 est,
1370 2530 1403 2569 si
1424 2530 1474 2570 de
1494 2531 1730 2571 Scriboniae

994 2603 1123 2644 puero
1153 2588 1306 2641 agitur3
1335 2594 1427 2638 aut,
1459 2588 1494 2627 si
1525 2589 1575 2628 de
1601 2590 1730 2630 Octa-

996 2647 1086 2687 viae
1112 2653 1256 2700 partu,
1288 2647 1330 2686 C.
1349 2646 1586 2698 Marcellu33
1616 2649 1730 2687 cuius

996 2712 1136 2744 tamen
1163 2705 1298 2744 virtus
1322 2718 1414 2744 cum
1441 2719 1588 2758 parum
1608 2706 1730 2746 nobi—

994 2764 1044 2802 lis
1074 2770 1114 2802 et
1148 2763 1348 2802 celebrata
1383 2764 1457 2813 sit,
1498 2764 1731 2817 arripienda

997 2822 1105 2860 foret
1137 2821 1388 2871 coniectura,
1429 2835 1451 2859 a
1482 2822 1659 2863 Martino
1677 2823 1731 2862 ad

997 2892 1038 2918 v.
1074 2880 1126 2922 15
1166 2880 1405 2933 proposita,
1445 2886 1494 2919 ut
1525 2882 1632 2921 forte
1661 2882 1730 2920 in-

1000 2937 1086 2975 fans
1102 2938 1169 2976 ille
1184 2939 1234 2977 ab
1254 2937 1478 2978 Octaviano
1499 2940 1730 2993 adoptatus,

1003 3001 1074 3033 aut
1098 3001 1206 3035 certe
1234 2996 1277 3035 in
1296 2995 1408 3049 pacis
1429 2997 1730 3038 conditionibus
