1768 3320
174 172 276 220 340
325 161 327 163 ¹
512 169 567 219 P.
605 167 962 220 VIRGILII
995 159 1371 218 MARONIS

171 300 239 349 Et
260 295 568 346 coniuratos
597 294 812 345 coelum
831 293 1142 345 rescindere
1166 291 1370 346 fratres,
1599 300 1704 348 280

174 371 284 418 Ter
309 376 433 417 sunt
459 364 635 416 conati
658 366 926 432 inponere
949 364 1100 416 Pelio
1130 366 1323 414 Ossam

173 438 407 503 Scilicet,
456 445 616 504 atque
646 437 814 486 Ossae
842 434 1171 486 frondosum
1202 433 1478 486 involvere
1516 431 1704 499 Olym-

1002 523 1123 556 um:

173 582 282 628 Ter
303 586 456 645 pater
480 584 772 626 exstructos
795 524 1000 626 disiecit
1021 574 1252 625 fulmine
1275 574 1490 625 montis,

170 651 430 716 Septuma
459 655 582 714 post
608 646 896 696 decumam
918 645 1070 710 felix,
1112 654 1164 694 et
1191 661 1400 710 ponere
1426 644 1610 709 vitem,

168 722 236 770 Et
262 734 489 786 prensos
520 717 786 767 domitare
811 716 979 766 boves
995 757 1007 780 ,
1054 724 1107 765 et
1131 714 1248 764 licia
1272 714 1410 764 telae
1600 716 1703 767 285

214 825 284 861 281
311 823 504 868 Vulgatam
520 829 637 856 tuetur
654 820 792 856 Nonius
811 820 847 854 in
865 821 1069 856 involvere.
1119 820 1252 854 Pelion
1273 823 1388 854 Ossae
1406 818 1541 854 Zulich.
1559 819 1702 865 Menag.

168 872 228 906 alt.
254 879 289 905 et
308 873 439 904 Moret.
460 882 514 915 pr.
534 883 553 903 a
572 882 617 902 m.
638 882 708 903 sec.
745 871 864 902 Ossan
885 869 1006 903 Schol.
1028 869 1153 914 Cruqu.
1177 869 1303 901 Horat.
1321 867 1386 900 od.
1405 868 1463 910 111,
1483 866 1517 909 4,
1537 868 1595 903 51.
1632 868 1703 905 im-

163 919 305 966 pellere
323 920 364 951 P.
391 918 446 951 ed.
466 916 613 950 Mediol.
710 917 781 952 282
805 917 993 962 imponere
1013 916 1205 962 Oiympam
1227 914 1348 949 Schol.
1369 914 1494 960 Cruqu.
1518 913 1606 948 ibid.
1639 915 1703 948 in-

168 975 313 1000 vertere
331 965 492 999 Parrhas.
534 963 746 1010 frondosae
762 963 887 1008 fragm.
906 964 1035 997 Moret.
1130 963 1203 999 283
1230 960 1437 996 obstructos
1453 961 1622 996 Rottend.
1642 961 1701 996 alt.

167 1021 329 1046 structos
360 1012 442 1045 due.
491 1012 623 1044 deiecit
655 1012 852 1052 Romanus,
887 1017 958 1044 tres
991 1010 1084 1056 apud
1104 1009 1270 1052 Martin.,
1311 1010 1452 1054 Menag.
1484 1008 1546 1042 alt.
1580 1015 1615 1042 et
1645 1009 1701 1042 ed.

165 1062 278 1102 Ven.,
302 1066 340 1092 ut
361 1058 423 1092 inf.
454 1060 585 1103 Georg.
608 1059 634 1100 Ι,
656 1058 748 1100 333,
785 1058 851 1090 sed
879 1058 1049 1091 dissicere
1078 1056 1158 1103 plus
1180 1063 1254 1098 est,
1291 1062 1327 1089 et
1343 1055 1514 1090 maiorem
1531 1055 1703 1101 impetum

165 1107 286 1140 habet.
312 1106 381 1139 vid.
401 1108 514 1139 Burm.
611 1104 682 1141 284
709 1106 806 1138 vites
820 1106 997 1138 Romanus
1016 1117 1057 1138 ac
1079 1103 1201 1143 multi3
1227 1104 1347 1148 sicque
1368 1103 1472 1148 vulgo
1491 1103 1641 1144 lectum;
1665 1110 1703 1137 at

165 1156 274 1188 vitem
293 1153 374 1195 alii,
402 1153 507 1186 etiam
530 1152 640 1186 Goth.
663 1164 754 1194 sec.‚
779 1158 816 1185 et
839 1152 997 1193 doctius;
1024 1151 1117 1185 unde
1137 1151 1260 1184 Heius.
1279 1150 1434 1195 recepit3
1461 1152 1608 1196 (vitem,
1629 1162 1702 1184 non

165 1203 261 1235 vites
273 1227 282 1242 ,
308 1201 343 1233 in
365 1200 434 1234 suis
455 1200 598 1234 videtur
614 1198 779 1232 Heinsius
798 1199 974 1233 invenisse
995 1198 1176 1239 omnibus;
1204 1200 1315 1232 vitem
1334 1197 1438 1231 etiam
1457 1198 1587 1232 Medic.
1607 1197 1702 1243 apud

166 1248 337 1293 Foggin.;
364 1254 399 1281 et
425 1248 521 1281 vites
539 1247 718 1280 Potterius
743 1259 785 1280 ex
805 1258 875 1280 uno
894 1253 1031 1280 tantum
1052 1245 1263 1287 Parisiensi,
1290 1252 1325 1278 at
1342 1244 1550 1287 recentiore,
1576 1244 1701 1279 codice

166 1296 338 1336 enotavit3
375 1307 483 1340 quare
503 1305 575 1327 non
600 1293 756 1328 debebat
775 1293 844 1328 hoc
872 1294 916 1328 ab
939 1293 1065 1327 Iahnio
1088 1293 1261 1327 revocari.
1293 1294 1350 1327 W
1343 1293 1389 1337 r.)
1427 1292 1522 1326 idem
1544 1292 1701 1326 malebat

165 1355 183 1375 e
203 1343 421 1388 potioribus,
456 1350 512 1375 est
531 1354 693 1388 ponere,
729 1341 807 1386 (sed
829 1349 867 1374 et
890 1354 1035 1388 ponere
1052 1340 1184 1374 Medic.
1210 1352 1265 1385 ap.
1294 1338 1442 1384 Foggin.
1474 1339 1571 1382 Wr.)
1605 1347 1644 1373 ut
1666 1346 1701 1373 et

162 1390 270 1423 Pierii
285 1390 447 1434 Longob.
476 1402 495 1423 a
515 1401 560 1422 m.
589 1400 643 1433 pr.
665 1395 700 1421 et
719 1400 807 1421 uuus
826 1388 994 1422 Arundel.
1018 1388 1146 1430 habet,
1173 1396 1208 1421 et
1227 1395 1264 1420 ut
1283 1387 1413 1432 Georg.
1433 1384 1475 1428 H,
1501 1387 1583 1424 273.
1633 1400 1701 1421 ex-

158 1450 302 1483 ponere
324 1436 471 1470 Mentel.
497 1448 551 1480 pr.
587 1441 623 1468 et
645 1435 780 1469 Zulich.
827 1437 1013 1482 imponere
1033 1437 1123 1469 Ven.
1219 1435 1291 1471 285
1311 1446 1465 1481 pressos
1485 1433 1588 1467 multi
1601 1459 1611 1477 ,
1633 1446 1700 1467 va-

161 1483 314 1518 riatione
337 1483 507 1524 sollenni3
533 1489 651 1517 essent
669 1483 751 1528 iugo
769 1482 940 1529 imposito
955 1482 1081 1528 pressi.
1130 1482 1201 1517 Sed
1219 1482 1289 1516 vid.
1310 1482 1395 1516 Not.
1430 1481 1516 1515 telis
1536 1480 1598 1515 alt.
1616 1482 1699 1515 Me-

161 1544 242 1576 nag.
271 1538 306 1565 et
322 1531 424 1565 Leid.
446 1543 500 1576 pr.
518 1543 539 1564 a
561 1542 605 1563 m.
626 1542 696 1564 sec.
719 1530 789 1564 vid.
813 1543 845 1565 v.
860 1528 943 1568 294.

161 1623 283 1664 ereat,
306 1617 469 1671 γεννᾷν,
492 1629 568 1668 pro
592 1614 760 1654 creavit.
792 1611 902 1668 (Vid.
961 1619 1081 1665 atque
1100 1613 1293 1654 convallis
1310 1613 1417 1652 saxis
1446 1612 1698 1666 rupibusque

161 1679 305 1711 notata
330 1673 383 1711 ad
417 1673 497 1711 Ecl.
523 1673 634 1722 VIII,
673 1673 741 1715 45.
778 1671 900 1727 PVr.)

161 1733 259 1773 280.
277 1731 434 1783 J‘ratres
448 1747 459 1768 :
479 1744 550 1770 seu
567 1731 768 1782 GiganteS,
790 1731 901 1782 quod

160 1789 345 1842 praefero
362 1819 372 1838 ,
405 1802 476 1827 seu
494 1788 660 1828 Aloidas
682 1803 794 1827 nunc
811 1803 900 1828 me—

160 1853 297 1886 morat
314 1878 323 1896 ,
356 1847 482 1886 Otum
501 1853 542 1885 et
573 1846 809 1900 Ephialten,
842 1847 899 1886 si-

160 1905 270 1944 milia
292 1899 369 1944 illis?
389 1905 572 1944 molitos:
603 1905 688 1944 vid.
710 1904 898 1958 Apollod.

159 1963 198 2013 I,
219 1966 267 2013 7,
302 1962 329 2004 4
352 1969 393 2001 et
414 1963 510 2001 Aen.
543 1964 608 2013 VI,
630 1963 715 2006 580
746 1965 901 2002 Hic—

167 2023 333 2060 Titania
358 2021 489 2072 pubes
514 2044 572 2050 —
599 2023 686 2059 Hic
712 2030 749 2059 et
778 2022 900 2060 Aloi-

159 2079 235 2117 das
264 2102 322 2109 ——-
355 2082 429 2132 qai
469 2079 657 2117 manibus
699 2093 901 2132 magnam

160 2138 376 2175 rescindere
409 2139 569 2176 caelum
601 2137 800 2189 Adgressi
827 2153 900 2176 szc-

155 2198 344 2247 perisque
363 2198 505 2235 lovem
523 2196 726 2234 detrudere
744 2198 895 2248 regnis.

159 2255 231 2291 Est
251 2259 388 2292 autem
407 2254 624 2292 rescindere
640 2267 716 2307 pro
738 2254 899 2292 exscin-

160 2311 266 2361 dere,
299 2325 391 2350 cum
414 2312 580 2350 notione
594 2312 898 2365 perrumpendi,

158 2369 432 2421 irrumpendi,
486 2370 598 2422 quod
623 2370 724 2408 bene
756 2371 898 2409 obser.-

158 2434 231 2467 vat
264 2428 419 2467 Wakos.
457 2428 510 2466 ad
532 2429 692 2467 Lucret.
727 2429 776 2478 11,
797 2427 894 2471 406.

157 2486 221 2524 uti
249 2486 281 2523 si
310 2486 468 2524 vallum
482 2517 492 2535 ,
529 2495 653 2537 porta
666 2517 677 2536 ‚
719 2486 896 2526 rescindi

159 2544 323 2582 dicitur.
392 2543 440 2581 Id
470 2544 579 2582 enim
611 2551 799 2596 egerunt,
832 2540 894 2585 ἵν’

159 2598 332 2656 οὐρανὸς
364 2599 555 2658 ὅμβατοςὶ
587 2602 680 2655 εἴη,
732 2609 781 2641 ut
824 2602 895 2641 ubi

159 2660 380 2712 Olympum
395 2660 628 2709 tenuissent,
660 2673 712 2698 ex
734 2674 779 2699 eo
801 2673 894 2698 cae-

157 2718 243 2756 lum
257 2717 573 2756 conscenderent
587 2718 804 2770 Iovemque
821 2718 894 2756 de—

158 2777 385 2815 turbarent.
455 2778 553 2817 281.
582 2776 645 2813 Ex
672 2776 818 2828 Odyss.
849 2779 892 2825 λ,

159 2834 243 2876 314
273 2835 384 2873 fonte
412 2833 534 2872 huius
562 2833 721 2872 fabulae
739 2863 749 2883 ,
789 2845 893 2884 quae

157 2893 251 2930 inde
286 2898 409 2940 nata,
462 2891 575 2944 quod
603 2897 721 2929 motu
758 2896 891 2929 terrae

156 2951 342 3003 graviore
361 2951 460 2989 Ossa
479 2950 528 2988 ab
542 2950 718 3002 Olympo
728 2949 892 2989 revulsa

962 1678 1168 1711 constrata
1189 1673 1336 1711 fuerat.
1357 1671 1441 1710 vid.
1459 1671 1607 1710 Strabo
1628 1671 1696 1711 lib.

959 1730 1039 1780 IX,
1058 1745 1098 1783 p.
1124 1731 1209 1774 658
1228 1730 1276 1770 A.
1338 1727 1411 1784 (De
1430 1742 1697 1770 numerorum

958 1787 1080 1827 huius
1109 1802 1251 1828 versus
1290 1788 1332 1827 vi
1366 1802 1413 1826 ac
1445 1788 1697 1840 praestantia

957 1846 1042 1885 vid.
1076 1846 1126 1895 Q.
1157 1846 1205 1886 V.
1238 1846 1318 1896 XI,
1351 1848 1389 1887 3.
1417 1851 1521 1885 extr.
1565 1844 1694 1901 IVr.)

958 1906 1057 1946 282.
1087 1906 1287 1944 involvere
1322 1902 1391 1942 hic
1413 1910 1475 1942 est
1509 1918 1694 1955 sursum,

957 1962 1003 2001 in
1019 1963 1204 2002 altiorem
1222 1963 1359 2001 locum
1375 1962 1554 2002 volvere.
1603 1963 1695 2001 Sei-

958 2021 1051 2058 licet
1078 2027 1140 2060 est
1169 2018 1220 2074 δή
1254 2026 1488 2074 poetarum,
1529 2021 1596 2060 vel
1625 2019 1692 2074 ῥὀἳ,

959 2079 1106 2131 quibus
1156 2079 1220 2119 vis
1260 2079 1466 2118 dictorum
1502 2085 1693 2135 augetur3

960 2137 1078 2175 etiam
1111 2134 1165 2191 δή
1199 2139 1273 2192 ῥα,
1309 2137 1420 2176 unde
1440 2138 1598 2176 factum
1618 2138 1693 2191 δη-

958 2194 1094 2249 λαδή,
1139 2209 1190 2235 ex
1226 2192 1395 2250 δηραδή.
1465 2197 1563 2238 284.
1601 2195 1694 2234 Non

958 2254 1052 2292 satis
1072 2254 1285 2294 definitum
1298 2285 1309 2304 ,
1350 2254 1455 2292 sitne
1476 2253 1560 2292 dies
1579 2254 1693 2293 XVII

956 2312 1238 2364 intelligenda,
1272 2327 1324 2350 an
1346 2312 1428 2351 dies
1446 2313 1487 2350 X
1506 2311 1604 2351 felix
1623 2312 1692 2350 illa

957 2371 1119 2422 quidem
1143 2401 1154 2421 ,
1205 2371 1275 2409 sed
1330 2370 1554 2409 secundum
1604 2382 1692 2409 eam

955 2429 1085 2467 multo
1109 2429 1233 2481 magis
1249 2429 1334 2468 VH.
1375 2428 1578 2467 Decimam
1597 2429 1690 2467 fau—

953 2493 1056 2525 stam
1075 2501 1170 2537 esse,
1200 2487 1375 2526 affirmat
1390 2486 1509 2525 etiam
1526 2486 1696 2526 Hesiod.

937 2542 1054 2597 ''Eoy.
1073 2545 1178 2595 794,
1211 2550 1252 2583 et
1268 2544 1477 2596 septimam
1493 2558 1572 2584 VSS.
1592 2547 1689 2587 770.

953 2602 1051 2644 805.
1110 2601 1166 2640 At
1192 2616 1293 2654 quae
1323 2601 1391 2640 hic
1411 2616 1451 2641 v.
1468 2602 1554 2645 285
1586 2616 1690 2643 enu-

951 2666 1164 2698 merantur
1176 2690 1185 2708 ,
1218 2660 1271 2698 ad
1288 2660 1394 2699 diem
1413 2660 1479 2698 ifle
1500 2660 1597 2700 XIV
1620 2674 1687 2700 re—

951 2718 1030 2755 fert
1049 2732 1088 2756 v.
1112 2716 1370 2761 794—797.
1412 2718 1568 2767 Quaeri
1582 2733 1688 2771 quo-

952 2788 1029 2826 que
1058 2781 1216 2827 potest,
1257 2777 1360 2815 sitne
1387 2791 1496 2815 nona
1521 2791 1581 2816 vs·
1599 2779 1687 2819 286
1757 2791 1759 2794 “

949 2839 1043 2884 post
1064 2833 1281 2884 decimam,
1320 2834 1602 2887 intelligenda,
1635 2849 1688 2873 an

949 2892 1095 2929 mensis
1118 2905 1169 2929 an
1188 2893 1364 2932 cujusvis
1385 2892 1557 2932 decadis.
1586 2893 1686 2935 285.

942 2951 1085 3000 prensi
1112 2949 1230 2989 boves
1242 2981 1253 3000 ,
1298 2951 1366 3004 qui
1403 2951 1545 3001 libere,
1587 2963 1686 2989 nec-
