1734 3320
160 185 262 234 420
483 183 540 232 Ρ.
587 182 948 233 VIRGILII
990 181 1415 233 MARONIS‘·.

158 313 271 360 Nec
293 310 433 377 rapit
451 310 729 359 inmensos
754 308 898 358 orbis
924 325 1024 375 per
1043 307 1291 372 humum,
1329 325 1531 376 neque
1525 318 1685 389 tanto

161 380 496 447 Squameus
483 397 538 428 111
561 396 669 446 spu
672 396 758 428 am
778 388 950 428 tractu
971 396 1027 428 se
1052 378 1267 444 conligit
1288 380 1484 444 anguis.

159 450 316 501 Adde
340 459 422 500 tot
445 451 678 515 egregias
695 449 870 512 urbiS,
908 466 1252 516 operumque
1274 447 1535 514 laborem,
1588 453 1685 502 155

161 523 269 571 Tot
290 530 541 586 congesta
563 537 730 569 manu
749 520 1049 586 praeruptis
1072 519 1269 586 oppida
1295 520 1439 583 saxis,

157 591 513 658 Fluminaque
535 590 785 657 antiquos
808 589 1224 639 subterlabentia
1255 606 1455 641 muros

160 664 241 711 An
275 656 453 726 mare,
503 659 654 728 quod
687 676 845 727 supra
863 701 875 724 ,
922 676 1231 708 memorem
1247 700 1260 722 ,
1307 659 1576 727 quodque
1591 659 1676 709 ad-

952 729 1050 778 luit
1078 727 1238 780 infra.
1230 735 1250 768 Ρ

208 849 276 885 153
299 848 414 882 Miror
441 846 603 894 inprimis
629 852 714 892 post
735 846 883 879 alterum
901 847 1087 881 inmensos
1107 844 1150 882 τὸ
1173 854 1280 881 tanto
1298 846 1430 880 nemini
1451 846 1684 893 displicuisse,

159 897 256 942 quod
287 895 454 941 explicari
481 895 621 940 quidem
643 901 781 938 potest,
807 905 879 926 non
905 900 1033 937 tanto,
1060 907 1162 940 quam
1182 895 1217 927 in
1249 893 1326 927 aliis
1341 894 1470 928 terris·
1509 895 1604 940 quod
1624 901 1685 927 te—

157 956 226 977 nue
246 950 359 984 esset3
386 949 422 976 at
441 955 516 975 cum
538 941 719 975 definitum
739 940 829 973 nihil
849 941 916 982 sit,
942 954 1018 975 cum
1041 954 1109 987 quo
1129 942 1345 987 comparatio
1371 941 1592 983 instituatur,
1639 942 1685 975 ad

159 990 368 1035 elegantiam
384 990 501 1023 facere
522 988 580 1022 vix
601 995 772 1033 putamus.
820 989 859 1020 In
879 994 1022 1032 promtu
1046 995 1112 1022 est·
1124 989 1224 1022 lento
1242 988 1384 1033 legere,
1406 988 1556 1023 Nicand.
1574 988 1683 1023 Ther.

156 1039 227 1073 222
251 1038 374 1071 νωθεῖ
400 1032 518 1083 ὁλκῷ,
553 1047 614 1068 5011
641 1044 739 1069 torto
768 1043 914 1078 tractu,
960 1042 999 1069 ut
1023 1036 1109 1069 alias
1135 1043 1275 1082 poetae.
1325 1037 1401 1069 Nec
1429 1035 1530 1069 aliter
1554 1034 1684 1081 legisse

156 1092 259 1129 putes
284 1071 484 1118 Nemesian.
513 1083 587 1116 Ecl.
612 1084 688 1125 IV,
712 1083 760 1117 40
796 1090 895 1116 torto
922 1095 998 1116 non
1027 1095 1201 1129 squamea
1227 1091 1350 1116 tractu
1370 1083 1506 1130 Signat
1535 1083 1685 1117 humum

157 1130 440 1184 serpenq.Q·i1i
466 1137 651 1175 poetarum
680 1129 831 1163 lectione
858 1129 963 1163 tritus
993 1137 1063 1172 est,
1096 1142 1152 1163 me
1185 1141 1255 1162 non
1282 1137 1448 1163 monente
1468 1138 1683 1176 assequetur,

156 1178 352 1211 sententiae
374 1177 443 1210 vim
470 1189 542 1210 non
571 1177 607 1209 in
634 1176 794 1220 epitheto
824 1177 965 1221 quaeri,
999 1157 1141 1210 orriatus
1172 1189 1293 1210 caussa
1321 1177 1455 1211 addito.
1502 1177 1598 1221 Alias
1619 1189 1684 1211 nec

156 1224 385 1259 Nemesianus
409 1233 509 1259 torto
527 1224 681 1258 adiicere
707 1230 861 1270 poterat.
895 1225 1015 1268 (tanto
1036 1231 1073 1256 et
1096 1223 1232 1257 numeri
1257 1230 1420 1267 tuentur,
1455 1231 1490 1258 et
1510 1225 1685 1259 sententia

156 1272 303 1326 flagitat:
336 1273 444 1305 Recte
461 1270 673 1305 Brunckius:
700 1272 805 1314 „Non
825 1270 883 1304 hic
901 1277 1008 1316 negat
1022 1272 1131 1304 Poeta
1151 1271 1243 1304 ullos
1265 1281 1342 1304 esse
1361 1272 1398 1304 in
1417 1271 1518 1306 Italia
1534 1284 1682 1317 angues,

157 1320 223 1352 sed
243 1319 303 1364 qui
325 1318 376 1351 ibi
404 1318 648 1363 reperiantur,
688 1298 760 1351 iion
791 1325 861 1351 tam
891 1330 1057 1363 magnos,
1093 1318 1244 1371 proinde
1275 1330 1343 1351 non
1374 1325 1444 1352 tam
1471 1319 1684 1363 horrendos,

156 1379 259 1412 quam
275 1367 311 1399 in
334 1365 416 1399 Asia
440 1378 516 1399 esse
542 1366 602 1399 ait.
651 1365 813 1399 Modicos
838 1366 942 1398 orbes
971 1366 1065 1411 rapit
1093 1378 1159 1410 per
1180 1356 1341 1407 humum,
1364 1378 1430 1400 nec
1457 1372 1528 1399 tam
1555 1378 1682 1411 magno

154 1420 267 1447 tractu
283 1425 320 1446 se
345 1412 452 1458 collig
435 1413 484 1446 oit
503 1413 540 1446 in
562 1413 693 1457 spiram
712 1412 833 1457 anguis
853 1412 889 1445 in
910 1412 1022 1446 Italia.
1071 1414 1153 1446 Non
1173 1412 1257 1445 satis
1280 1425 1403 1447 causae
1425 1419 1502 1446 esse
1522 1421 1683 1458 apparet,

155 1473 216 1494 cui
233 1460 445 1494 sollicitetur
464 1461 550 1494 haec
568 1460 691 1494 lectio.
740 1460 809 1493 cfr.
829 1461 887 1502 ΙΙΙ,
911 1459 1020 1494 420st

832 1507 870 1540 it.
892 1506 1023 1551 Regius
1044 1506 1201 1540 Martini.
1246 1506 1339 1541 conf.
1366 1507 1412 1541 ad
1438 1510 1525 1541 Aen.
1552 1509 1579 1549 Ι,
1601 1507 1682 1543 455.

654 1554 734 1589 156.
759 1557 864 1588 Tunc
882 1568 911 1588 c.
937 1555 1018 1588 duo.
1053 1555 1218 1588 coniecta
1235 1554 1308 1587 Erf.

156 1507 263 1542 bores
281 1507 427 1541 Vratisl.
458 1514 494 1540 et
514 1508 637 1552 fragm.
655 1509 798 1548 Moret.,

156 1554 279 1601 (urbes
296 1554 427 1588 Medic.
459 1554 555 1599 Wr.)

154 1603 316 1636 Parrhas.
351 1601 469 1636 abluit
486 1602 544 1644 aL,
570 1615 612 1635 ex
630 1613 739 1635 more.

155 1698 260 1736 natis
277 1697 424 1750 plantis
453 1703 492 1735 et
508 1697 732 1749 reptilibus.
763 1712 889 1736 saeva

155 1757 313 1794 leonum
334 1758 504 1801 semina,
538 1755 648 1810 γένη,
681 1756 790 1794 saevi
802 1756 888 1794 leo-

154 1827 247 1863 nes,
277 1827 327 1851 ex
347 1813 589 1852 Lucretiano
614 1814 679 1864 III,
702 1812 781 1855 741
817 1816 889 1851 ιη’-

154 1881 211 1910 ste
233 1873 393 1909 leonum
414 1872 646 1910 Seminiam.
668 1880 791 1922 tanto,
804 1878 889 1910 tam

154 1931 296 1981 longo,
328 1943 448 1981 quam
467 1929 571 1968 alibi.

215 1988 308 2030 155.
341 2002 502 2039 operum
521 1987 709 2037 laborem,
729 1986 770 2026 h.
788 2000 886 2039 ope—

153 2059 222 2095 ra,
272 2045 441 2084 fabricas
460 2076 471 2096 ‚
525 2045 717 2084 aedificia.
789 2045 887 2083 Mox

154 2112 344 2155 congesta
370 2119 498 2142 mana
525 2104 654 2156 simpl.
680 2109 887 2142 exstructa

153 2162 195 2200 111
213 2162 395 2214 rupibus.
454 2162 585 2200 Fuere
602 2168 735 2200 autem
757 2162 887 2200 multa

153 2234 226 2272 per
243 2220 399 2258 Italiam
419 2220 579 2272 oppida,
609 2220 791 2273 inprimis
812 2234 887 2258 an—

153 2278 347 2329 tiquiora,
379 2279 421 2317 iu
444 2278 561 2316 editis
594 2293 639 2316 ac
657 2278 886 2331 praeruptis

152 2335 250 2374 10015
272 2337 368 2386 sita3
407 2337 528 2388 inque
548 2336 611 2375 his
641 2337 727 2390 ipsa
745 2338 886 2375 Roma.

162 2394 256 2436 157.
288 2395 561 2447 Fluminaque
583 2397 770 2448 antiquos
788 2394 885 2433 sub—
912 2440 926 2446 Α

154 2451 387 2491 terlabentia
421 2467 554 2490 muros
593 2467 675 2491 esse
714 2458 886 2507 possunt

154 2510 238 2548 sive
276 2510 426 2548 medias
466 2511 587 2548 urbes
622 2511 884 2564 permeantia,

154 2568 237 2607 sive
267 2582 405 2606 muros
441 2568 640 2608 alluentia.
699 2570 885 2609 Praefero

152 2640 263 2664 nunc
286 2624 399 2664 haud
433 2627 572 2665 timide
597 2628 767 2666 alterum
786 2627 886 2678 hoc;

152 2683 284 2722 subter
322 2690 381 2722 est
421 2698 495 2736 pro
536 2693 710 2737 praeter.
779 2685 886 2724 Talis

153 2742 257 2787 enim
271 2741 371 2780 situs
391 2742 613 2781 multarum
624 2743 701 2782 fuit
717 2757 789 2796 per
801 2745 886 2782 Ita-

151 2800 246 2839 liam
266 2800 442 2849 urbium,
472 2806 520 2839 ut
537 2801 590 2838 ad
610 2815 766 2839 amnem
786 2802 883 2840 sitae

153 2864 302 2897 essent:
332 2858 456 2910 idque
485 2872 596 2897 nunc
629 2872 675 2897 eo
692 2860 882 2911 pertinet,

150 2922 197 2955 ut
229 2916 384 2954 Italiam
421 2916 559 2954 multis
591 2916 726 2956 fluviis
760 2918 883 2969 rigari

150 2974 353 3027 significet.
415 2971 539 3027 (Sub,
579 2974 726 3026 subter,
765 2989 881 3029 saepe

1070 1458 1184 1492 Orbes
1201 1458 1330 1493 Medic.
1362 1462 1418 1495 W
1413 1461 1460 1503 r.)
1537 1460 1603 1496 155
1621 1461 1682 1494 la-

1404 1554 1473 1590 158
1497 1567 1613 1604 supra
1627 1563 1684 1590 est

948 1697 998 1736 de
1018 1710 1062 1736 re
1081 1697 1201 1736 imam
1223 1697 1404 1736 editioris
1422 1698 1502 1737 loci
1520 1704 1681 1752 partem

946 1761 1154 1807 tangente,
1200 1755 1256 1794 sic
1286 1757 1464 1795 subire
1494 1771 1679 1807 muros,

947 1814 1172 1852 exercitum
1211 1820 1318 1852 tum
1328 1815 1430 1853 ulis
1469 1815 1518 1853 ab
1564 1814 1680 1854 hoste

948 1872 1152 1924 occupatis
1182 1873 1317 1910 subii
1329 1886 1456 1922 cere,
1488 1873 1599 1924 quod
1621 1879 1680 1912 est

948 1930 1057 1982 apud
1083 1930 1169 1969 Liv.
1198 1930 1280 1979 VII,
1308 1930 1376 1972 24.
1438 1932 1590 1970 Contra
1608 1946 1680 1969 su-

938 2003 1017 2040 per
1034 1988 1083 2026 de
1104 2002 1162 2037 eo,
1195 1988 1306 2040 quod
1324 1989 1442 2028 estin
1463 1990 1679 2028 excelsiore

943 2047 1034 2097 10οο
1063 2046 1261 2098 positum,
1293 2047 1391 2085 Aen.
1423 2048 1453 2097 I,
1484 2046 1585 2090 680.ι
1602 2061 1678 2099 sq.:

944 2105 1092 2155 „Hunc
1115 2118 1184 2156 ego
1202 2127 1260 2134 -—
1281 2118 1436 2158 super
1467 2106 1574 2145 alta
1597 2106 1678 2158 Cy-

945 2162 1060 2201 thera
1073 2194 1084 2214 ,
1115 2162 1199 2201 Aut
1218 2177 1234 2200 s
1250 2176 1278 2201 u
1289 2178 1316 2216 p
1327 2177 1377 2202 er
1418 2164 1591 2203 Idalium
1612 2178 1678 2202 sa-

946 2227 1059 2260 crata
1087 2221 1181 2259 sede
1212 2222 1477 2261 recondam.“
1503 2223 1573 2262 ubi
1593 2222 1676 2261 vid.

944 2280 1037 2318 Not.
1074 2282 1145 2320 W
1138 2276 1193 2333 ν’.)
1225 2280 1349 2319 Nimis
1369 2287 1585 2332 angustum
1603 2286 1673 2319 est:

945 2337 1056 2389 quod
1085 2338 1135 2376 ad
1165 2338 1459 2389 aquaeductus,
1492 2339 1676 2379 cloacam

945 2402 986 2434 et
1005 2396 1269 2448 Capitolium,
1299 2396 1374 2435 hos
1394 2411 1534 2443 versus
1553 2412 1676 2437 revo—

945 2460 1038 2492 cant
1050 2469 1060 2504 3
1114 2453 1235 2507 (fecit
1276 2454 1357 2494 1100
1403 2456 1585 2495 Geissler.
1632 2456 1675 2494 in

945 2511 1080 2550 Schol.
1101 2512 1153 2550 ad
1172 2513 1313 2565 Georg.
1343 2527 1382 2566 p.
1405 2514 1444 2556 5.
1482 2512 1603 2568 Wr.)
1633 2521 1675 2553 at

943 2576 1065 2623 poeta
1086 2578 1141 2607 tot
1160 2570 1294 2620 urbes,
1329 2579 1384 2609 tot
1401 2572 1568 2623 oppida,
1586 2585 1675 2610 me-

943 2634 1098 2677 morat,
1131 2633 1171 2665 et
1189 2631 1376 2681 antiquos
1395 2644 1543 2669 muros.
1590 2631 1674 2669 Etsi

945 2699 1070 2738 aquae
1096 2685 1285 2725 ductibus
1325 2688 1571 2739 praesidium
1597 2703 1673 2742 pa-
1729 2700 1731 2703 ’

942 2757 1034 2783 rare
1049 2744 1175 2796 possis
1193 2758 1244 2783 ex
1263 2745 1390 2784 Rutil.
1415 2745 1446 2796 I,
1477 2750 1572 2798 101,
1602 2747 1674 2787 ubi

943 2802 992 2841 (10
1005 2802 1147 2840 iisdem
1165 2809 1316 2854 egerat:
1347 2805 1575 2857 Intercepta
1594 2808 1673 2844 tuis

941 2860 1166 2899 conduntur
1175 2862 1362 2912 flumina
1394 2865 1534 2901 muris.

939 2925 1000 2957 set
1020 2918 1119 2956 adeo
1138 2918 1250 2957 intra
1269 2920 1424 2959 urbem.
1730 2943 1734 2966 2

999 2977 1094 3019 158.
1131 2979 1255 3016 Mare
1282 2992 1474 3030 superam
1498 2984 1539 3017 et
1563 2978 1671 3030 infi-
1731 3005 1734 3029 ε

1597 2864 1672 2903 Ε5-
1731 2861 1734 2895 ἕ
