1768 3320
197 215 265 262 44
441 209 788 259 SPOHNII
832 204 1452 256 PROLEGOMENA

199 337 493 400 declarant,
531 353 588 386 se
608 336 886 386 amicitiam
914 342 965 383 et
987 346 1175 397 pacem
1199 337 1534 395 componere
1556 326 1710 392 velle,

197 408 361 475 idque
381 424 554 457 unum
575 423 690 455 sese
720 422 887 470 agere.
962 398 1268 452 Commodo
1290 399 1508 448 nuntius
1529 397 1712 447 allatus

200 486 278 528 est
298 518 311 542 ,
354 477 592 527 Fulviam
639 485 909 525 mortuam
955 487 1101 530 esse;
1152 468 1301 535 quod
1343 469 1711 534 gravissimum

196 548 645 615 impedimentum
654 544 866 597 Antonii
889 538 1199 591 conciliandi
1213 556 1382 606 quum
1401 538 1711 602 evanuisset,

197 635 297 685 per
318 618 629 680 Cocceium,
665 615 876 680 utrique
903 611 1023 661 duci
1046 610 1277 658 amicum
1310 618 1363 659 et
1386 626 1415 659 e
1445 608 1712 676 legatione

200 689 264 738 ab
302 687 590 738 Octaviano
637 685 703 734 ad
733 682 1026 734 Antonium
1063 679 1130 728 de
1168 678 1331 728 rebus
1362 679 1508 729 Lucii
1539 677 1713 727 fratris

201 767 393 808 aestate
419 757 475 808 ai.
494 762 607 808 713.
635 755 687 803 in
710 753 909 817 Syriam
931 751 1087 799 missa
1118 748 1262 815 apud
1293 749 1591 799 Antonium
1624 765 1712 798 su-

199 828 499 894 perstitem,
554 823 864 891 praesertim
912 837 1081 887 quum
1121 820 1419 869 Antonium
1455 827 1628 868 mater
1661 826 1714 867 et

199 898 329 949 Iulia
351 903 657 957 moverent,
694 893 849 957 legati
888 899 1011 939 sunt
1044 889 1109 939 ab
1141 898 1376 956 utroque
1409 889 1546 940 duce
1583 905 1714 938 con-

200 967 361 1016 stituti
399 966 466 1015 de
496 980 626 1031 pace
665 959 1056 1028 componenda.
1138 960 1402 1010 Antonius
1445 959 1714 1009 revocavit

202 1039 334 1087 Sext.
379 1034 695 1100 Pompeium
730 1034 784 1081 in
827 1030 1079 1091 Siciliam,
1115 1029 1542 1080 Ahenobarbum
1572 1029 1714 1078 misit

201 1124 322 1156 cum
344 1105 568 1172 imperio
587 1104 641 1152 in
668 1100 980 1166 Bithyniam.
1050 1103 1127 1150 Ex
1159 1100 1474 1150 Antonianis
1504 1099 1712 1151 Asinius

198 1175 397 1239 Pollio,
448 1175 537 1242 qui
563 1190 685 1222 cum
716 1170 1079 1222 Ahenobarbo
1115 1169 1182 1219 ad
1207 1171 1504 1221 Antonium
1537 1186 1713 1222 acces-

199 1255 337 1295 serat
359 1246 412 1293 in
432 1244 565 1293 mari
594 1243 747 1292 Ionio
776 1251 828 1291 et
855 1258 975 1290 cum
1006 1239 1104 1289 illis
1143 1240 1420 1307 appulerat
1448 1240 1514 1290 ad
1538 1242 1712 1290 Brun-

199 1316 434 1377 dusium,
483 1331 511 1363 e
547 1312 865 1363 Caesarianis
891 1314 1172 1361 Maecenas
1208 1310 1447 1360 adhibito
1482 1311 1710 1362 Cocceio

195 1384 417 1435 medio
455 1381 648 1433 foedus
677 1382 1080 1431 Brundusinum
1113 1390 1561 1447 composuerunt,
1598 1380 1711 1429 sine

197 1455 360 1505 dubio
381 1454 563 1520 primis
589 1452 775 1502 diebus
792 1452 991 1501 mensis
1015 1451 1278 1502 Octobris.
1353 1451 1595 1515 Octavia,
1624 1467 1712 1500 so—

194 1543 285 1574 ror
307 1522 855 1587 Octaviani,Marcello
877 1523 1072 1572 marito
1094 1538 1271 1588 nuper
1292 1530 1513 1572 mortuo
1537 1521 1711 1584 vidua,

194 1594 426 1646 Antonio
480 1592 732 1642 collocata
779 1602 868 1644 est.
971 1595 1093 1655 Quo
1134 1590 1362 1641 foedere
1409 1591 1710 1659 composito

197 1665 512 1714 Octavianus
556 1672 607 1711 et
634 1664 894 1712 Antonius
939 1664 1173 1713 Romam
1214 1662 1472 1714 abierunt.
1547 1663 1712 1713 Com—

196 1734 395 1793 munis,
432 1741 492 1782 ut
513 1731 686 1797 fuerat
704 1750 802 1799 per
828 1733 1132 1783 universam
1163 1731 1367 1781 Italiam
1384 1741 1563 1782 metus
1583 1730 1712 1781 belli

198 1803 458 1863 instantis,
508 1802 698 1851 laetitia
752 1812 803 1852 et
839 1803 1049 1870 publica
1098 1801 1344 1854 hilaritas,
1428 1801 1600 1852 Pollio
1630 1801 1712 1850 his

198 1873 491 1922 laetissimis
514 1873 845 1938 temporibus
873 1873 1094 1922 tandem
1126 1871 1318 1936 redUX‚
1346 1874 1556 1923 Romae
1587 1871 1714 1922 adiit

201 1942 574 2005 Consulatum,
614 1942 853 1993 nobilem
871 1961 970 2011 per
993 1943 1174 2008 legem
1199 1941 1502 1994 Falcidiam.
1586 1952 1588 1954 ’

333 2014 475 2062 Uxor
494 2011 745 2062 Pollionis
768 2031 889 2062 cum
915 2015 1108 2063 marito
1131 2029 1344 2062 reversa
1367 2013 1580 2079 peperit
1608 2011 1712 2061 fili-

196 2099 289 2131 um
338 2091 559 2131 exeunte
604 2083 874 2149 Septemb.
920 2093 1009 2133 aut
1043 2084 1266 2133 ineunte
1312 2083 1572 2146 Octobri,
1626 2091 1714 2132 aut

196 2151 374 2218 paullo
411 2160 558 2213 ante,
606 2162 694 2201 aut
732 2154 846 2219 ipso
879 2163 1156 2220 tempore,
1213 2170 1321 2220 quo
1352 2152 1526 2203 Pollio
1567 2154 1712 2204 Con-

205 2220 432 2271 sulatum
477 2221 611 2273 adiit.
682 2225 743 2273 In
782 2232 925 2273 tanta
966 2225 1246 2274 universae
1280 2223 1459 2273 Italiae
1503 2223 1712 2285 laetitia,

200 2308 365 2357 quum
390 2292 494 2340 iam
522 2291 831 2342 viderentur
861 2303 1042 2360 pacata
1073 2303 1322 2360 tempora
1368 2310 1430 2344 ex
1466 2292 1714 2356 flammis,

198 2359 465 2422 caedibus,
500 2363 750 2426 sanguine
783 2372 835 2412 et
863 2364 1052 2429 pugnis
1082 2364 1354 2431 progigni,
1395 2373 1448 2413 et
1475 2380 1537 2413 ex
1568 2380 1715 2412 sum-

195 2447 289 2479 mo
322 2431 731 2497 gravissimoque
758 2442 909 2482 metu
931 2444 983 2483 et
1002 2434 1240 2500 periculo
1263 2434 1510 2484 universa
1540 2433 1715 2483 civitas

199 2501 528 2564 emersisset,
575 2501 738 2568 idque
775 2502 1126 2567 beneficium,
1175 2522 1344 2572 quum
1389 2503 1619 2553 maxime
1649 2501 1713 2551 ab

197 2570 410 2619 Antonii
432 2579 579 2635 parte
597 2571 811 2621 instaret
827 2574 1123 2638 periculum
1142 2574 1294 2638 belli,
1334 2573 1483 2640 quod
1503 2574 1610 2622 iam
1628 2588 1715 2621 re-

195 2648 408 2687 motum
433 2649 554 2701 erat,
569 2657 665 2705 per
682 2657 1004 2705 generosum
1015 2644 1272 2694 Pollionis
1294 2644 1450 2709 legati
1474 2643 1715 2692 animum

198 2708 475 2773 contigisse
500 2709 901 2773 existimaretur3
926 2714 1168 2779 Virgilius
1193 2713 1375 2764 officio
1395 2713 1528 2778 grati
1553 2712 1713 2762 animi

199 2786 252 2827 et
270 2777 519 2827 benevoli
542 2777 725 2828 deesse
749 2780 883 2829 adeo
901 2800 1013 2831 non
1036 2785 1233 2849 potuit,
1274 2784 1403 2851 quin
1433 2782 1538 2832 suis
1551 2781 1715 2832 Musis

199 2863 548 2897 communem
585 2847 834 2898 laetitiam
876 2852 1196 2917 celebraret,
1244 2854 1313 2903 ita
1355 2852 1604 2920 quidem,
1640 2859 1714 2914 ut,

201 2917 282 2967 cui
306 2916 412 2967 hoc
442 2916 767 2967 beneficium
801 2920 1042 2985 publicae
1080 2924 1370 2974 securitatis
1401 2922 1631 2973 maxime
1662 2929 1716 2970 et
