1734 3320
169 209 272 256 690
417 206 471 254 P.
518 203 700 254 VIRG.
738 202 905 253 MAR.
940 201 1201 252 GEORG.
1231 202 1357 253 LIB.
1394 202 1471 254 IV

166 333 255 367 mihi
295 345 337 366 ex
370 331 515 378 antiqua
548 330 812 365 necessitudine
847 337 884 364 et
917 329 1107 377 disciplina
1138 342 1219 365 mea
1257 331 1408 375 debeat,
1450 331 1530 379 ipse
1561 332 1715 372 viderit!

169 382 305 426 (Quare
323 379 430 425 igitur
450 379 518 414 hos
547 379 694 412 ultimos
726 385 879 424 quatuor
907 378 1102 412 versiculos
1121 378 1354 413 abiiciemus'?
1385 392 1428 414 an
1441 405 1451 422 ,
1476 380 1574 426 quod
1592 380 1718 415 critica

167 428 382 463 auctoritate
415 426 683 461 destituuntur?
723 439 790 470 au,
833 426 931 471 quod
956 425 1097 472 inepti?
1131 439 1199 470 an,
1234 427 1331 472 quod
1354 439 1428 461 non
1453 427 1541 462 satis
1569 427 1717 462 Latini?

166 480 238 511 Aut
266 487 334 522 ego
364 475 523 510 caecutio
536 501 546 518 ,
581 481 641 508 aut
661 474 753 508 nihil
780 479 836 507 est
858 473 902 506 ‘in
919 472 976 507 his
994 486 1078 517 vss.,
1114 475 1212 519 quod
1227 486 1301 508 non
1321 475 1452 509 deceat
1470 477 1717 511 vatem‘Man-

166 532 321 559 tuanum.
368 526 416 557 At
449 522 565 564 enim,
600 521 631 555 si
660 521 800 568 priores
841 526 995 566 quatuor
1022 533 1092 556 vss.
1122 521 1192 557 559
1211 542 1257 548 —
1274 523 1332 558 62.
1361 522 1508 568 genuini
1535 529 1639 568 sunt,
1671 535 1717 557 ne

166 578 318 618 possunt
340 570 483 617 quidem
502 569 700 604 desiderari
718 582 788 603 VSS.
816 568 899 604 563.
917 580 1014 614 sqq.;
1049 575 1129 612 aut,
1164 568 1195 602 si
1211 582 1317 604 versu
1333 570 1415 607 562.
1435 583 1576 605 carmen
1599 570 1716 605 finiis—

166 627 221 654 set
248 619 440 665 Virgilius,
476 617 720 664 ineptissimus
749 622 845 650 esset
877 616 1033 649 omnium
1062 622 1270 662 poetarum,
1324 625 1413 664 quot
1438 625 1519 652 sunt
1549 625 1611 652 aut
1636 619 1716 653 aliis

167 674 272 702 erunt
299 667 337 700 in
365 665 478 701 annis.
526 669 641 711 Atque
669 664 752 710 ipsa
779 662 938 698 Genitivi
969 664 1024 698 oti
1047 664 1183 707 forma,
1217 664 1314 710 quod
1340 665 1433 699 vidit
1466 666 1715 711 sagacissimus

166 715 398 751 Weichertus
417 714 564 747 Dissert.
590 713 637 746 de
662 710 841 747 Versibus
858 711 1001 745 iniuria
1019 713 1203 758 suspectis
1222 724 1305 758 pag.
1330 712 1421 755 148„
1453 714 1607 760 probat,
1633 720 1716 748 ante

166 763 385 797 senescentis
416 760 567 806 Augusti
593 766 748 794 aetatem
774 759 864 792 haec
882 771 960 792 esse
989 759 1201 804 composita.
1235 779 1282 786 —-
1326 760 1418 794 Illud
1451 772 1537 795 vero
1564 760 1716 795 animum

165 823 238 846 non
259 810 454 845 advertisse
483 810 704 852 Interpretes
731 806 893 850 mireris,
927 806 1024 852 quod
1057 807 1146 840 haec
1167 806 1266 852 ipsa:
1293 808 1426 851 „Haec
1444 820 1555 854 super
1579 821 1716 844 arvo-

165 871 263 893 rum
295 858 392 892 cultu
434 867 729 903 pecorumque
755 854 945 896 canebam,
992 855 1039 887 Et
1062 866 1172 901 super
1207 855 1492 899 arboribus,
1539 856 1716 891 Caesar

165 907 299 940 dum“
325 912 393 939 etc.
419 911 578 938 evertunt
594 903 775 948 vulgarem
804 902 849 935 de
877 909 1060 947 tempore,
1092 913 1163 947 quo
1184 903 1363 949 Georgica
1379 902 1566 950 scripserit
1589 904 1715 949 Virgi-

165 955 235 988 lius
250 980 259 996 ‚
292 952 510 999 opinionem.
558 952 689 985 Putant
715 949 809 983 enim
834 956 974 994 septem
1009 961 1143 991 annos,
1176 951 1248 986 717
1268 971 1313 977 -
1330 950 1434 994 724„
1461 951 1545 986 huic
1570 952 1716 986 carmini

165 1002 358 1036 scribendo
377 1006 524 1046 poetam
542 997 773 1044 impendisse.
822 998 990 1042 Magnum
1017 1009 1103 1031 sane
1123 997 1298 1042 spatium!
1332 999 1408 1041 sed,
1434 999 1465 1032 si
1482 996 1598 1045 ipsur'n
1614 1000 1715 1034 audis

165 1048 374 1094 Virgilium,
399 1047 497 1081 intra
518 1058 630 1080 annos
648 1045 844 1082 723—25.
862 1051 979 1078 totum
1007 1056 1096 1090 opus
1133 1045 1335 1082 absolutum
1362 1058 1441 1080 esse
1469 1046 1539 1080 tibi
1563 1059 1715 1094 persua-

165 1097 278 1131 debis.
327 1097 457 1141 Neque
479 1100 535 1128 est
553 1093 745 1139 quidquam
765 1093 804 1126 iu
822 1092 904 1138 ipso
929 1091 1104 1136 carmine,
1131 1093 1228 1139 quod
1246 1093 1330 1129 huic
1347 1093 1510 1140 opinioni
1524 1101 1714 1141 repugnet,

164 1157 208 1178 ne
228 1146 293 1179 Ge.
312 1145 340 1187 I,
365 1142 448 1179 505.
471 1154 549 1188 sqq.
571 1141 629 1175 vel
648 1143 692 1184 11,
720 1142 799 1177 171.
818 1152 872 1186 sq,
893 1139 1048 1185 quidem.
1097 1140 1351 1184 Gravissimum
1370 1142 1417 1176 ad
1438 1142 1714 1177 confirmandam

164 1205 278 1227 meam
309 1190 524 1225 sententiam
549 1189 634 1223 inde
664 1188 806 1223 accedit
835 1188 997 1234 pondu8‚
1031 1188 1128 1233 quod
1156 1189 1348 1224 secundum
1367 1189 1497 1224 librum
1528 1196 1714 1236 postremo

162 1240 244 1274 loco
259 1243 535 1280 commemorat,
559 1244 685 1292 quarto
702 1236 811 1281 plane
828 1234 973 1269 omisso.
1024 1235 1131 1277 Quod
1150 1235 1182 1269 si
1199 1236 1278 1283 quis
1302 1244 1449 1284 quaerat
1461 1263 1472 1280 ,
1495 1245 1581 1284 post
1602 1236 1714 1273 abso-

163 1288 257 1322 lutas
276 1287 428 1332 Eologas
457 1291 541 1320 aute
567 1290 714 1331 incepta
744 1283 924 1328 Georgica
952 1281 1039 1328 quid
1065 1295 1185 1317 rerum
1211 1284 1328 1330 egerit
1352 1284 1550 1331 Virgilius,
1586 1285 1648 1330 id,
1673 1292 1714 1320 ut

163 1335 274 1370 multa
291 1335 330 1369 id
350 1346 461 1381 genus
478 1332 561 1377 alia,
586 1332 793 1379 ignoramus
810 1334 1022 1377 semperque
1042 1330 1298 1376 ignorabimus.
1329 1333 1427 1380 Wr.)

162 1432 236 1471 bus
251 1432 387 1471 adnue
410 1432 561 1484 coeptis
581 1431 652 1470 Ge.
676 1429 708 1479 I,
731 1427 803 1480 40,
821 1442 907 1468 non

163 1491 278 1544 quod
306 1490 497 1530 carminis
529 1503 655 1543 genus
684 1488 767 1527 tale
791 1493 906 1539 esset,

162 1550 277 1603 quod
320 1563 488 1602 magnos
533 1563 655 1588 ausus
703 1553 907 1601 posceret.

162 1610 303 1649 Tenue
345 1608 452 1648 enim
486 1621 613 1661 genus
646 1612 709 1645 est
744 1605 908 1646 bucoli-

163 1683 268 1708 cum.
329 1667 622 1707 Castelvetrius
662 1665 786 1719 Oper.
817 1664 909 1704 Cri-

161 1727 231 1767 tic.
255 1742 295 1781 p.
323 1725 420 1777 154,
451 1731 645 1766 monente
665 1725 821 1774 Burm.‚
857 1723 911 1762 ad

163 1786 247 1826 duo
286 1799 435 1838 genera
472 1785 717 1838 Eclogarum
757 1784 911 1827 refere-

965 1428 1063 1479 bat,
1106 1429 1283 1469 alterum
1311 1428 1488 1482 humile,
1537 1430 1713 1471 alterum

957 1488 1201 1540 sublimius,
1233 1494 1283 1528 ut
1301 1489 1386 1530 Ecl.
1414 1489 1482 1529 IV.
1510 1490 1577 1540 VI,
1611 1504 1713 1530 acu-

966 1553 1028 1598 te,
1084 1547 1198 1599 quod
1228 1549 1272 1587 in
1305 1550 1361 1605 τῷ
1386 1548 1531 1588 audax
1560 1548 1712 1601 haesit3

967 1611 1011 1644 at
1042 1606 1243 1645 sententia
1271 1605 1395 1646 huius
1426 1621 1570 1647 versus
1603 1623 1712 1661 quo—

966 1664 1092 1704 modo
1127 1665 1170 1704 in
1196 1665 1454 1706 castelvetrii
1477 1666 1711 1720 opinionem

967 1723 1096 1777 redigi
1119 1724 1271 1777 possit,
1311 1724 1503 1778 equidem
1537 1739 1624 1765 non
1642 1726 1711 1766 vi-

970 1782 1060 1822 deo.
