1768 3320
470 235 877 293 ΒΕΩΟΙιῙΟΑ
911 237 1075 289 ECL.
1110 239 1192 290 IV
1491 249 1589 296 129

4 385 14 390 ³
69 367 157 420 ipsa
186 365 295 406 enim
323 378 408 417 res,
437 364 621 405 vaticinii
646 364 804 405 indoles
839 371 881 404 et
906 365 995 415 lex,
1035 366 1325 406 enuntiationis
1345 369 1490 410 modus
1517 385 1591 424 per

68 420 251 478 nythica
271 429 531 474 ornamenta,
562 435 722 462 omnem
740 429 933 463 conatum
951 396 1237 463 ειιιιὶειιιιιιιιιιιι.

183 481 277 523 Non
289 480 513 521 oraculum
531 481 708 534 Sibyllae
735 481 804 520 sed
826 481 993 520 Hesiodi
1019 488 1197 533 quatum
1215 487 1366 521 aetates
1385 497 1408 520 a
1426 483 1591 523 Marone

68 539 213 599 respici
228 539 503 586 contendebat
516 539 700 578 Fabricss
689 553 733 578 111
750 539 852 578 Bibl.
871 540 941 578 Gr.
960 539 1074 578 Tom.
1101 540 1132 589 Ι,
1152 542 1221 589 31,
1244 542 1310 582 19.
1367 540 1498 580 Fuere
1526 549 1592 581 ta-

68 597 301 659 ωοῃῶιιιιιιε
314 598 469 652 generis
495 604 541 636 et
561 603 706 637 vatum
726 604 767 636 et
790 603 1006 650 poetarum
1035 598 1147 636 lusus
1168 597 1287 636 multi
1303 598 1380 637 alii.
1439 599 1517 637 In
1507 614 1591 664 ipso

70 663 231 710 qunque
259 656 437 699 Hesiodo
462 670 547 695 non
571 653 669 694 satis
693 662 834 708 aperta
859 661 922 694 est
945 661 1125 694 aetatum
1142 654 1269 705 ratio,
1299 656 1389 695 loco
1404 657 1536 695 sorte
1525 672 1592 695 m-

68 714 286 769 terpolato.
343 715 401 754 De
417 714 665 753 obscuritate
688 713 874 752 carminis
890 726 1102 779 perperam
1131 720 1438 765 conqueruntur
1456 713 1591 754 homi-

69 785 142 812 nes
158 772 291 823 docti,
319 771 653 825 quandoquidem
670 771 751 811 hoc
777 772 910 824 ipsum
936 771 989 810 ad
1006 772 1187 811 vaticinii
1202 771 1380 811 indolem
1400 773 1591 825 pertinet,

69 837 120 870 ut
145 844 219 885 per
235 828 419 884 ambages
435 831 652 869 obscurata
667 830 721 869 sit
735 830 877 869 oratio.
937 830 1043 868 Tum
1058 843 1157 869 vero
1176 830 1351 882 singulos
1371 844 1512 869 versus
1541 831 1592 869 ad

69 888 272 955 singulare
295 888 460 940 aliquod
484 888 659 927 istorum
684 895 916 941 temporum
940 888 1094 927 sactum
1119 901 1193 926 rev
1195 901 1312 927 ocare
1339 888 1470 938 velle,
1508 903 1593 927 non

69 946 204 991 minus
229 947 348 987 inane
372 946 555 986 studium
578 952 659 996 est,
690 960 813 998 quam
840 945 952 998 quod
975 946 1217 999 interpretes
1247 947 1506 985 oraculorum
1526 961 1592 985 sa-

64 1018 237 1059 crorum
259 1004 373 1058 sequi
396 1004 555 1054 videas,
592 1018 686 1043 cum
713 1004 867 1056 sing-ula
885 1003 1169 1057 phantasmata
1188 1010 1352 1054 vatum,
1383 1011 1594 1056 tamquam

69 1058 165 1103 siin
180 1063 390 1103 annalibus
424 1062 554 1102 Taciti
581 1062 749 1101 alicuius
773 1068 1010 1112 versentur,
1039 1062 1147 1102 inter
1173 1062 1278 1115 ipsas
1298 1076 1363 1101 res
1381 1069 1510 1115 gestas
1523 1076 1593 1101 re—

69 1121 228 1171 ferunt,
258 1127 301 1162 et
318 1119 732 1175 poetica‘ornamenta
751 1120 805 1158 ad
823 1121 1027 1159 sactorum
1044 1119 1166 1158 fidem
1187 1120 1413 1173 explorant.
1459 1121 1592 1159 Etiam

69 1177 282 1220 Lowthius
298 1181 461 1219 Summe
477 1179 576 1218 ven.
595 1179 724 1232 Episc.
743 1179 1116 1217 Londin.Praelect.
1135 1178 1247 1217 XXI.
1268 1178 1426 1217 erudite
1445 1178 1494 1217 de
1516 1177 1594 1218 hac

70 1236 218 1290 Ecloga
235 1237 337 1291 agit,
367 1250 533 1289 eamque
553 1237 717 1276 omnino
736 1237 916 1290 expediri
933 1250 1049 1290 posse
1065 1243 1203 1289 negat,
1234 1250 1309 1276 nec
1324 1237 1501 1275 multum
1518 1237 1593 1275 ab-

70 1301 150 1346 est,
180 1296 281 1348 quin
309 1295 385 1335 sibi
409 1295 675 1349 persuadeat,
714 1309 799 1334 non
825 1295 908 1333 sine
938 1295 1025 1334 veri
1054 1295 1118 1333 dei
1138 1295 1277 1334 afflatu
1296 1308 1384 1332 eam
1401 1295 1593 1347 scriptam

71 1366 174 1392 esse:
213 1360 357 1394 contra
383 1367 504 1405 quam
532 1352 774 1392 sententiam
799 1352 1053 1405 disputatum
1081 1359 1143 1391 est
1165 1366 1296 1405 nuper
1322 1353 1514 1404 singulari
1539 1353 1594 1391 li-

68 1411 177 1451 bello
204 1426 228 1450 a
255 1413 347 1451 viro
375 1411 521 1461 docto,
557 1412 669 1450 Sam
696 1411 869 1463 Henley.
928 1411 970 1449 Si
995 1410 1083 1462 quis
1106 1417 1245 1449 tamen
1264 1411 1397 1449 animo
1415 1416 1593 1463 reputet,

71 1469 245 1509 aliorum
273 1483 434 1522 quoque
457 1469 724 1523 populorum,
762 1474 925 1521 praeter
956 1468 1155 1518 Iudaeos,
1196 1474 1309 1508 vates
1337 1474 1378 1506 et
1402 1468 1594 1508 vaticinia

72 1527 169 1566 olim
183 1528 304 1568 fuisse
321 1541 539 1581 permagno
558 1540 751 1577 numero;
779 1540 920 1566 eorum
936 1541 1061 1579 porro
1078 1533 1222 1565 vatum
1237 1526 1395 1578 ingenia
1413 1540 1495 1565 non
1514 1526 1593 1565 mi-

71 1599 149 1624 nus
174 1586 387 1625 incaluisse
411 1585 762 1638 phantasmatibus
789 1591 830 1623 et
860 1585 957 1623 visis
982 1585 1168 1637 poeticis,
1209 1597 1281 1623 seu
1298 1584 1502 1637 poeticum
1522 1598 1592 1623 or-

70 1649 216 1683 natum
243 1643 551 1683 admittentibus
558 1659 570 1694 ;
599 1644 835 1695 quotiesque
858 1642 903 1680 ιιι
920 1642 1060 1681 eodem
1084 1649 1320 1694 argumento
1339 1655 1411 1680 seu
1427 1642 1593 1680 calami-

70 1707 207 1741 tatum
239 1701 605 1755 praedicendarum
632 1714 704 1740 seu
725 1700 929 1740 felicitatis
958 1700 1142 1752 publicae
1166 1701 1429 1753 privataeque
1455 1706 1593 1738 osten-

73 1759 230 1798 dendae
253 1766 539 1809 versarentur,
578 1758 801 1798 necessario
831 1759 876 1797 in
898 1758 1038 1797 eadem
1060 1772 1199 1797 rerum
1221 1757 1505 1811 phantasmata
1526 1771 1594 1796 eos

70 1817 250 1857 incidere
281 1818 482 1858 debuisse:
520 1832 606 1856 non
636 1817 737 1856 adeo
764 1816 1000 1866 mirabitur,
1046 1816 1308 1855 adumbratas
1338 1829 1421 1854 esse
1445 1817 1488 1855 in
1513 1814 1595 1854 hoc

72 1876 250 1915 carmine
263 1905 275 1925 ,
303 1881 354 1915 ut
378 1876 423 1915 ιιι
447 1882 516 1915 ιοι
540 1876 647 1925 aliis,
676 1888 816 1914 rerum
843 1875 991 1928 species
1019 1888 1067 1913 ac
1081 1875 1229 1913 formas
1250 1887 1302 1912 ex
1320 1880 1451 1912 aetate
1472 1887 1595 1912 aurea

70 1934 199 1986 iisque
225 1934 393 1984 similes,
430 1946 533 1986 quae
555 1934 599 1972 in
625 1933 833 1972 Hebraicis
860 1933 1025 1972 vatibus
1054 1938 1297 1983 ocem-runt3
1334 1939 1384 1971 ut
1407 1932 1510 1970 illud
1527 1938 1594 1970 ta—

72 2005 185 2031 ceam
201 2022 214 2042 ,
262 1991 308 2031 in
339 2006 483 2044 magno
513 1991 584 2031 illo
617 1991 906 2045 Sibyllinorum
947 1991 1206 2030 oraculorum
1239 2003 1430 2040 numero,
1474 2003 1594 2042 quem

71 2051 208 2104 paullo
234 2056 329 2089 ante
355 2050 553 2099 vidimus,
592 2049 723 2089 multa
741 2062 823 2088 esse
844 2049 1026 2088 debuisse
1053 2063 1074 2087 a
1100 2049 1212 2101 Syris
1230 2054 1270 2087 et
1287 2048 1444 2087 Iudaeis
1459 2047 1595 2086 homi-

71 2108 192 2148 nibus
207 2114 441 2161 propagata.
499 2108 675 2147 Noluere
700 2108 781 2147 viri
809 2106 921 2146 docti
952 2106 1060 2146 hanc
1079 2107 1267 2158 Eclogam
1283 2107 1390 2145 inter
1405 2106 1595 2145 Bucolica

71 2166 235 2206 referri:
264 2179 367 2218 quae
382 2180 448 2205 res
468 2166 632 2204 omnino
649 2179 701 2204 ex
715 2165 902 2204 carminis
917 2165 1096 2203 Bucolici
1114 2165 1281 2203 notione
1299 2178 1347 2202 ae
1363 2164 1595 2202 definitione

74 2223 334 2263 diiudicanda
356 2230 428 2262 est.
486 2224 595 2263 Illud
613 2225 749 2263 notari
768 2223 908 2272 debet,
936 2223 1012 2261 etsi
1027 2229 1310 2274 argumentum
1337 2236 1388 2260 ex
1405 2222 1491 2274 ipsa
1508 2222 1595 2260 vita

71 2282 227 2322 rustica
251 2282 426 2335 petitum
451 2281 531 2320 dici
560 2288 756 2334 nequeat,
794 2282 856 2320 ita
880 2287 1017 2319 tamen
1046 2281 1150 2319 illud
1174 2294 1257 2318 esse
1274 2286 1518 2329 tractatum,
1547 2286 1596 2319 ut
1650 2296 1652 2300 ⁴

74 2339 296 2379 sententiae
312 2346 354 2379 et
380 2339 572 2392 imagines
594 2353 734 2379 rerum
760 2340 843 2378 sive
871 2339 922 2376 ab
939 2352 986 2376 ea
1011 2338 1098 2378 vita
1117 2339 1200 2377 sive
1218 2353 1241 2376 a
1259 2339 1345 2377 vita
1361 2337 1596 2389 antiquissi-

71 2412 235 2438 morum
247 2397 461 2437 hominum
487 2398 698 2437 arcessitae
714 2398 808 2436 sint.
868 2397 1056 2436 Ceterum
1073 2402 1114 2435 et
1138 2397 1182 2435 in
1198 2396 1278 2435 hoc
1303 2396 1479 2435 cai-mine
1496 2409 1596 2448 poe-

73 2462 160 2495 tam
183 2456 546 2510 interpretabimur
574 2456 627 2494 ad
653 2469 814 2495 sensum
846 2461 1055 2494 nostrum:
1094 2454 1147 2493 ad
1173 2454 1437 2493 refellendum
1454 2467 1596 2505 quem-

74 2528 198 2567 quam
215 2528 300 2554 non
317 2514 617 2553 descendemus.
675 2513 846 2563 Quoties
871 2513 952 2552 fide
971 2511 1167 2551 historica
1195 2518 1306 2551 certa
1326 2512 1595 2561 destituimur,

75 2572 284 2624 omnisque
297 2586 364 2612 res
381 2572 434 2611 ad
453 2573 725 2611 coniecturam
742 2571 868 2621 redit,
898 2571 1071 2610 liberum
1091 2571 1235 2622 cuique
1249 2583 1332 2608 esse
1352 2569 1490 2618 debet,
1520 2582 1596 2622 pro

73 2631 233 2683 ingenio
261 2645 335 2670 suo
365 2631 547 2680 ariolari,
586 2637 676 2681 aut,
707 2630 740 2669 si
764 2630 891 2678 nolit,
932 2629 1097 2669 omnino
1126 2642 1213 2667 non
1247 2627 1426 2667 ariolari:
1455 2627 1498 2665 in
1517 2640 1595 2677 qua

75 2688 238 2741 quidem
264 2695 374 2728 secta
398 2702 463 2727 me
487 2702 569 2726 esse
599 2689 808 2741 profiteor.
867 2687 1098 2727 Imitatione
1126 2700 1311 2739 magnam
1335 2691 1493 2738 partem
1522 2697 1597 2721 ex·-

74 2747 221 2800 pressit
238 2747 478 2800 Calpurnius
495 2747 579 2786 Ecl.
599 2747 629 2797 Ι,
649 2749 705 2789 36
722 2759 808 2798 sqq.

148 3098 357 3147 Vnica.
395 3099 539 3148 Tou.
572 3099 612 3146 Ι.
1287 3095 1321 3138 9
