1768 3320
167 223 263 269 188
511 218 565 266 P.
602 216 954 266 VIRGILII
987 213 1361 264 MARONIS

159 339 918 419 MELIBOEUS.
1026 337 1675 420 CORYDON.

436 477 444 486 ·
645 435 1191 509 THYRSIS.

159 580 214 615 M.
288 529 476 614 Forte
501 562 599 612 sub
625 570 804 626 arguta
826 558 1144 609 consederat
1161 559 1278 611 ilice
1298 560 1554 629 DaphniS,

161 644 639 712 Conpulerantque
651 658 837 708 greges
852 641 1106 707 Corydon
1122 651 1174 692 et
1187 642 1402 708 Thyrsis
1423 643 1478 692 in
1489 659 1677 705 unum,

229 745 276 791 2.
312 753 487 799 UNUM3

210 858 228 892 1
254 854 321 889 sub
352 857 506 909 antiqua
529 853 647 888 Schol.
675 854 800 887 Horat.
817 853 931 898 Epod.
951 854 986 888 2.
1035 853 1248 887 conszderat
1273 853 1419 887 Mentel.
1441 867 1461 888 a
1487 867 1532 888 ιιι.
1559 866 1613 899 pr.
1642 862 1679 888 et

157 903 309 948 Regius,
335 901 558 948 exquisitiore
576 901 707 940 forma3
743 900 806 933 sed
824 906 969 933 tuentur
988 898 1023 932 h.
1045 899 1068 932 l.
1091 900 1316 934 Grammatici
1336 900 1473 947 antiqui
1491 901 1678 947 vulgatam.

160 949 303 995 (Summi
325 949 417 982 iuter
437 950 584 982 Batavos
611 946 750 989 critici,
788 946 867 980 Nic.
887 946 1070 990 Heinsius,
1103 949 1153 980 Io.
1178 948 1236 980 Fr.
1260 949 1436 991 Gronov„
1469 949 1677 991 Broukhusq

157 998 341 1030 Burmann.
367 1003 533 1041 uterque,
558 994 686 1040 aliique
703 1012 752 1019 —-
771 987 842 1028 vid.
867 993 1048 1039 inprimiS,
1084 1005 1171 1039 quos
1198 994 1320 1028 laudat
1340 995 1519 1030 Drakenb.
1547 996 1593 1029 ad
1618 996 1678 1031 Si-

157 1045 243 1078 lium
260 1046 304 1086 V,
323 1045 357 1080 3.
384 1050 418 1076 et
434 1047 598 1077 Arntzen.
617 1042 662 1075 ad
680 1041 768 1075 Plin.
790 1041 919 1086 Paneg.
946 1054 974 1075 e.
997 1042 1053 1077 16.
1073 1061 1118 1066 —
1144 1042 1302 1076 certatim
1322 1042 1499 1077 veteribus
1520 1043 1677 1088 scripto—

158 1092 254 1125 ribus
276 1092 420 1124 verbum
436 1090 572 1131 szdere,
597 1089 743 1122 maxime
764 1096 877 1122 autem
895 1101 937 1122 ex
955 1099 997 1122 eo
1016 1088 1231 1133 composita,
1258 1100 1323 1134 pro
1340 1083 1450 1123 verbo
1469 1091 1598 1124 sedere
1614 1103 1677 1124 re—

158 1138 323 1178 stituunt3
360 1144 396 1171 et
416 1136 552 1182 quoties
577 1136 652 1169 fere
677 1136 877 1169 Perfectum
900 1136 981 1169 sedi
1006 1134 1156 1180 legitur,
1189 1135 1294 1170 aliam
1317 1137 1491 1182 quandam
1517 1137 1677 1179 sormam,

157 1186 247 1227 aidi,
282 1197 353 1218 non
379 1184 491 1218 solum
511 1184 772 1224 commendant,
810 1182 873 1215 sed
898 1182 1001 1215 etjam
1025 1182 1062 1215 in
1081 1189 1179 1216 texta
1196 1183 1380 1228 recipiunt.
1430 1185 1483 1217 Ut
1501 1196 1613 1229 pauca
1631 1185 1677 1218 de

156 1212 272 1266 mult’is
299 1232 455 1265 afferam:
481 1230 643 1264 Heinsius
663 1230 763 1264 Ovid.
782 1231 846 1275 Ep.
868 1230 992 1272 XVII,
1021 1230 1098 1266 190.
1133 1231 1284 1271 residit,
1318 1236 1354 1264 et
1371 1231 1566 1265 Broukhus.
1583 1233 1676 1265 Pro—

157 1288 247 1324 pert.
269 1281 335 1320 ΙΙΙ,
358 1280 398 1320 7,
420 1279 477 1314 37.
502 1278 633 1312 sz‘dcsse
650 1277 825 1320 inferunt,
850 1289 955 1322 quum
975 1288 1115 1319 omnes,
1140 1276 1209 1310 nisi
1223 1256 1350 1320 fallor,
1376 1277 1517 1312 codices
1539 1279 1678 1313 resedzt

158 1333 195 1360 et
212 1327 349 1360 sedisse
367 1331 539 1359 tueantur.
587 1324 737 1359 Vossius
755 1325 800 1357 de
816 1303 967 1369 'Analog.
990 1323 1015 1357 l.
1036 1325 1094 1358 111.
1122 1337 1150 1358 c.
1166 1325 1238 1366 26„
1264 1336 1333 1370 quo
1353 1326 1562 1370 comprobet
1580 1325 1677 1360 illam

155 1373 308 1407 Perfecti
324 1373 470 1406 formam
487 1372 569 1414 sicli,
594 1384 699 1405 unum
719 1371 822 1405 affert
841 1371 957 1404 locum
975 1370 1156 1404 Columell.
1170 1350 1251 1414 ΧΙΙ,
1272 1369 1349 1413 24.;
1374 1372 1438 1405 sed
1456 1372 1507 1406 ibi
1523 1372 1676 1418 optimos

155 1420 266 1453 libros
298 1420 434 1454 sederit
460 1419 651 1464 praebere,
684 1418 917 1453 Schneiderus
941 1424 1105 1452 testatur.
1153 1419 1349 1452 Prudenter
1372 1419 1479 1453 etiam
1497 1420 1675 1454 Drakenb.

155 1468 200 1501 ad
224 1467 360 1508 Liv.11‚
381 1468 490 1508 29‚6.
515 1466 609 1500 illam
622 1466 774 1500 Perfecti
790 1467 938 1499 formam
958 1478 978 1498 a
997 1465 1097 1498 Livio
1119 1466 1305 1499 arcendam
1323 1465 1467 1500 iudicat.
1515 1468 1560 1501 Et
1581 1467 1676 1512 quod

155 1515 249 1559 apud
278 1493 391 1548 Tacit.
416 1514 539 1548 Annal.
563 1515 598 1556 Ι,
627 1515 684 1549 30.
710 1513 948 1547 considerant
975 1512 1013 1545 in
1043 1512 1126 1546 edit.
1157 1514 1310 1547 Gronov.
1339 1513 1490 1559 legitur,
1521 1513 1675 1560 Lipsius,

154 1562 330 1606 Ryckius,
363 1561 521 1603 Ernesti,
559 1540 743 1594 Oberlinus
770 1573 814 1594 ne
842 1566 1116 1594 commemorant
1144 1559 1295 1606 quidem.
1342 1560 1518 1595 Audiendi
1537 1568 1619 1595 sunt
1637 1561 1676 1594 iu

154 1609 218 1642 tali
243 1621 282 1642 re
305 1608 543 1650 Grammatici3
577 1607 635 1654 qui
662 1608 802 1654 quidem
821 1613 956 1640 tantum
985 1607 1087 1640 abest
1113 1614 1151 1640 ut
1170 1607 1342 1641 eiusmodi
1365 1608 1514 1642 formam
1533 1620 1674 1654 propo-

154 1663 258 1696 nant,
283 1663 320 1688 ut
339 1655 535 1689 Priscianus
562 1655 587 1688 l.
607 1657 656 1695 X,
683 1653 717 1697 4,
742 1656 799 1691 23.
830 1662 936 1699 neget
955 1666 993 1687 se
1015 1653 1191 1688 invenisse
1207 1655 1330 1688 Perseo
1319 1661 1406 1688 tum
1423 1655 1524 1689 verbi
1541 1656 1673 1690 sidere.

154 1705 200 1736 At
220 1703 344 1736 eodem
363 1703 475 1745 libro,
501 1702 615 1748 inquit
635 1702 852 1744 Broukhus„
877 1701 972 1734 idem
990 1701 1078 1735 haec
1099 1700 1224 1736 habet.
1257 1703 1378 1744 „Sido
1399 1710 1584 1747 praeterea
1602 1702 1677 1736 eidi

154 1750 282 1783 facit.“
330 1750 399 1783 Vix
418 1750 539 1783 credas
558 1749 686 1783 oculis!
714 1750 877 1794 leguntm
894 1749 984 1782 haec
1004 1760 1077 1782 non
1099 1748 1147 1782 ita
1162 1749 1271 1794 longo
1293 1756 1375 1794 post
1395 1749 1457 1784 illa
1474 1749 1673 1792 intervallo,

156 1798 186 1842 §-
205 1798 263 1832 29.
311 1798 404 1841 Ergo
424 1804 494 1830 tam
519 1797 636 1830 brevis
653 1796 720 1830 suit
736 1796 925 1830 memoriae
943 1795 1162 1838 Priscianus,
1187 1804 1223 1830 ut
1240 1795 1324 1839 illa,
1345 1809 1439 1850 ‘quae
1457 1797 1563 1831 modo
1581 1796 1674 1831 scri-

154 1850 298 1889 pserat,
324 1844 451 1877 oblitus
472 1844 577 1888 plane
597 1844 651 1877 his
675 1843 848 1878 contraria
865 1843 1077 1877 tradiderit?
1118 1843 1245 1877 Levius
1270 1851 1323 1877 est
1342 1843 1379 1877 in
1399 1843 1455 1877 his
1473 1844 1589 1878 verbis
1615 1843 1674 1879 vi·-

154 1891 263 1932 tium,
289 1891 381 1936 quod
394 1900 592 1937 praeterea
611 1891 744 1932 editur,
778 1903 883 1945 quum
904 1890 1056 1924 dubitari
1077 1890 1135 1923 vix
1155 1891 1288 1935 possit,
1322 1890 1406 1936 quin
1425 1892 1673 1925 Praeteritum

155 1937 337 1982 scripserit
352 1938 558 1971 Priscianus.
607 1941 651 1972 At
667 1938 755 1971 illud
773 1938 923 1982 primum
942 1937 1019 1970 iure
1041 1937 1198 1980 mireris,
1223 1949 1327 1984 quum
1349 1944 1487 1979 cetera,
1513 1950 1602 1984 quae
1621 1938 1672 1972 ibi

154 1985 362 2026 afferuntur,
387 1985 501 2019 omnia
530 1985 697 2030 exemplis
727 1998 746 2018 a
770 1985 948 2019 Prisciano
981 1984 1222 2026 illustrentur,
1253 1984 1344 2018 nihil
1362 1985 1422 2019 hic
1442 1984 1566 2028 adiici,
1601 1997 1671 2032 quo

155 2033 401 2076 comprobetur
427 2032 515 2065 illud
539 2034 620 2066 sildz
670 2032 782 2075 Quid,
815 2033 911 2078 quod
941 2032 992 2065 ita
1017 2031 1080 2065 ille
1108 2032 1247 2077 pergit:
1283 2032 1418 2075 „Cuius
1444 2052 1490 2058 --
1520 2033 1601 2067 sido
1625 2053 1670 2058 —

152 2079 410 2112 Praetelitum‘
400 2091 436 2112 ιιι
458 2091 521 2112 usu
541 2092 611 2113 non
633 2087 705 2122 est,
729 2100 773 2104 —-
795 2100 840 2105 —
866 2079 991 2113 debuit
1012 2078 1103 2112 enim
1123 2081 1190 2112 szsi
1212 2091 1310 2120 esse;
1333 2080 1397 2113 sed
1415 2079 1543 2114 utimur
1558 2080 1671 2114 Prae—

153 2125 262 2158 terito
286 2126 393 2159 sedeo
413 2127 532 2168 verbi,
564 2127 602 2159 id
632 2133 685 2160 est
706 2127 804 2168 sedi,
838 2139 904 2172 pro
933 2125 1126 2170 supiadicti
1156 2138 1294 2171 quoque
1321 2126 1420 2160 verbi
1446 2147 1490 2152 —
1519 2127 1600 2161 .ιὶἀο
1625 2147 1670 2152 -

152 2173 359 2206 Praeterito.
373 2175 394 2191 “
442 2176 598 2218 Apparet
616 2174 741 2219 igitur,
767 2186 833 2218 pro
859 2175 932 2208 sidi
950 2173 1174 2206 scribendum
1194 2185 1271 2206 esse
1288 2174 1383 2214 sedi3
1407 2173 1479 2207 vid.
1503 2175 1548 2208 V.
1566 2174 1606 2207 L.
1626 2174 1671 2207 ad

152 2221 238 2253 Aen.
259 2221 317 2262 ΙΙΙ,
341 2220 421 2255 565.
468 2223 579 2266 Atque
601 2229 638 2255 ut
664 2221 734 2254 hoc
753 2222 896 2255 addam:
934 2220 993 2266 qui
1019 2219 1137 2265 potuit
1153 2220 1349 2254 Priscianus
1371 2220 1461 2255 illud
1486 2222 1554 2255 sisi
1569 2232 1670 2255 com—

152 2266 312 2309 minisci,
338 2267 367 2300 si
385 2267 458 2300 sicli
474 2275 609 2301 exstare
629 2269 800 2302 noverat?
824 2270 944 2313 Itaque
960 2267 1072 2301 omnis
1094 2279 1151 2300 res
1173 2279 1215 2301 eo
1233 2267 1338 2309 redit,
1363 2275 1401 2301 ut
1414 2268 1523 2302 verba
1543 2268 1672 2301 sedere

154 2321 190 2347 et
206 2314 325 2347 szdere
349 2314 553 2358 saepissime
575 2315 741 2348 confundi
769 2315 806 2348 in
830 2316 932 2349 codd.
963 2314 1138 2354 dicamus;
1160 2334 1206 2340 -—
1238 2314 1288 2348 ita
1307 2315 1402 2359 apud
1421 2314 1565 2357 Quintil.
1585 2316 1669 2349 Inst.

153 2363 212 2394 Or.
230 2362 272 2402 ΙΙ,
302 2363 332 2396 1.
359 2373 461 2406 quum
487 2360 675 2395 subsideat
702 2362 780 2406 ipsa
806 2363 943 2407 flagitet
965 2361 1162 2404 sententia,
1195 2361 1334 2395 codices
1362 2369 1480 2395 tamen
1507 2361 1669 2407 plerique

153 2406 322 2441 subsidat
342 2407 508 2440 exhibent
529 2428 572 2433 -—
604 2416 657 2451 et,
693 2421 795 2453 quum
814 2423 833 2443 e
853 2417 957 2454 atque
975 2411 990 2443 i
1007 2408 1151 2442 infinitis
1173 2408 1261 2442 locis
1282 2408 1376 2442 inter
1399 2421 1437 2442 se
1461 2415 1669 2453 permuten-

151 2461 226 2496 tur,
251 2466 323 2487 non
340 2467 416 2488 esse
434 2455 646 2498 mirandum,
671 2455 702 2489 si
723 2468 788 2500 pro
806 2458 945 2490 sedzsse
964 2456 1141 2490 interdum
1160 2456 1293 2489 Sidis-se
1311 2461 1347 2489 et
1363 2455 1519 2490 similia
1508 2455 1670 2489 invenia-

151 2514 239 2535 mus.
286 2502 501 2535 Considerac
522 2513 587 2546 pro
608 2503 825 2537 consederat
845 2504 949 2538 etiam
961 2503 1089 2537 Medic.
1101 2506 1186 2536 Aen.
1205 2503 1254 2545 X,
1274 2503 1355 2538 780.
1386 2502 1479 2547 Wr.)
1527 2504 1552 2538 2
1571 2505 1669 2536 Con-

147 2549 301 2596 pulerat
319 2548 486 2582 Rottend.
522 2551 571 2593 (et
598 2549 669 2582 duo
691 2551 774 2584 Mss.
796 2551 925 2594 Cortii,
960 2563 1061 2597 quem
1085 2550 1155 2584 vid.
1184 2549 1230 2583 ad
1243 2550 1372 2583 Lucan.
1391 2551 1419 2592 Ι,
1450 2549 1528 2587 115.
1569 2550 1666 2595 Wr.)

211 2657 248 2696 1.
278 2662 427 2706 arguta
445 2655 534 2692 ilice
550 2685 560 2703 ,
594 2655 673 2694 levi
695 2670 786 2694 cum
806 2670 876 2694 su-
933 2657 1053 2696 liboei
1085 2655 1267 2695 narratio
1304 2654 1429 2694 habet
1470 2669 1668 2694 summam

151 2725 268 2751 surro
303 2725 350 2750 ac
386 2725 614 2762 murmure,
657 2727 728 2751 seu
766 2714 877 2752 sibilo
937 2721 978 2754 et
997 2711 1191 2766 ἀφέλειαν
1222 2720 1264 2752 et
1286 2714 1539 2753 suavitatem.
1587 2714 1667 2752 Ili-

149 2769 283 2820 venti,
304 2770 462 2823 agitata.
494 2770 558 2808 Sic
578 2771 737 2808 Graecis
756 2772 876 2810 arbor
934 2787 1020 2811 cem
1034 2772 1077 2810 in
1098 2785 1193 2824 agro
1206 2771 1428 2811 Mantuano
1445 2786 1528 2811 non
1546 2771 1666 2821 nasci,

151 2825 266 2884 ᾅδει,
298 2828 521 2883 συρίζεται,
561 2830 779 2881 μελίζεται,
809 2839 878 2880 ψι-
934 2837 983 2869 ut
1014 2844 1087 2869 nec
1123 2830 1284 2883 pinum,
1334 2843 1410 2868 nec
1435 2830 1667 2883 iuniperum

149 2886 320 2940 θνρίζει.
378 2886 621 2938 Expressum
659 2899 757 2924 vero
798 2886 879 2925 hoc
934 2902 974 2926 v.
997 2887 1073 2938 24,
1104 2893 1219 2927 notat
1245 2887 1542 2928 Castelvetrius.
1587 2887 1666 2926 Sed

148 2944 309 2984 initium
322 2943 508 2982 carminis
524 2942 891 2996 exTheom-dell„
935 2946 1039 2998 Rayi
1086 2952 1127 2984 et
1171 2944 1375 2984 Matthioli
1423 2945 1667 2985 auctoritate

148 3002 214 3052 VI,
235 3005 253 3044 1
277 3015 334 3054 sq.
351 3008 393 3041 et
407 3001 512 3052 VIII,
532 3004 551 3043 1
576 3015 660 3054 sqq.
688 3001 776 3054 Ipsa
791 3002 878 3040 Mc—
935 3015 1027 3042 cum
1061 3003 1210 3043 refellit
1250 3003 1457 3043 Martinus.
1516 3003 1665 3043 Saltem
