1768 3320
323 184 816 243 GEOR‘G'ICON
853 190 994 241 LIB.
1020 190 1070 254 1,
1101 196 1365 246 97—105

1500 202 1604 249 303

73 319 270 370 Laetus
291 334 441 384 ager3
476 317 633 368 nullo
652 326 865 368 tantum
883 334 941 368 se
959 318 1127 383 Mysia
1147 318 1297 369 cultu

72 391 261 454 Iactat,
298 397 353 439 et
376 388 490 455 ipsa
511 405 631 438 suas
650 389 916 439 mirantur
936 390 1164 454 Gargara
1181 389 1385 441 messis,

76 456 222 524 Quid
248 457 450 524 dicam,
488 459 626 509 iacto
650 459 742 527 qui
765 459 974 509 semine
998 460 1305 510 comminus
1328 476 1449 509 arva

72 530 383 598 Insequitur
399 569 414 594 ‚
478 529 833 597 cumulosque
885 529 995 579 ruit
1041 529 1186 580 male
1233 530 1445 598 pinguis
1487 545 1604 579 are-

864 605 1005 651 nae?
1056 624 1060 627 >
1502 602 1604 651 105

119 728 190 764 102
212 727 319 762 nullo
349 739 391 762 se
417 735 563 762 tantum
590 728 737 763 Wakef.
767 728 930 772 refinxit,
961 736 1138 775 tamquam
1158 728 1320 771 mollins,
1352 741 1395 763 ex
1421 735 1492 762 ant.
1518 726 1604 762 edit.

71 778 184 821 (Sex-r.
212 775 340 810 Dresd.
366 789 408 810 se
429 783 587 809 tantum.

635 776 707 811 Sed
731 782 829 810 recte
857 784 1005 810 tantum
1031 789 1088 817 se3
1122 776 1167 810 cf.
1191 783 1267 810 not.
1299 775 1345 810 ad
1371 779 1458 810 Aen.
1474 776 1502 816 1,
1518 776 1604 812 333.

76 821 172 867 Wr.)
220 823 368 857 Moesia
392 823 429 856 in
446 822 565 857 multis
595 830 630 857 et
647 822 917 868 antiquioribus,
947 823 1018 857 vid.
1040 823 1161 858 Heins.
1193 830 1230 857 et
1260 823 1353 857 Pier.
1401 826 1450 856 At
1475 823 1605 868 Mysia

69 870 173 904 Rom.
198 881 277 904 eum
306 869 377 904 alio
402 869 533 911 Pierii,
567 870 696 905 Medic.
722 871 813 905 Gud.
833 870 966 904 Moreti
987 872 1038 904 fra

1042 883 1110 916 gm.
1143 870 1263 916 (etiam
1278 872 1313 908 3.
1334 877 1372 903 et
1399 869 1455 908 14.
1486 869 1601 911 usn),

70 924 107 951 et
126 916 178 951 sic
199 917 330 951 editum
348 929 370 951 a
392 917 611 951 CommeIino
630 930 650 952 e
667 917 799 960 Palat„
824 918 976 963 hincque
994 919 1039 952 ab
1060 918 1159 952 aliis.
1183 918 1292 964 idque
1313 917 1406 952 ratio
1427 917 1602 962 postulat,

70 976 149 999 cum
169 964 326 1010 Gargara
343 971 546 1011 sequantur.
594 967 718 999 Mesia
744 972 892 1011 uterque
909 965 1019 999 Goth.
1043 978 1120 1000 cum
1137 965 1229 999 aliis.
1277 966 1420 999 Mes-sta
1436 964 1601 998 Cantabr.

70 1012 142 1048 103
164 1012 255 1046 Deb.
272 1020 310 1047 et
330 1031 376 1037 —
394 1014 590 1051 mirantia;
614 1013 678 1046 sed
696 1019 771 1046 est·
797 1019 833 1046 et
846 1024 919 1046 non
936 1019 1073 1046 tantum
1089 1013 1268 1047 mirantur.
1304 1013 1455 1057 (messes
1471 1011 1601 1045 Medic.

75 1059 173 1104 Wr.)
245 1056 316 1096 104
338 1060 436 1094 iacto
462 1072 544 1093 cum
567 1060 699 1094 Moret.
725 1072 795 1093 sec.

23 1151 28 1155 ,λ
68 1106 235 1140 Parrhas-

69 1225 367 1278 Simplicissima
380 1255 392 1276 ‚
430 1232 472 1265 et
498 1226 612 1266 nulla
640 1227 807 1280 praevia

69 1283 259 1337 opinione
306 1290 506 1337 occupato
546 1286 680 1324 animo
697 1316 708 1336 ,
754 1299 807 1324 ex

67 1341 331 1395 grammatica
377 1343 537 1382 rafione
556 1373 567 1392 ‚
617 1343 807 1397 procedit

68 1400 269 1440 sententia
288 1430 300 1448 ,
350 1413 476 1453 eaque
522 1414 615 1440 cum
662 1408 807 1455 poetae

67 1458 236 1498 consilio
263 1458 502 1499 coniuncta:
542 1461 682 1509 nullo,
723 1475 807 1500 non

66 1516 186 1567 ullo,
223 1518 335 1556 culm
378 1519 547 1570 Mysia,
588 1518 738 1557 cultiss
710 1533 808 1557 ima

66 1576 197 1628 regio,
228 1583 388 1614 tantum
406 1590 449 1614 se
471 1578 611 1626 metat,
635 1582 718 1615 tam
738 1577 807 1616 in—

67 1633 187 1686 signis
214 1639 297 1683 est,
338 1647 462 1684 quam
482 1634 554 1673 tali
579 1635 679 1674 caeli
699 1641 808 1674 tem-

66 1691 197 1744 perie.
216 1704 319 1744 quae
335 1691 381 1730 in
397 1691 475 1731 illis
485 1692 584 1731 locis
595 1699 668 1732 est.
698 1695 805 1732 Sunt

67 1763 115 1788 ea
153 1750 257 1801 loca‘
290 1750 502 1790 fertilitate
541 1751 804 1802 nobilissima,

65 1808 219 1862 partim
250 1808 351 1847 caeli
383 1809 596 1849 clementia
611 1840 622 1859 ‚
651 1810 804 1862 partim

66 1866 169 1906 situs
202 1867 395 1906 felicitate
430 1868 506 1907 sub
542 1874 680 1906 monte
717 1868 802 1918 Ida,

65 1924 178 1963 unde
191 1939 336 1978 magna
343 1925 529 1966 rivorum
547 1932 590 1965 et
604 1940 804 1979 aquarum

67 1983 183 2036 copia
210 1997 279 2023 eos
310 1997 426 2036 agros
453 1984 661 2025 fecundat.
727 1985 802 2024 Ida

65 2043 347 2091 πολυπίδακος
380 2055 434 2081 ex
465 2043 645 2082 Homero
683 2049 805 2082 notus

67 2105 149 2138 est.
178 2100 230 2139 cf.
249 2100 364 2139 Iliad.
374 2105 421 2150 θ’,
439 2099 497 2143 47
513 2115 571 2154 sq.
601 2115 695 2154 pars
708 2101 805 2140 Idae

68 2158 254 2197 australis
282 2164 344 2196 est
374 2159 495 2211 Gar-g
470 2173 570 2198 σανα
600 2157 663 2207 (τό
695 2155 755 2199 Γ
728 2176 805 2212 αρ-

66 2231 210 2269 γαρον,
238 2213 288 2256 τοὶ
310 2212 369 2256 Γ
343 2232 513 2270 αργαρα,
540 2217 687 2269 quibus
703 2217 804 2256 sub-

66 2273 172 2312 iecta
192 2286 355 2327 quoque
374 2274 454 2314 fuit
479 2275 579 2314 urbs
607 2272 657 2316 w*
689 2272 750 2315 Γ
722 2291 802 2329 αρ-

65 2329 207 2389 γαρα).
266 2332 398 2382 Haec,
432 2339 484 2372 ut
512 2332 619 2383 dixi,
658 2340 802 2386 sponte

66 2403 109 2428 se
142 2390 262 2430 offert
303 2391 514 2431 sententia.
584 2391 626 2430 si
664 2397 802 2431 tamen

66 2454 162 2487 ante
192 2450 500 2502 grammaticum
532 2463 653 2490 usum
676 2449 802 2490 adhi-

64 2506 197 2546 bitum
226 2507 412 2547 attuleris
440 2522 610 2548 acumen
637 2508 800 2561 ingenii,

67 2565 267 2604 sententia
281 2564 384 2604 haec
405 2566 565 2618 prodit:
598 2567 731 2606 laetus
750 2580 803 2605 ex

66 2622 141 2661 tali
161 2624 354 2677 temperie
382 2631 444 2663 est
472 2638 588 2677 ager;
616 2638 692 2663 nec
711 2638 804 2677 ager

65 2679 237 2733 Mysiae,
280 2682 358 2720 etsi
394 2683 667 2733 cultissimus,
708 2697 803 2722 cum

49 2751 116 2781 *eo
144 2744 207 2777 est
232 2741 551 2792 comparandus5
580 2741 684 2781 haec
700 2755 803 2794 poe-

65 2796 147 2834 tice
175 2810 338 2835 ornasse
363 2798 494 2838 videri
515 2805 653 2852 potest
671 2797 800 2839 Maro·

67 2851 176 2908 (Hoc
211 2867 379 2905 verum3
425 2858 538 2895 nullo
571 2865 730 2897 tantum
758 2872 802 2896 se

66 2914 214 2964 Mysia
255 2913 369 2950 cultu
407 2915 558 2964 iactat,
597 2917 624 2954 i.
651 2928 685 2954 e.
720 2929 802 2953 non

64 2978 177 3009 tanto
195 2971 331 3018 cultu5
364 2970 513 3010 cultu
539 2978 688 3022 autem,
718 2986 800 3025 quo

893 1060 962 1096 105
985 1061 1220 1107 cumulosque
1245 1058 1376 1094 Medic.
1402 1071 1423 1094 a
1448 1071 1497 1094 m.
1527 1071 1599 1093 sec.

283 1107 462 1152 (tumulos
482 1112 537 1140 est
556 1106 671 1141 altera
688 1107 797 1141 lectio
816 1106 981 1148 Medicei.
1012 1108 1110 1154 IVr.)

864 1226 1052 1276 efficitur,
1082 1233 1132 1266 ut
1151 1226 1338 1266 laetiores
1354 1226 1600 1280 proveniant

864 1292 1033 1338 segetes,
1076 1284 1339 1338 designantur
1369 1284 1411 1325 h.
1430 1285 1456 1325 l.
1484 1291 1600 1324 sata

863 1344 1027 1394 laeta;
1062 1344 1200 1395 itaque
1235 1343 1419 1383 detracto
1447 1343 1600 1383 verbo-

864 1416 959 1440 rum
981 1408 1132 1441 ornatu
1157 1401 1257 1441 haec
1271 1402 1412 1454 prodit
1433 1408 1599 1441 senten-

865 1460 946 1498 tia:
983 1474 1069 1499 non
1101 1460 1232 1513 Mysia
1252 1474 1378 1513 aeque
1394 1460 1512 1499 laetis
1532 1473 1599 1499 se-

865 1518 1022 1570 getibus
1039 1518 1207 1571 insignis
1225 1525 1298 1558 est.
1329 1520 1486 1558 Nullus
1502 1532 1598 1570 gra-

864 1577 956 1615 vius
985 1577 1159 1629 negandi
1186 1582 1429 1630 potestatem
1460 1576 1598 1626 habet,

865 1640 915 1673 ut
943 1638 1043 1674 Aen.
1080 1635 1137 1684 Π,
1159 1636 1257 1678 583.
1282 1635 1359 1684 IV,
1380 1638 1479 1677 232.
1497 1638 1597 1677 272.

864 1693 932 1742 VI,
947 1693 1045 1736 405.
1081 1695 1154 1733 W
1146 1692 1203 1748 r.)
1263 1693 1382 1733 Hanc
1397 1694 1481 1732 sere
1503 1706 1599 1732 sen-

860 1752 1033 1790 tentiam
1059 1765 1291 1805 expressam
1308 1751 1423 1791 vides
1440 1752 1484 1790 in
1499 1765 1598 1791 ver-

859 1809 923 1848 bis
947 1810 1144 1849 Macrobii
1171 1810 1228 1860 V,
1246 1813 1303 1852 20
1341 1810 1510 1859 „Omnis
1528 1823 1597 1848 re·-

860 1868 925 1920 gio
938 1898 950 1918 ‚
980 1881 1083 1920 quae
1124 1875 1375 1921 opportunos
1409 1867 1598 1907 habuerit

860 1925 1056 1965 humores
1069 1957 1080 1976 ,
1111 1927 1391 1980 aequiparabit
1407 1926 1597 1966 fecundi-

860 1991 991 2033 tatem
1014 1999 1211 2024 arvorum
1242 1985 1407 2039 Mysiae.
1421 1987 1446 2007 “
1486 1985 1598 2024 Mul-

862 2049 953 2082 tum
980 2043 1134 2082 recedit
1163 2044 1287 2083 tertia
1304 2043 1434 2094 ratio,
1463 2049 1513 2082 ut
1529 2043 1596 2093 sit,

862 2103 1010 2153 Mysia
1045 2102 1158 2139 nullo
1190 2104 1302 2140 cultu
1317 2132 1328 2151 ‚
1372 2114 1476 2154 quae
1510 2115 1597 2140 non

861 2159 1031 2208 colitur;
1059 2158 1162 2198 haec
1179 2161 1338 2213 frigent,
1359 2174 1453 2200 cum
1470 2160 1597 2200 otiose

859 2217 942 2255 sint
963 2217 1134 2256 adiecta.

922 2274 1072 2317 104—
1087 2278 1182 2317 110.
1222 2275 1395 2315 Prodest
1433 2289 1596 2329 quoque

859 2340 1038 2372 semente
1055 2334 1163 2372 facta
1178 2333 1312 2386 glebas
1328 2335 1471 2373 rastris
1480 2349 1596 2374 com-

859 2392 1044 2430 minuere
1067 2422 1078 2442 ,
1121 2398 1172 2431 ut
1207 2406 1344 2431 semen
1379 2393 1594 2443 obruatur,

860 2456 902 2489 et
922 2464 1026 2502 aqua
1046 2464 1187 2503 agrum
1204 2450 1419 2491 obducere.
1484 2452 1599 2503 Quid

857 2509 997 2546 dicam
1016 2508 1067 2547 de
1095 2521 1142 2547 eo
1156 2538 1167 2558 ‚
1196 2511 1294 2561 qui;
1325 2508 1368 2549 h.
1388 2510 1595 2563 praeclare

859 2565 974 2605 haud
991 2566 1113 2605 dubie
1127 2573 1169 2606 et
1185 2567 1219 2605 is
1236 2567 1333 2606 facit
1350 2569 1440 2620 qui;
1456 2575 1595 2607 trans-

859 2625 943 2663 itus
976 2625 1174 2674 formula,
1205 2625 1327 2664 etiam
1346 2626 1391 2664 in
1415 2626 1595 2680 pedestri

861 2683 1057 2723 oratione.
1103 2683 1151 2722 In
1171 2682 1251 2722 hac
1270 2690 1405 2723 autem
1428 2685 1595 2724 varian—

860 2740 913 2780 da
929 2740 1044 2780 Maro
1059 2741 1320 2782 felicissimus.
1363 2741 1478 2782 Alius
1493 2742 1595 2781 haec

860 2800 996 2838 omnia
1036 2799 1323 2852 praecipiendo
1362 2800 1593 2839 extulisset:

858 2857 1108 2897 Faciendum
1137 2863 1198 2896 est
1221 2857 1303 2897 hoc
1333 2864 1375 2897 et
1398 2857 1522 2907 illud,
1554 2862 1594 2895 et

858 2915 917 2954 sic
941 2930 1079 2968 porro,
1104 2939 1163 2946 —-
1206 2916 1300 2959 105.
1342 2930 1445 2954 αι-να
1473 2916 1592 2953 Inse-

859 2975 1008 3026 quitur,
1024 2974 1157 3013 sulcos
1170 2974 1301 3012 factos
1319 2973 1362 3012 in
1379 2986 1479 3012 arvo
1490 2985 1591 3025 pro-
