1734 3320
169 165 271 216 558
500 165 556 215 P.
593 165 956 216 VIRGILII
990 165 1374 216 MARONIS

170 290 308 342 Solis
332 290 399 341 ad
424 307 696 343 occasum:
736 309 908 360 quum
929 291 1156 359 frigidus
1181 310 1301 343 aera
1323 310 1517 361 vesper

170 366 485 430 Temperat,
526 371 579 413 et
602 362 762 413 saltus
787 362 962 413 reficit
984 365 1090 413 iam
1112 364 1322 414 roscida
1345 363 1499 429 luna,

167 434 460 500 Litoraque
483 433 744 498 alcyonen
769 443 1050 498 resonant,
1090 434 1422 485 acalanthida
1446 434 1611 486 dumi.

171 503 316 567 Quid
337 504 433 553 tibi
460 512 701 571 pastores
722 504 944 569 Libyae,
985 505 1116 573 quid
1143 522 1338 572 pascua
1360 522 1520 555 versu

167 579 499 642 Prosequar,
538 583 590 623 et
614 574 744 623 raris
770 574 1003 625 habitata
1025 575 1252 643 mapalia
1275 576 1464 627 tectis?
1599 579 1701 627 340

262 694 334 730 336
359 706 446 727 aere
465 693 572 727 Goth.
592 706 646 738 pr.
696 693 860 727 Ceterum
885 694 1057 727 maiorem
1076 693 1401 740 interpunctionem
1423 706 1442 728 e
1462 694 1581 728 medio
1599 706 1703 728 versu

168 741 384 776 sustulimus.
411 741 504 786 (Ald.
526 747 610 774 tert.
635 743 774 787 Vesper
794 741 928 774 maiore
947 741 1070 782 litera;
1095 748 1206 782 recte,
1230 741 1300 775 nisi
1316 741 1436 784 fallor,
1462 742 1508 775 ob
1529 754 1578 776 va.
1598 737 1704 782 324.;'

167 789 220 823 ita
240 789 401 835 proximo
422 800 526 821 versu
548 788 655 821 etiam
673 790 805 831 Lana,
832 800 905 821 non
923 788 1016 822 lana
1038 789 1250 822 exarandum
1270 788 1338 822 erit
1350 802 1359 830 3
1394 801 1434 822 ac
1454 788 1592 822 mireris
1607 815 1617 832 ‚
1642 802 1704 823 cur

168 850 219 870 vs.
248 838 329 873 338.
356 836 576 880 Halcyonen
608 835 779 878 Vossius,
825 835 889 869 sed
926 848 1076 883 vesper,
1110 836 1221 879 luna,
1255 836 1351 870 idem
1388 836 1583 882 scripserit.
1633 837 1704 871 Sed

167 896 315 926 vereor,
339 896 384 916 ne
412 883 479 916 hac
509 882 547 915 in
575 895 613 916 re
642 882 787 916 infinitis
819 882 908 917 locis
939 889 1121 927 peccetur.
1149 883 1246 928 Wr.)
1296 885 1367 920 337
1392 884 1520 918 rosida
1544 883 1704 918 scribunt

167 930 349 972 nonnulli,
376 937 415 963 ut
432 937 468 963 et
491 930 587 975 apud
605 930 836 964 Columellam
854 930 878 964 l.
900 943 930 964 c.
948 938 984 964 et
999 930 1097 965 alias.
1192 932 1263 967 338
1288 932 1481 975 alcyonem
1501 932 1589 977 Reg.
1638 945 1703 965 re-

167 987 302 1013 sonent
321 978 410 1011 alter
431 977 602 1011 Rottend.
651 978 895 1012 acalanthida
916 983 1037 1011 tuetur
1060 978 1235 1012 librorum
1258 979 1352 1024 apud
1369 978 1542 1022 Pierium,
1567 979 1703 1021 Heins.‚

167 1026 326 1068 Martin.,
362 1025 581 1067 constantia,
608 1037 815 1070 quamquam
845 1025 992 1058 diversis
1018 1026 1133 1060 modis
1158 1027 1417 1068 achaiantida,
1452 1027 1702 1069 athalantida‚

168 1073 424 1114 acalenthida‚
466 1072 611 1105 taudem
639 1073 860 1114 achanfida,
905 1073 980 1106 sine
1012 1082 1068 1115 ec,
1102 1073 1279 1107 scribitur.
1329 1073 1547 1108 acalantida
1577 1074 1711 1122 fragm.x

167 1121 285 1155 Vatic.
335 1129 372 1154 et
391 1120 595 1154 acanthida
612 1119 692 1152 edd.
711 1126 796 1153 ante
810 1120 946 1161 Heins.‚
974 1120 1080 1154 etiam
1107 1127 1268 1163 veteres,
1302 1120 1504 1162 insederat3
1538 1133 1605 1167 pro
1632 1133 1701 1167 quo

167 1167 305 1202 laudari
325 1174 448 1213 potest
469 1167 633 1212 Calpurn.
654 1168 715 1209 VI,
741 1169 762 1203 7
790 1176 832 1201 at
851 1169 978 1201 vincat
997 1169 1200 1202 acanthida
1223 1170 1362 1202 cornix.
1412 1168 1542 1202 Contra
1566 1168 1703 1202 Paulli-

166 1228 252 1249 nus:
278 1216 357 1249 Nec
371 1216 447 1249 nisi
466 1227 554 1249 vere
572 1227 671 1248 novo
695 1223 876 1248 resonant
896 1215 1139 1249 acalanthida
1157 1216 1269 1249 dumi.
1317 1215 1488 1249 Similiter
1504 1228 1576 1250 non
1594 1216 1701 1250 modo

169 1259 349 1307 ἄκανθὶς,
373 1274 495 1296 verum
518 1268 555 1295 et
576 1258 791 1302 ἀκαλανθὶς
812 1261 978 1296 occurrit.
1004 1262 1073 1296 vid.
1092 1262 1150 1296 hic
1171 1262 1350 1297 Heinsius.

166 1311 269 1344 Leid.
307 1323 419 1345 versa
439 1309 549 1343 Goth.

169 1365 224 1392 est
250 1357 452 1391 ludibrium.

166 1405 239 1440 vid.
254 1407 371 1439 Burm.

166 1517 289 1557 purn.
316 1502 364 1553 V,
390 1505 445 1545 60
471 1516 529 1554 sq.
559 1508 600 1541 et
618 1515 739 1555 supra
761 1501 909 1541 lauda-

168 1568 246 1601 tos.
279 1570 415 1599 tenues
443 1560 677 1614 simpliciter
711 1567 854 1611 ornat,
886 1575 909 1599 a

167 1626 318 1661 natura
337 1635 543 1672 aquarum
566 1620 751 1672 petitum.
782 1619 910 1668 reficit

167 1679 328 1717 roscida
365 1679 490 1728 luna,
542 1677 583 1717 11.
624 1691 692 1717 ros
737 1678 907 1728 cadens,

168 1737 268 1777 dum
290 1738 390 1776 luna
404 1736 535 1786 lucet,
578 1742 722 1786 noctu3
754 1736 908 1775 adscri-

166 1802 263 1850 ptus
274 1794 432 1847 vulgari
451 1794 631 1847 opinioni
648 1795 782 1845 lunae,
798 1801 908 1834 tam-

168 1868 291 1907 quam
311 1866 483 1892 caussae.
518 1853 641 1907 -Hinc
659 1853 774 1903 illud,
796 1853 907 1905 quod

169 1912 219 1951 ab
246 1912 436 1956 Alcmane
458 1911 508 1950 de
524 1925 618 1950 rore
637 1911 790 1950 dictum
814 1913 907 1950 lau-

169 1971 294 2010 datur
323 1971 372 2009 ab
405 1971 538 2023 Intpp.
572 1968 662 2024 (ap.
693 1970 902 2010 Plutarch.

168 2031 352 2083 Sympos.
371 2029 463 2068 libr.
482 2029 536 2068 III
556 2027 679 2084 extr.)
712 2025 781 2070 οἷα
800 2026 903 2078 Διὸς

168 2086 355 2143 θυγάτηρ
383 2087 484 2141 μέγα
509 2086 648 2142 τρέφει
678 2086 748 2128 καὶ
769 2083 903 2128 Σελά-

166 2163 243 2196 νας
269 2148 385 2196 δίας·
418 2146 523 2185 felici
551 2152 780 2185 commento
809 2146 905 2185 facit

167 2219 326 2255 rorem,
379 2202 457 2257 τήν
499 2201 687 2258 Δρόσον,
727 2205 836 2244 Iovis
864 2211 905 2244 et

167 2265 305 2303 Lunae
328 2263 463 2302 filiam.
495 2264 710 2314 rorifluam
737 2265 908 2302 Lunam

167 2323 211 2362 in
244 2322 456 2361 catalectis
480 2320 660 2360 invenias
694 2336 781 2375 pag.
808 2324 906 2364 239.

169 2382 320 2420 Contra
365 2380 562 2419 sideribus
608 2380 808 2421 tribuitur
856 2381 905 2419 ab

170 2440 256 2478 aliis
289 2441 456 2478 Iiamor
484 2439 576 2488 ille,
620 2454 739 2491 quem
758 2442 905 2478 serenis

168 2507 280 2537 astra
326 2505 461 2535 rorant
501 2496 680 2535 noctibas
712 2498 900 2551 Pervigil.

167 2556 267 2596 Ven.
299 2558 367 2597 20.
434 2555 490 2594 Ea
529 2555 615 2608 ipsa
652 2555 702 2594 de
738 2570 833 2595 rore
864 2563 905 2595 et

168 2621 372 2654 nocturno
391 2612 564 2652 humore
588 2613 817 2654 observatio
844 2615 907 2653 se-

169 2673 223 2712 cit
242 2672 355 2712 haud
374 2671 494 2710 dubie
506 2701 517 2720 ‚
547 2678 596 2710 ut
614 2672 768 2711 Lunam
789 2673 905 2712 deam

168 2728 365 2789 γόνιμον,
398 2730 544 2768 almam
562 2743 702 2769 rerum
722 2739 905 2781 matrem,

171 2790 397 2830 crederent.
455 2790 600 2827 Litora
628 2798 815 2827 resonant
838 2791 903 2827 al-

169 2864 318 2903 cyonen
337 2879 348 2898 ‚
403 2847 444 2887 h.
486 2847 673 2899 alcyones
720 2854 905 2886 cantum:

169 2913 416 2948 memoratae
442 2905 522 2944 iam
553 2905 622 2944 Ge.
641 2905 671 2957 I,
692 2907 788 2948 398.
807 2908 903 2948 399.

171 2964 305 3021 (aliter
322 2965 403 3005 hoc
421 2964 596 3019 explicat
617 2959 830 3004 Wunderl.
851 2964 903 3004 ad

1444 1264 1515 1300 339
1535 1265 1704 1311 pastoris

607 1322 657 1352 r.,
692 1309 793 1354 quasi
816 1310 966 1343 subinde
996 1310 1126 1344 mutari
1160 1310 1275 1344 solita.
1324 1310 1396 1344 Sed
1424 1311 1541 1344 verius
1563 1310 1703 1344 librarii

650 1359 862 1404 Persequar
890 1356 1027 1392 Zulich.
1076 1359 1265 1406 mappalia
1288 1358 1380 1392 male
1409 1357 1497 1392 alibi
1524 1358 1700 1393 scribitur.

968 1501 1067 1541 Aen.
1091 1502 1119 1553 Ι,
1140 1504 1237 1545 328.
1274 1501 1394 1558 lVr.)
1453 1501 1702 1542 Acalanthis

967 1575 1042 1614 pro
1074 1561 1213 1601 eadem
1248 1560 1426 1600 habetur
1456 1575 1550 1610 cum
1569 1575 1702 1599 acan-

967 1619 1076 1658 thide
1090 1650 1100 1669 ,
1143 1633 1215 1659 seu
1239 1620 1444 1670 carduchi,
1489 1619 1697 1669 Goldfink.

1026 1681 1111 1720 339
1139 1693 1197 1730 sq.
1220 1701 1277 1708 -—
1295 1680 1393 1720 383.
1434 1678 1482 1717 In
1511 1678 1637 1717 saltus
1661 1683 1702 1716 et

965 1750 1117 1790 pascua
1159 1737 1392 1776 educendos
1438 1750 1521 1775 esse
1567 1748 1702 1789 greges

968 1795 1131 1834 dixerat
1162 1810 1185 1834 a
1207 1810 1247 1835 v.
1281 1798 1379 1838 322.
1449 1795 1555 1834 Dum
1580 1801 1702 1848 poeta

964 1854 1145 1905 undique
1163 1860 1354 1893 ornatum
1365 1853 1536 1892 carmini
1550 1860 1590 1892 et
1607 1867 1702 1906 gra-

962 1912 1064 1951 tiam
1086 1926 1136 1951 ex
1157 1913 1356 1952 varietate
1374 1912 1546 1964 quaerit,
1582 1918 1630 1951 ut
1649 1911 1703 1951 ad

960 1970 1069 2010 hanc
1088 1971 1385 2024 pascendarum
1403 1971 1543 2010 ovium
1561 1984 1701 2010 curam

962 2031 1147 2084 exemplo
1186 2030 1359 2080 invitet,
1403 2028 1596 2069 Afrorum
1622 2044 1701 2068 no-

962 2089 1129 2128 madum
1163 2102 1320 2128 morem
1359 2094 1582 2138 memorat,
1631 2088 1702 2140 qui

961 2161 1036 2200 per
1076 2154 1208 2186 totam
1259 2153 1451 2186 aestatem
1500 2160 1623 2200 pecus
1656 2147 1701 2185 in

964 2206 1132 2245 saltibus
1158 2205 1335 2256 habent3
1367 2212 1410 2245 at
1439 2212 1583 2245 contra
1602 2203 1700 2248 349.

964 2265 1006 2304 in
1027 2264 1422 2317 septemtrionalibus
1449 2264 1575 2317 plagis
1593 2277 1700 2302 sem-

963 2337 1037 2376 per
1060 2323 1103 2362 in
1121 2323 1289 2362 stabulis
1312 2336 1434 2377 pecus
1453 2323 1699 2362 continetur.

965 2382 1154 2421 Ceterum
1198 2381 1312 2421 l'ocus
1351 2387 1412 2421 est
1448 2395 1500 2421 ex
1531 2380 1698 2420 nobilis-

952 2440 1084 2479 simis.

1024 2501 1121 2541 339.
1161 2498 1321 2551 Libyae
1344 2512 1509 2550 pascua
1535 2497 1616 2536 iam
1649 2497 1699 2536 ab

963 2557 1143 2596 Homero
1165 2557 1381 2596 nobilitata
1402 2556 1546 2609 Odyss.
1570 2557 1606 2606 δ,
1630 2555 1699 2599 85.

965 2614 1063 2657 340.
1090 2616 1298 2666 mapalia,
1343 2628 1456 2653 casae
1483 2627 1554 2653 seu
1571 2620 1699 2666 tugu-

964 2673 1027 2712 ria
1057 2674 1195 2711 cannis
1224 2673 1414 2712 ferulisve
1444 2673 1627 2712 confecta
1654 2672 1698 2711 in

966 2732 1057 2770 coni
1088 2737 1160 2770 aut
1187 2731 1316 2781 furni,
1365 2737 1436 2771 aut
1466 2731 1509 2771 in
1539 2731 1698 2770 carinae

964 2788 1155 2842 speciem,
1199 2795 1247 2828 ut
1274 2790 1384 2842 apud
1422 2790 1584 2829 Sallust.
1616 2789 1697 2841 lug.

965 2851 1045 2898 21,
1074 2861 1145 2887 seu
1180 2849 1348 2901 sparsim
1383 2848 1468 2887 solo
1506 2847 1590 2887 fixa
1627 2860 1699 2886 seu

961 2907 1155 2959 plaustris
1183 2907 1438 2946 circumferri
1467 2906 1610 2955 solita,
1649 2911 1698 2944 ut

962 2965 1074 3017 apud
1099 2965 1200 3006 Plin.
1225 2965 1272 3016 V,
1293 2967 1332 3007 3.
1363 2960 1367 2964 ’
1390 2963 1444 3004 At
1473 2963 1514 3003 h.
1536 2964 1562 3003 1.
1584 2963 1698 3017 prius
