1768 3320
248 214 347 263 140
570 214 626 262 P.
672 210 1028 261 VIRGILII
1061 207 1439 258 MARONIS

241 339 354 389 Nec
376 337 548 386 varios
573 336 739 387 discet
759 327 975 386 mentiri
994 334 1110 384 lana
1133 333 1369 386 colores:

241 409 363 474 Ipse
386 406 484 456 sed
503 406 556 456 in
571 407 731 474 pratis
751 407 883 456 aries
904 406 1010 455 iam
1028 421 1186 454 suave
1206 403 1423 454 rubenti

240 477 471 541 Murice,
508 477 613 526 iam
635 493 827 526 croceo
848 474 1077 525 mutabit
1103 473 1299 524 vellera
1321 473 1465 536 luto;

244 548 453 615 Sponte
472 562 565 597 sua
585 546 780 611 sandyx
800 545 1062 614 pascentis
1081 545 1271 596 vestiet
1290 559 1468 611 agnos,
1692 549 1760 599 45

241 675 330 710 siut:
355 675 451 721 quod
470 682 526 708 est
546 675 584 708 in
606 674 724 716 corde,
745 680 911 719 pectore3
936 680 976 707 ut
992 675 1078 707 Aen.
1096 673 1124 715 Ι,
1144 674 1246 710 562.;
1273 671 1489 716 „Solvite
1513 674 1657 708 corde
1680 686 1760 709 me-

241 729 335 765 tum,
360 722 537 763 Teucri;“
567 722 592 756 i.
613 734 643 756 e.
664 722 791 755 solvite
812 728 962 762 metum,
989 721 1048 766 qui
1066 727 1120 754 est
1140 720 1177 754 in
1197 721 1316 755 corde.
1357 720 1453 766 Wr.)
1546 718 1595 758 44
1609 720 1760 768 fucabit

242 769 335 804 coni.
362 770 414 803 10.
443 769 646 810 Schraden,
681 775 720 802 ut
749 770 812 802 Ge.
830 770 880 807 ΙΙ,
904 766 985 804 465.
1009 768 1080 811 IV,
1104 768 1185 804 335.
1233 767 1422 813 Virgilium
1449 768 1622 813 expressit
1647 768 1759 803 Glau-

241 817 336 851 dian.
364 818 432 858 29,
462 817 509 852 73
567 818 683 850 roseis
709 814 902 862 formosus
931 816 1053 849 Duria
1082 816 1175 861 ripis
1208 815 1360 849 Vellera
1396 827 1588 869 purpureo
1618 817 1761 862 passim

242 865 397 898 mutavit
423 864 520 897 ovili.
614 860 661 899 45
685 863 820 896 sandix
846 862 948 896 multi
976 862 1071 907 apud
1092 863 1277 897 Burmann.
1324 860 1408 897 Fuit
1434 874 1491 896 v¹r
1519 861 1644 896 doctus
1657 889 1667 906 ,
1700 863 1761 909 qui

241 918 436 945 nascentes
462 909 669 943 coniiceret:
704 910 870 942 adversus
902 921 1005 955 quem
1033 909 1228 954 disputavit
1255 910 1439 943 Burmann.
1467 909 1514 943 ad
1539 909 1578 943 h.
1598 909 1623 944 l.
1654 915 1692 944 et
1714 910 1760 945 ad

242 957 341 991 Ovid.
359 958 406 989 III
428 959 503 990 Art.
521 957 568 993 25
597 962 632 989 et
661 956 706 990 ad
735 956 897 1001 Calpurn.
922 956 995 990 Ecl.
1014 957 1056 998 11,
1085 957 1144 992 37.
1191 955 1336 991 Scilicet
1357 956 1426 990 fuit
1450 955 1482 990 is
1502 956 1683 991 Bentleius
1709 957 1760 1003 (in

241 1002 493 1050 Bibliotlzeque
509 1004 690 1049 Angloise
710 1005 751 1037 T.
771 1005 795 1046 1,
821 1015 856 1048 p.
879 1003 972 1048 186).
1021 1004 1195 1038 Haeserat
1217 1010 1332 1037 autem
1359 1003 1422 1037 ille
1438 1002 1475 1037 in
1497 1015 1585 1038 voce
1596 1017 1759 1051 pascen-

241 1059 314 1085 tes:
339 1050 368 1083 si
392 1050 483 1083 enim
502 1050 594 1083 iuter
610 1051 821 1094 pascendum
837 1057 1008 1084 mutatum
1029 1057 1083 1084 est
1103 1050 1232 1084 vellus:
1257 1050 1380 1096 pabuli
1399 1062 1440 1084 ea
1458 1050 1510 1085 vis
1530 1063 1607 1085 esse
1626 1051 1759 1094 debuit,

239 1105 280 1131 ut
305 1098 402 1131 fucus
427 1098 613 1131 accederet
632 1098 745 1132 lanae.
794 1097 981 1131 Enimvero
1000 1098 1161 1131 fraudem
1175 1097 1262 1132 fecit
1280 1109 1352 1131 non
1371 1097 1616 1132 animadversa
1634 1099 1759 1144 poeti-

241 1157 303 1178 cae
331 1144 502 1178 orationis
531 1143 687 1178 indoles:
722 1153 938 1192 pascentes,
974 1145 1182 1189 epitheton,
1214 1151 1319 1179 ornat
1341 1151 1479 1179 tantum
1507 1157 1637 1191 agnos3
1669 1145 1759 1180 nihil

241 1191 400 1237 amplius.
446 1192 544 1225 Idem
562 1191 630 1224 hoe
649 1203 721 1224 non
736 1191 1015 1225 animadversum
1035 1192 1230 1226 adduxerat
1247 1198 1399 1235 veteres,
1422 1198 1459 1225 et
1475 1191 1592 1238 ipsum
1608 1192 1759 1227 Plinium

241 1239 286 1283 (v.
313 1238 351 1271 in
371 1238 493 1282 Not.)‚
524 1244 564 1271 ut
582 1238 768 1283 Virgilium
799 1239 987 1272 crederent
1011 1240 1209 1284 sandycem
1233 1240 1462 1273 existimasse
1487 1239 1637 1274 herbam
1665 1240 1758 1275 esse.

238 1287 278 1318 Iu
296 1297 364 1331 quo
381 1284 541 1319 iniuriam
556 1285 689 1319 faciunt
705 1293 846 1330 poetae.
879 1287 984 1327 Quod
1004 1286 1035 1320 si
1053 1286 1108 1319 vel
1125 1285 1274 1319 maxime
1294 1286 1333 1320 id
1350 1298 1389 1320 se
1407 1285 1459 1320 ita
1478 1286 1640 1329 haberet,
1663 1287 1759 1322 ieiu-

237 1344 319 1365 num
337 1339 448 1365 esset:
473 1339 620 1377 repente
639 1332 732 1366 inter
750 1333 965 1378 pascendum
983 1333 1136 1378 sandyce
1158 1339 1298 1378 gustato
1315 1332 1445 1367 mutari
1463 1333 1586 1368 vellus.
1617 1336 1758 1369 Interea

237 1386 354 1412 tamen
370 1379 570 1421 fatendum,
594 1389 789 1414 nascentes
805 1380 933 1414 melius
951 1381 1122 1425 scriptum
1142 1380 1251 1414 fuisse
1275 1393 1296 1414 a
1314 1387 1435 1425 poeta.
1469 1381 1663 1427 (Sententia
1684 1381 1758 1415 ho·-

236 1438 312 1459 rum
337 1438 496 1460 versuum
522 1427 610 1460 haec
632 1434 704 1460 est:
741 1439 824 1461 oves
847 1427 917 1461 iam
940 1434 1088 1473 carpent
1106 1427 1286 1461 feliciores
1308 1427 1520 1470 herbas‚ret
1539 1428 1592 1463 ita
1610 1428 1694 1472 fiet,
1719 1436 1759 1463 ut

236 1473 331 1506 inter
357 1474 570 1517 pascendum
589 1473 659 1519 ipsi
684 1474 829 1508 trahant
849 1486 910 1508 eos
934 1475 1094 1518 colores,
1127 1474 1187 1520 qui
1209 1486 1342 1508 summo
1364 1475 1401 1508 in
1418 1475 1537 1520 pretio
1568 1475 1757 1510 habeban-

221 1526 305 1559 ltur.
352 1520 443 1554 Hinc
465 1532 538 1554 non
563 1527 637 1564 est,
670 1522 766 1567 quod
789 1534 856 1566 pro
874 1530 1074 1568 pascentes
1095 1521 1217 1567 legere
1239 1520 1340 1555 malis
1359 1531 1574 1563 nascentem
1607 1523 1666 1569 qui
1680 1536 1758 1571 pa-

237 1575 380 1601 scentes
404 1573 576 1601 mutatum
598 1568 705 1610 velit,
740 1569 853 1602 eidem
879 1581 924 1602 ne
952 1569 1042 1602 illud
1069 1569 1210 1614 quidem
1236 1570 1276 1603 in
1289 1570 1414 1615 pratis
1434 1581 1484 1603 va.
1502 1567 1560 1606 43.
1585 1569 1757 1604 intactum

236 1613 502 1659 relinquendum
525 1615 603 1649 erit.
651 1617 774 1649 Murex
795 1622 929 1658 autem,
953 1616 1065 1649 lutum
1087 1623 1122 1649 et
1140 1616 1275 1661 sandyx
1295 1628 1394 1651 mera
1419 1615 1480 1650 hic
1497 1623 1579 1651 sunt
1598 1617 1757 1651 colorum

237 1661 397 1702 nomina3
421 1662 516 1707 quod
535 1662 593 1696 vel
613 1675 656 1696 ex
674 1663 845 1697 vocabulo
862 1663 1004 1698 muricis
1022 1670 1186 1708 apparet.
1215 1662 1310 1707 Wr.)

239 1781 361 1819 opera
377 1766 555 1806 humana
574 1769 766 1822 indigebit
783 1784 888 1823 ager.
916 1771 964 1810 cf.

237 1824 351 1865 Arat.
398 1825 610 1866 Phaenom.
634 1831 726 1870 110.
749 1832 844 1870 111.
884 1830 966 1868 Ge·-

237 1897 314 1922 nus
347 1897 489 1935 operae
523 1885 565 1923 in
595 1885 739 1924 vitium
774 1901 872 1925 cura
906 1893 967 1926 est

238 1941 472 1994 amputatio.
512 1957 551 1981 v.
583 1943 635 1982 ad
653 1944 689 1994 Ι,
716 1944 783 1987 57.
814 1945 849 1984 II
860 1975 869 1994 ‚
898 1948 965 1988 70.

236 1999 428 2051 Respexit
448 2006 580 2039 autem
600 2009 738 2040 noster
762 2003 966 2042 Catullum

236 2056 372 2106 LXIII,
398 2060 451 2100 39
474 2073 570 2110 sqq„
588 2060 649 2098 uti
665 2066 851 2100 nostrum
864 2061 967 2100 Ovi-

238 2115 327 2153 dius
352 2115 500 2166 Mem,
533 2120 625 2158 101.

294 2171 493 2216 42-45,
540 2175 701 2214 Novum
735 2191 781 2215 ac
818 2177 965 2216 mirum

235 2229 474 2283 phantasma
497 2232 539 2270 in
559 2234 770 2273 vaticinio!
799 2235 963 2287 pecudis

237 2288 347 2327 color
358 2289 518 2328 nativus
531 2292 607 2330 erit
616 2306 857 2345 purpureus,
871 2308 964 2332 cro-

237 2359 328 2384 ceus
347 2361 393 2385 ac
411 2361 558 2387 roseus.
602 2349 690 2388 Hoc
706 2351 763 2389 ita
782 2351 965 2390 declara-

234 2404 308 2453 vit,
338 2411 386 2443 ut
401 2405 578 2457 tingendi
595 2409 871 2448 necessitatem
890 2410 964 2448 ab-

235 2463 320 2500 fore
342 2462 459 2501 dieat.
491 2467 660 2503 Ilffenliri
680 2468 779 2505 lana
802 2468 962 2518 dicitur,

237 2519 334 2558 dum
360 2522 496 2559 sucum
523 2523 702 2574 imbibit,
734 2526 862 2564 alieno
891 2540 963 2564 co·-

236 2578 323 2616 lore
342 2579 524 2631 tingitur.
582 2580 646 2619 Ad
668 2583 879 2622 Etruscam
899 2584 963 2622 di-

235 2636 442 2689 sciplinam
464 2639 613 2677 referre
646 2638 724 2678 hoc
747 2642 838 2680 vult
871 2656 963 2690 qum

234 2695 375 2733 Servio
393 2696 686 2735 Grammaticus
705 2712 767 2751 ap.
786 2699 962 2739 Macrob.

233 2751 298 2802 111,
325 2755 372 2802 73
419 2767 471 2791 ex
507 2767 552 2791 ea
596 2755 718 2794 enim:
762 2772 962 2808 purpureo

234 2824 403 2850 aureove
452 2812 578 2849 colore
613 2814 696 2850 ovis
740 2816 890 2853 artesae
926 2818 963 2853 si

234 2877 477 2921 aspergatur
497 2885 510 2906 .·
567 2870 758 2923 principis
809 2874 962 2924 generis

234 2926 459 2966 claritatem
481 2926 702 2979 significari.
731 2929 870 2968 Potest
883 2929 964 2968 hoc

233 2983 291 3023 ita
308 2998 349 3023 se
377 2983 547 3035 habere3
574 2985 711 3038 potuit
737 2992 872 3026 tamen
891 3001 964 3026 nec

1021 1770 1155 1809 minus
1180 1776 1323 1823 poetae
1357 1769 1453 1808 satis
1477 1782 1579 1820 esse,
1621 1775 1672 1810 ut
1692 1770 1756 1808 la-

1022 1842 1098 1868 nae
1138 1827 1455 1881 pulcritudinem
1493 1827 1538 1866 in
1572 1827 1755 1881 gregibus

1022 1887 1131 1926 inter
1140 1887 1272 1925 fausta
1290 1893 1331 1925 et
1346 1886 1454 1925 laeta
1471 1886 1667 1938 adspectu
1679 1900 1755 1925 au-

1023 1958 1115 1984 reae
1137 1945 1278 1983 aetatis
1296 1951 1541 1984 numeraret.
1571 1942 1640 1986 44.
1660 1958 1756 1982 mu-

1024 2002 1125 2041 tabit
1150 2003 1298 2041 vellera
1342 2003 1452 2052 luto,
1491 2001 1754 2055 permutabit,

1025 2060 1204 2112 adeoque
1221 2061 1360 2115 tinget,
1389 2060 1552 2110 inficiet,
1582 2065 1755 2099 natura-

1021 2120 1102 2158 lem
1119 2119 1277 2158 velleris
1301 2119 1476 2158 colorem
1491 2120 1599 2170 ipse,
1629 2132 1754 2171 spon-

1022 2184 1076 2227 te,
1107 2183 1278 2216 naturae
1294 2176 1500 2227 beneficio,
1530 2189 1614 2215 non
1632 2189 1754 2229 opera

1021 2235 1254 2285 hominum,
1290 2249 1474 2288 purpura
1499 2240 1540 2273 et
1561 2234 1674 2283 luto,
1704 2240 1754 2273 ut

1021 2294 1216 2333 naturalis
1235 2293 1346 2331 color
1361 2293 1442 2332 iam
1457 2305 1686 2346 purpureus
1700 2292 1754 2330 sit

1022 2358 1063 2390 et
1082 2365 1239 2391 aureus.
1295 2351 1374 2390 Pro
1404 2350 1604 2390 coloribus
1621 2356 1753 2388 mate-

1020 2410 1100 2449 rias
1143 2409 1325 2448 colorum
1360 2409 1508 2462 posuit.
1575 2409 1754 2446 Luteum

1020 2481 1092 2506 seu
1107 2468 1250 2516 lutam,
1285 2481 1332 2505 ac
1350 2468 1458 2505 lutea
1471 2497 1483 2516 ,
1516 2465 1664 2505 herbae
1682 2478 1752 2518 ge-

1019 2540 1118 2576 nuS,
1163 2539 1243 2577 qua
1276 2525 1406 2564 tincta
1443 2525 1536 2563 lana
1576 2523 1684 2563 flavo
1711 2529 1753 2562 et

1021 2597 1164 2623 croceo
1199 2582 1333 2621 colore
1362 2582 1555 2622 inficitur.
1621 2581 1752 2621 Notus

1019 2642 1101 2681 eius
1120 2654 1217 2681 usus
1237 2641 1359 2680 etiam
1379 2640 1529 2680 nostris
1562 2639 1752 2679 tinctori-

1018 2701 1094 2739 bus
1113 2699 1186 2739 sub
1205 2699 1366 2738 nomine
1393 2700 1465 2739 W
1457 2713 1526 2737 au.
1564 2698 1621 2737 Cf.
1638 2697 1750 2737 Mar-

1018 2758 1113 2808 tin.,
1143 2758 1187 2796 it.
1217 2757 1269 2796 ad
1292 2756 1437 2795 Tibull.
1463 2756 1493 2806 I,
1513 2758 1552 2806 8,
1582 2756 1650 2799 52.
1679 2755 1752 2795 ubi

1017 2816 1184 2855 meliora
1199 2829 1220 2854 e
1237 2815 1493 2854 Beckmanno
1516 2819 1658 2854 nostro
1676 2827 1751 2866 ap-

1018 2874 1147 2926 posui.
1209 2873 1434 2925 Sandyeem
1458 2886 1499 2911 v.
1525 2870 1581 2915 45
1614 2885 1637 2910 a
1655 2872 1751 2911 Vir-

1020 2932 1111 2983 gilio
1140 2945 1216 2985 pro
1237 2930 1386 2970 herbae
1413 2943 1555 2983 genere
1568 2928 1752 2968 habitam

1023 3000 1124 3038 esse,
1171 2995 1264 3042 post
1298 2988 1470 3028 Plinium
1506 2987 1688 3037 XXXV,
1723 2990 1751 3030 6
