1768 3320
328 182 822 255 *Gi-:ORGICON
857 204 1001 255 LIB.
1030 204 1081 268 1,
1121 207 1349 257 48-53
1500 213 1604 261 293

74 333 215 389 Cura
236 331 330 397 sit,
369 348 429 382 ac
449 331 651 399 patrios
681 330 967 400 cultusque
986 330 1312 399 habitusque
1331 331 1603 395 locorum3

70 405 140 457 Et
153 401 286 470 quid
300 418 552 470 quaeque
564 399 703 452 ferat
715 402 884 468 regin,
899 411 956 453 et
969 401 1101 470 quid
1117 418 1366 470 quaeque
1378 414 1603 457 recuset.

70 543 248 600 praedisci
264 543 407 590 possit?
439 543 512 578 Sed
529 542 670 578 variare
687 543 807 590 aliqua
821 556 880 579 res
897 550 1035 591 potest,
1057 551 1093 578 et
1106 552 1225 579 tamen
1241 543 1422 589 cognosci,
1443 551 1478 578 et
1494 544 1605 579 multa

48 598 123 626 >ita
137 591 296 634 variant,
323 597 365 624 nt.
383 591 421 624 in
442 601 513 624 uno
530 596 652 624 tamen
681 603 822 637 quoqne
843 598 936 625 statu
957 589 1172 638 aliquantum
1189 591 1395 625 consistant.
1443 592 1522 625 Hoc
1537 604 1605 625 au-

46 645 142 683 *tem
160 637 244 673 loco
273 637 386 673 variat
407 644 604 683 tempestas
629 650 697 683 pro
716 638 902 684 regionum
922 639 1140 673 diversitate.
1186 637 1315 684 Agitur
1341 638 1451 683 igitur
1477 639 1522 672 de
1552 651 1604 682 re,

70 697 163 732 quae
187 691 262 719 n'on
289 697 395 719 unum
428 685 648 731 eundemque
677 685 836 726 habitum
870 686 1002 732 ubique
1033 687 1156 720 habet.
1231 686 1420 720 taedia-ere
1442 692 1515 719 tres
1545 699 1603 731 ap.

68 734 186 778 Burin.
197 759 209 776 ,
231 744 332 767 more
350 732 474 773 solito.
483 761 497 776 b.
515 733 756 779 praediscere
774 734 891 768 firmat
907 747 984 768 cum
1002 734 1137 768 Colum.
1155 733 1180 767 l.
1235 760 1244 776 ,
1268 740 1343 767 tum
1362 732 1453 767 Plin.
1470 734 1603 776 XVHI,

67 779 128 824 24,
147 792 177 815 ε.
201 780 250 817 56
269 777 358 815 extr.
452 776 502 816 52
525 780 651 814 cultus
669 779 902 828 habitusque,
927 781 1059 816 omisso
1079 794 1168 828 que,
1192 779 1294 814 multi
1308 780 1402 814 Pier.
1425 787 1462 814 et
1480 780 1602 814 Heius.

93 827 167 862 uod
184 827 388 883 praeferam
413 827 449 861 h.
470 825 497 861 l.
522 839 568 861 ne
592 829 743 874 patrio-5
765 828 812 862 ad
838 828 990 863 habitus
1016 840 1157 876 quoque
1182 828 1378 868 reseratum
1410 835 1492 862 sunt
1511 828 1603 862 enim

94 886 144 921 ιιοι
159 874 318 910 diversa:
342 873 514 915 habitus-3
538 880 613 908 tum
632 874 758 909 cultus
773 877 934 924 patrius.
983 877 1043 922 (At
1063 875 1342 922 praestantiores
1364 874 1448 908 libri
1463 883 1604 909 tuentur

66 921 277 969 &ultusque-
327 922 459 956 Cultus
470 922 730 970 praediscere,
754 921 780 958 i.
801 935 832 957 e.
851 921 1101 968 praediscere,
1134 935 1241 969 quam
1262 921 1411 968 quisque
1434 935 1519 968 ager
1536 935 1603 957 co-

63 969 166 1008 lendi
188 969 366 1005 rationem
392 968 573 1014 postulet3
607 968 762 1004 habitus
779 977 879 1005 recte
898 970 1196 1017 interpretantur:
1225 969 1406 1016 ingenium
1428 983 1469 1004 ac
1494 977 1602 1004 natu-

66 1029 142 1053 ram
158 1016 235 1053 loci
251 1016 429 1063 cuiusque.
476 1015 573 1050 Male
590 1023 709 1050 autem
725 1019 876 1065 patrios
892 1019 1019 1052 cultus
1037 1017 1218 1063 accipiunt
1235 1017 1282 1052 de
1299 1017 1444 1052 colendi
1461 1017 1602 1051 ratione

66 1063 263 1107 maiorum
285 1065 331 1098 de
352 1076 421 1110 qua
437 1075 483 1097 ne
497 1063 681 1101 verbulum
702 1065 844 1110 quidem
862 1078 884 1100 a
896 1065 1053 1111 Virgilio
1071 1065 1256 1110 profertur
1272 1064 1310 1099 in
1328 1077 1410 1111 sqq.
1450 1066 1604 1099 Patrios

66 1117 186 1147 autem
195 1119 211 1154 ,⁴
239 1124 344 1158 quum
365 1109 514 1156 proprie
543 1110 732 1145 dicendum
757 1120 852 1146 esset
874 1113 1002 1147 culeus
1027 1112 1250 1159 habitusque
1267 1113 1433 1146 locorum
1449 1114 1601 1160 patrio-

67 1172 169 1202 rum,
191 1170 293 1193 more
313 1157 481 1205 poet100‚
514 1156 620 1192 nimis
641 1171 749 1204 saepe
766 1159 1020 1206 interpretibus
1047 1159 1228 1205 neglecto,
1261 1158 1385 1194 alienis
1406 1159 1519 1192 iunxit
1533 1171 1602 1193 vo-

66 1205 201 1243 eubuli,
219 1205 346 1240 cultus
372 1213 410 1239 et
430 1203 601 1246 habitu-33
633 1205 706 1240 loci
732 1215 847 1242 autem
866 1207 977 1252 patrii
1003 1207 1188 1249 dicuntur,
1224 1218 1313 1252 quos
1335 1206 1482 1264 quisque
1502 1206 1600 1241 colit.

64 1255 107 1288 In
132 1247 192 1291 Iai-
216 1260 338 1287 autem
364 1252 562 1299 cultusque
583 1252 807 1301 habitusque
823 1254 1062 1289 aninudverte
1088 1249 1250 1299 ὕστερον
1279 1265 1489 1299 προτερον·
1520 1266 1601 1288 nam

63 1300 247 1348 quomodo
269 1300 441 1335 colendus
461 1299 510 1333 sit
529 1299 677 1346 quisque
697 1313 804 1346 ager,
839 1314 883 1335 ex
905 1302 1029 1336 habitu
1049 1301 1123 1335 eius
1143 1301 1380 1346 cognoscitur.
1426 1303 1471 1334 Et
1494 1313 1600 1346 quare

64 1347 222 1383 noluerit
244 1347 476 1394 itagcribere
496 1354 621 1392 poeta:
651 1350 800 1396 patrios
819 1347 971 1383 habitus
990 1349 1186 1402 cultusque
1210 1349 1392 1382 locorum:
1426 1347 1600 1394 quamque

65 1395 171 1430 etiam
189 1394 429 1440 necessarium
454 1393 502 1427 sit
519 1393 733 1439 geminatum
760 1409 848 1442 que,
879 1396 986 1430 facile
1007 1396 1150 1441 pateb1t
1174 1395 1464 1441 intelligentibus.
1512 1395 1600 1429 Fal-

62 1442 152 1477 titur
170 1480 178 1486 ,
239 1441 244 1446 ’
304 1440 614 1483 Wunderlichius,
636 1450 843 1488 propterea,
868 1443 964 1489 quod
980 1451 1146 1488 sequatur
1164 1451 1201 1476 et
1220 1463 1263 1468 —
1283 1449 1340 1485 et,
1362 1442 1497 1488 requiri
1516 1443 1553 1476 h.
1573 1442 1598 1476 l.

60 1502 136 1537 que
152 1488 205 1517 ’--’
305 1488 521 1524 existimans.
551 1489 648 1533 Wr.)
691 1490 885 1537 cultosque
897 1490 992 1526 Gud.
1009 1496 1048 1524 et
1068 1503 1127 1537 ap.
1146 1490 1281 1524 Colum.
1300 1490 1326 1525 l.
1342 1489 1368 1525 l.
1438 1490 1487 1527 53
1510 1490 1600 1537 quid
1643 1506 1647 1510 ·

56 1535 170 1585 sen-'e'
185 1534 333 1572 voearet
344 1535 507 1571 nonnulli
523 1547 583 1582 ap.
597 1536 694 1572 Pier.

64 1627 219 1695 Italia.
240 1638 394 1698 „quinto
418 1644 532 1683 sulco
563 1644 643 1683 seri
657 1643 803 1682 melius
918 1645 988 1688 50.
1025 1642 1134 1684 Ante
1161 1644 1384 1683 arationem
1414 1649 1455 1683 et
1479 1658 1598 1683 omne

0 1731 8 1738 .
63 1713 144 1753 est,
175 1705 222 1742 in
245 1704 389 1742 meis
415 1717 507 1742 vero
539 1716 660 1740 nono.
694 1702 800 1741 conf.
860 1716 963 1755 opus
979 1703 1180 1743 rusticum
1202 1709 1352 1742 natura
1382 1703 1482 1742 caeli
1500 1702 1598 1742 soli-

62 1761 268 1801 Harduin.
311 1761 413 1801 Mox
430 1767 570 1799 tamen
593 1773 634 1800 v.
650 1759 705 1802 64
714 1773 799 1812 sqq.

62 1825 183 1874 poeta
197 1819 244 1861 iu
270 1819 477 1859 communi
502 1831 617 1858 more
635 1818 800 1870 acquie-

63 1891 174 1917 scere
188 1877 367 1928 videtur,
389 1891 483 1917 cum
498 1877 646 1930 pingue
666 1877 800 1916 solum

62 1949 181 1987 vere,
209 1941 332 1975 tenue
354 1942 577 1975 auctumno
597 1948 714 1975 arare
734 1935 802 1974 iu-

64 1995 149 2045 bet,
168 2001 219 2035 ut
236 1994 391 2034 scilicet
409 1990 485 2034 sub
503 1993 679 2034 hiemem
699 2007 801 2032 con-

62 2059 237 2093 seratur.
275 2053 360 2092 Nec
375 2066 478 2093 vero
495 2066 664 2106 prorsus
682 2052 800 2103 igno-

62 2117 108 2150 ta
139 2111 222 2150 fuit
267 2111 371 2151 satio
417 2110 616 2150 frumenti
651 2123 799 2150 verna:

62 2171 297 2208 trimestrem
311 2169 586 2222 appellabant:
615 2183 710 2206 cum
726 2182 799 2206 co-

59 2228 126 2279 git
154 2228 392 2277 necessitas,
431 2226 549 2266 addit
577 2225 799 2265 Columella

12 2300 25 2309 ¹
61 2284 113 2334 II,
124 2280 170 2335 9,
198 2287 238 2327 7.
279 2282 381 2339 (Ego
414 2284 515 2337 quid
539 2284 591 2323 de
620 2283 685 2324 his
701 2298 799 2324 ver-

62 2342 174 2382 sibus
194 2348 386 2392 statuam,
417 2356 631 2396 cognosoes
651 2356 672 2381 e
690 2343 739 2382 V.
754 2343 797 2381 L.

62 2401 118 2440 ad
132 2401 205 2441 Ge.
225 2401 294 2452 IV,
325 2403 426 2443 203.
462 2399 583 2455 Wr.)
643 2400 713 2443 49.
743 2402 799 2439 il-

61 2460 167 2509 lius,
187 2472 259 2498 seu
285 2459 429 2512 segetis
446 2490 458 2510 ‚
479 2473 562 2502 seu
591 2459 799 2512 agricolae.

61 2517 181 2557 Prius
198 2517 359 2557 melius:
380 2518 458 2556 illa
475 2518 798 2569 seges—Illius,

62 2584 253 2626 ruperunt
269 2575 413 2614 hon-ea
426 2606 437 2625 ‚
469 2575 648 2628 replent:
677 2589 800 2629 prae—

63 2632 245 2682 clargnd
269 2647 458 2689 magnam
487 2634 645 2687 copiam
675 2634 800 2686 signi-

62 2689 285 2733 ficandam:
306 2692 413 2731 conf.
427 2691 480 2730 ad
489 2692 589 2732 Aen.
601 2692 691 2742 XII,
702 2694 798 2735 527.

64 2748 212 2787 Tibull.
242 2748 295 2799 Il,
323 2749 365 2799 5,
383 2751 440 2792 84
478 2750 694 2790 Distendet
710 2751 800 2801 spi—

63 2807 123 2843 cis
169 2805 311 2844 horrea
341 2808 471 2858 plena
526 2808 640 2847 Ceres
665 2838 676 2857 ‚
727 2808 800 2847 ubi

63 2862 150 2903 vid.
178 2859 273 2902 Nota
307 2863 462 2905 Colum.
490 2867 544 2917 X,
560 2868 644 2908 307
674 2867 798 2904 Pres-

64 2935 191 2972 saque
213 2921 461 2972 flammeola
493 2932 708 2976 rumpatw·
728 2924 795 2973 fi-

64 2979 180 3017 seina
200 2978 356 3038 caltha.

857 1774 937 1814 que
971 1761 1265 1801 consideranda
1299 1767 1372 1800 est.
1412 1764 1598 1814 ignotum

858 1834 1030 1873 aequor,
1078 1833 1218 1872 agrum
1237 1850 1248 1870 ‚
1297 1819 1412 1858 cuius
1448 1826 1597 1859 natura

857 1878 975 1917 nobis
1004 1877 1145 1931 ignota
1187 1878 1253 1917 sit.
1312 1877 1383 1922 51.
1423 1879 1597 1916 caeli-—

855 1951 1009 1975 morem
1024 1967 1036 1986 ,
1070 1936 1173 1975 aeris
1192 1942 1410 1986 naturam,
1439 1942 1596 1989 tempe-

855 1995 981 2044 riem,
1018 1997 1179 2033 varium
1192 2026 1203 2044 ,
1236 2009 1313 2048 pro
1342 1994 1503 2034 diversa
1527 2008 1596 2034 re-

855 2053 1021 2105 gionum
1038 2059 1189 2092 natura
1208 2067 1255 2091 ac
1273 2053 1356 2092 situ
1373 2052 1594 2092 diversum.

857 2111 1079 2151 Columella
1096 2111 1167 2150 lib.
1185 2111 1216 2161 1,
1244 2111 1371 2164 praef.
1392 2114 1448 2154 23
1482 2112 1598 2150 Caeli

857 2177 896 2207 et
916 2171 1018 2207 anni
1036 2171 1264 2221 praesentis
1280 2183 1409 2208 mores
1432 2171 1593 2208 intuen-

855 2235 945 2265 tur.-
976 2241 1104 2280 neque
1132 2230 1240 2266 enim
1255 2227 1426 2266 eundem
1441 2258 1453 2278 ,
1485 2228 1596 2267 velut

856 2299 906 2323 ex
927 2287 1180 2337 praescripto
1197 2316 1208 2335 ‚
1241 2285 1426 2324 habitum
1447 2294 1596 2337 gerunt

855 2349 956 2382 etc.-
977 2343 1108 2382 Totus
1134 2343 1202 2382 ille
1229 2344 1344 2383 locus
1371 2358 1401 2383 S.
1429 2347 1487 2386 22
1508 2357 1593 2395 sqq.

855 2415 933 2455 pro
980 2402 1272 2441 commentario
1330 2408 1473 2454 poetae
1520 2408 1593 2441 est.

857 2461 926 2502 52.
964 2459 1130 2498 habitu-s
1160 2462 1359 2510 locorum,
1396 2459 1438 2499 h.
1467 2466 1593 2499 natu-

855 2531 968 2566 ram,
998 2517 1159 2570 genium
1177 2518 1274 2570 agri,
1305 2531 1357 2556 ex
1375 2524 1592 2571 praecepto

858 2575 1061 2625 omnium,
1092 2576 1163 2627 qui
1190 2576 1241 2615 de
1267 2589 1313 2615 re
1330 2577 1482 2615 rustica
1504 2583 1592 2615 tra-

859 2633 1011 2672 didere.
1042 2633 1139 2673 vide
1159 2634 1227 2674 vel
1240 2633 1590 2687 Xenoph.0econ.

855 2691 967 2740 XVI,
994 2694 1022 2733 2
1043 2705 1150 2744 sqq.,
1189 2705 1311 2744 quem
1338 2699 1433 2730 ante
1453 2692 1591 2731 oculos

855 2749 1044 2795 habuisse
1084 2749 1251 2789 videtur
1276 2750 1478 2802 Virgilius.
1502 2764 1590 2800 pa-

857 2810 952 2846 crios
990 2809 1145 2858 cultus,
1194 2808 1354 2847 colendi
1389 2807 1590 2846 rationem

855 2878 937 2904 usu
970 2866 1173 2907 maiorum
1208 2866 1435 2919 probatam.
1483 2862 1589 2917 (Sed

852 2923 937 2962 vid.
963 2924 1152 2974 omnino,
1182 2937 1286 2975 quae
1306 2923 1351 2961 in
1372 2923 1420 2961 V.
1441 2923 1484 2960 L.
1504 2922 1588 2960 dis—

854 2981 1008 3034 putavi.
1045 2979 1164 3035 lVr.)
1193 2980 1372 3020 Dickson
1386 2979 1587 3018 Hasban-
