1768 3320
201 186 299 234 160
519 184 574 233 P.
621 136 987 233 VIRGILIIx
1025 177 1390 231 MARONIS

195 309 448 378 Daphnin
477 309 544 361 ad
579 319 712 360 astra
735 307 998 358 feremus:
1024 303 1229 423 lzpriavit
1249 319 1352 353 nos
1373 314 1595 373 quoque
1615 308 1721 357 Da·

1002 393 1020 422 )
1065 391 1158 426 lllS.

198 465 292 502 Mo,
309 466 312 471 ¹
330 452 412 500 An
436 449 732 516 quidquam
755 445 910 496 nobis
931 393 1021 493 tali
1041 445 1107 493 sit
1129 459 1360 493 munere
1378 444 1584 496 maius?

198 523 267 571 Et
286 537 424 587 puer
444 520 557 586 ipse
582 517 683 568 fuit
707 516 900 567 cantari
924 514 1139 579 dignus,
1177 522 1229 563 et
1249 514 1345 563 ista

198 593 310 642 Iam
331 588 545 657 pridem
570 588 828 638 Stimicon
847 584 1077 634 laudavit
1106 584 1337 634 carmina
1358 583 1531 640 nohiS.
1604 636 1607 637 a
1655 587 1723 636 55

271 677 358 712 ME.
399 658 669 710 Candidus
689 658 959 706 insuetum
981 656 1205 704 miratur
1226 653 1394 704 limen
1420 652 1653 721 Olympi,

205 730 316 780 Sub
344 729 682 796 pedibusque
703 726 849 776 videt
872 725 1044 776 nubes
1067 734 1120 775 et
1142 723 1314 774 sidera
1335 723 1589 791 Daphnis,

201 803 344 865 Ergo
371 799 548 849 alacris
572 797 722 846 silvas
748 805 800 845 et
824 804 998 845 cetera
1022 812 1147 845 rura
1173 794 1416 862 voluptas

203 873 453 937 Panaque
475 878 821 935 pastoresque
842 875 992 916 tenet
1013 864 1359 932 Dryadasque
1381 862 1597 933 puellas.

276 966 355 1015 54.
391 976 584 1012 DIGNUS
598 985 610 1023 3

254 1082 312 1126 (—-
332 1082 388 1118 52.
410 1080 491 1114 Vid.
506 1080 673 1121 Q.v.111,
691 1079 725 1116 3.
756 1078 851 1122 lVr.)
913 1080 961 1117 53
983 1081 1046 1114 An
1065 1079 1236 1125 quicquid
1246 1079 1336 1112 Gud.
1357 1078 1428 1112 tali
1445 1075 1665 1112 nobisVoss.
1689 1081 1726 1109 et

206 1129 329 1173 fragm.
350 1127 488 1161 Moreti.
524 1130 581 1167 Ec,
600 1139 703 1173 puer,
724 1127 802 1171 ipse
817 1125 1039 1171 interpungit
1059 1126 1203 1161 Wakef.
1223 1126 1305 1160 coll.
1322 1139 1354 1160 v.
1377 1126 1431 1161 19.
1525 1124 1573 1161 55
1599 1124 1726 1158 Stimi-

207 1176 312 1216 chon,
330 1177 527 1219 Shmycon,
546 1173 641 1207 varie
660 1172 833 1206 scribitur.
867 1174 1087 1219 Sthymacon
1109 1180 1146 1206 et
1168 1174 1369 1207 Stimeclzon
1388 1170 1556 1206 Gothani.
1580 1172 1621 1206 In
1639 1173 1727 1205 Ser-
1764 1203 1765 1206 ,

208 1221 316 1256 vianis
350 1220 572 1255 confunditur
598 1220 798 1265 Σιμιχίδης
822 1232 879 1264 ap.
903 1221 1055 1254 Theocr.
1091 1220 1284 1262 „nonnulli
1308 1219 1560 1254 Stimichonem
1591 1224 1727 1263 patrem
1757 1206 1768 1253 l

168 1291 174 1295 -
208 1268 395 1302 Theocriti
415 1268 562 1301 dicunt“
587 1268 655 1301 hoc
674 1267 813 1312 quidem
833 1279 953 1311 parum
973 1275 1067 1302 certa
1087 1267 1168 1301 fide.
1216 1269 1347 1302 Verum
1368 1266 1555 1312 probabile
1571 1265 1657 1299 inde
1675 1265 1727 1308 fit,

209 1317 381 1350 Stimicon
400 1314 436 1347 in
455 1321 578 1348 nostro
596 1321 798 1359 corruptum
816 1326 893 1348 esse
914 1327 957 1348 ex
971 1316 1149 1360 Σιμίχων.
1175 1327 1208 1348 v.
1225 1316 1340 1349 Koen.
1358 1315 1403 1348 ad
1421 1315 1569 1358 Gregor.
1588 1313 1668 1347 Gor.
1691 1324 1726 1357 p.

210 1363 288 1398 133.
322 1363 519 1396 Scimiclzus
536 1361 728 1406 repositum
747 1368 800 1394 est
819 1361 856 1394 in
874 1361 956 1397 edit.
967 1361 1156 1396 Parmensi.
1227 1364 1274 1399 56
1299 1363 1419 1396 lumen
1430 1362 1570 1405 Menag.
1587 1360 1676 1394 alter
1692 1365 1728 1393 et

206 1410 328 1443 Franc.
363 1409 488 1453 Sicque
499 1409 614 1442 Gifan.
634 1415 670 1442 et
679 1409 817 1442 Cantor.
838 1416 872 1442 et
884 1412 967 1454 p'ost
978 1410 1060 1444 illos
1070 1408 1231 1443 Klotzius
1245 1412 1373 1454 Opusc.
1391 1421 1472 1453 pag.
1490 1409 1572 1445 301.
1595 1418 1729 1442 nomen

207 1457 345 1501 Menag.
365 1455 475 1500 prior.
545 1457 592 1492 58
612 1465 648 1489 et
665 1464 789 1489 cetera
806 1468 907 1490 rura.
934 1459 1047 1498 Quam
1063 1456 1134 1491 vim
1145 1465 1269 1490 cetera
1283 1456 1319 1490 h.
1330 1456 1506 1497 Lhabeat,
1523 1466 1596 1488 nou
1611 1454 1728 1488 video.

206 1504 314 1537 Erant
333 1509 449 1536 tamen
470 1503 627 1546 epitheto
651 1515 740 1548 quae
761 1502 903 1548 adiungi
922 1511 1104 1548 poterant:
1121 1505 1260 1550 florea,
1285 1503 1442 1538 roscida.
1490 1503 1592 1536 Nunc
1610 1497 1729 1544 video,

210 1550 316 1584 etiam
331 1551 381 1583 Io.
395 1549 579 1583 Schrader.
598 1549 688 1583 coni.
717 1559 940 1595 secretaque,
966 1563 1098 1585 secura
1123 1563 1178 1585 ue.
1212 1551 1356 1584 Poterat
1373 1561 1512 1596 quoque
1536 1548 1643 1584 scribi
1660 1548 1729 1582 sil-

209 1610 286 1637 vas,
312 1605 348 1630 ct
367 1609 489 1643 agros,
510 1605 546 1630 ec
566 1610 668 1631 rura.
719 1597 803 1642 (Sed
820 1597 891 1631 vid.
911 1599 995 1632 Not.
1028 1563 1123 1642 W'rg
1195 1599 1242 1634 59
1281 1606 1509 1644 »asturesque
1525 1597 1636 1630 simul
1647 1597 1729 1629 Me-

209 1656 289 1688 nag.
310 1644 410 1677 alter.
435 1643 535 1676 videt
552 1645 642 1677 ven.
682 1645 856 1690 Dryades
873 1646 974 1679 Rom.
994 1652 1030 1678 et
1048 1645 1148 1679 Leid.
1198 1646 1249 1690 (In
1294 1644 1325 1678 is
1342 1644 1731 1678 nominibus-Graecam

211 1697 348 1724 secutus
370 1696 424 1724 est
441 1691 590 1724 formam
607 1691 798 1736 Virgilius3
823 1691 873 1725 sic
894 1693 956 1726 Ge.
975 1694 1002 1736 1,
1026 1693 1121 1729 138.:
1148 1692 1360 1736 ‚,Pleiadas,
1385 1691 1541 1737 Hyadas.
1551 1693 1573 1710 ‘⁴
1596 1693 1685 1725 Aen.
1701 1690 1729 1733 1,

211 1796 319 1836 inter
362 1796 476 1835 divos
522 1797 726 1837 sublatum
773 1812 943 1850 canam;

214 1860 273 1892 est
287 1860 421 1892 tamen
438 1854 572 1893 verius
589 1869 640 1893 ex
654 1869 731 1894 usu
750 1855 944 1908 loquendi

214 1917 254 1950 et
272 1911 505 1964 simplicius:
545 1914 831 1953 celebrabimus
844 1946 854 1965 ,
895 1921 945 1954 ut

213 1970 284 2019 IX,
312 1972 366 2011 29
411 1972 457 2009 V
452 1985 538 2019 are,
580 1980 692 2009 tuum
726 1987 945 2011 nomen—

218 2027 432 2066 Cantantes
460 2028 626 2067 sublime
639 2030 778 2082 ferent
804 2031 863 2070 ad
884 2033 942 2069 si-

215 2085 311 2133 dera
331 2087 453 2136 cygni
467 2101 478 2123 :
510 2093 551 2125 et
574 2101 661 2139 sup.
681 2087 735 2129 43
758 2089 853 2127 hinc
872 2104 943 2127 uss-

216 2157 290 2195 que.
309 2144 367 2180 ad
384 2143 514 2182 sidera
545 2154 673 2183 ηοίιιε.
739 2144 844 2199 (Hoc
868 2160 943 2186 ve-

215 2214 308 2239 rum
336 2200 521 2252 videtur5
560 2203 642 2242 vid.
674 2203 724 2252 Q.
755 2205 801 2244 V.
829 2206 883 2255 X,
902 2208 943 2246 2.

220 2256 332 2312 Wr.)
373 2259 498 2297 Porro
522 2273 562 2298 v.
586 2262 640 2303 54
655 2277 761 2312 puer
785 2269 846 2301 est
862 2263 945 2300 Da-

216 2315 349 2368 phnis,
391 2316 457 2355 Sic
472 2331 511 2356 v.
534 2316 589 2359 49
613 2334 721 2370 puer
749 2327 836 2359 erat
856 2320 947 2360 Μο-

217 2387 332 2426 psus,
377 2374 451 2412 etsi
476 2381 604 2413 aetate
631 2378 758 2417 maior
790 2393 876 2431 sup.
907 2380 946 2420 4.

220 2429 286 2485 (p.
326 2433 432 2481 ipse,
471 2433 553 2471 vid.
586 2434 635 2482 Q.
666 2435 709 2474 V.
742 2437 885 2487 XVIII,
906 2439 947 2487 2,

218 2502 256 2541 p.
286 2490 355 2528 W
349 2487 403 2542 r.)

277 2546 344 2588 56.
381 2546 465 2584 Iam
489 2547 666 2600 Daphnis
695 2550 793 2589 deus
817 2553 947 2591 factus

220 2603 460 2653 celebratur,
490 2605 628 2657 itaque
646 2607 706 2657 ei,
740 2616 949 2661 tamquam

219 2675 327 2700 novo
358 2662 515 2700 numini
543 2666 706 2715 agresti,
747 2681 791 2705 ea
815 2669 949 2707 omnia

220 2719 485 2769 tribuuntur,
525 2717 626 2772 quae
660 2724 742 2762 sive
780 2725 949 2765 deorum

222 2777 317 2816 olim
333 2778 376 2816 in
398 2778 515 2815 terris
530 2782 777 2831 praesentiae
797 2784 953 2822 tribue-

220 2835 397 2885 bantur,
430 2835 514 2874 sive
537 2836 705 2876 deorum
731 2838 951 2881 honoribus

220 2893 380 2933 institui
401 2893 601 2944 solebant3
632 2909 786 2936 summa
804 2899 953 2939 scilicet

222 2951 377 2991 laetitia
401 2951 521 2991 efiam
553 2953 729 2993 serarum
757 2962 796 2995 et
815 2970 952 2997 rerum

1630 1795 1731 1836 Inde

1001 1871 1162 1896 sacrum
1179 1871 1361 1896 annuum
1381 1856 1417 1895 ei
1435 1855 1731 1896 instituendum

1001 1922 1145 1954 narrat
1193 1915 1247 1958 65
1272 1937 1330 1945 ·—-
1363 1917 1430 1957 80.
1504 1914 1730 1964 cavandus,

1001 1973 1215 2026 splendens
1233 2004 1243 2023 ,
1293 1973 1444 2012 micans
1464 2003 1475 2023 ,
1523 1979 1572 2012 ut
1608 1972 1730 2011 sidus.

1003 2029 1232 2086 (candidus,
1266 2030 1418 2080 hilaris,
1450 2031 1562 2082 quasi
1587 2030 1647 2069 ita
1667 2043 1732 2068 se-

1000 2103 1141 2139 renus,
1182 2096 1231 2128 ut
1265 2103 1315 2128 ne
1343 2089 1541 2129 levissima
1569 2088 1732 2140 quidem

1000 2148 1200 2187 nubecula
1249 2147 1473 2186 moestitiae
1529 2147 1733 2186 dolorisve

1003 2206 1121 2245 adsit.
1182 2206 1247 2244 Sic
1286 2205 1453 2244 candidi
1479 2205 1564 2247 dies·
1577 2235 1588 2255 ‚
1629 2220 1732 2243 can-

1002 2264 1102 2302 dida
1114 2263 1244 2316 sata,
1284 2264 1463 2302 candida
1492 2265 1608 2313 Pax,
1638 2264 1733 2302 Au-

1004 2336 1115 2372 rora,
1147 2322 1346 2360 candidus
1371 2321 1504 2364 Liber.
1554 2320 1735 2373 Respicit
1766 2323 1768 2326 '

1006 2386 1142 2418 autem
1174 2386 1294 2432 poeta
1330 2379 1669 2432 superstitionem*
1691 2378 1735 2417 in

1003 2438 1179 2490 Prolegg.
1194 2438 1246 2476 ad
1262 2437 1370 2477 hanc
1388 2437 1568 2477 Ecl.init.
1579 2449 1736 2476 memo-
1764 2477 1768 2486 ¹

1005 2502 1148 2536 ratam.
1170 2496 1243 2547 Sp.
1263 2518 1322 2526 —
1345 2496 1544 2548 Olympus
1562 2494 1603 2534 h.
1614 2495 1642 2534 1.
1661 2506 1738 2533 arx

1006 2554 1126 2604 coeli,
1156 2554 1228 2592 ubi
1246 2553 1310 2592 Dii
1325 2553 1508 2593 habitare
1534 2553 1738 2606 putaban-

1005 2619 1087 2651 tur.
1124 2614 1170 2652 V
1166 2610 1263 2665 oss.)
1313 2613 1443 2651 Locus
1469 2614 1603 2650 autem
1621 2611 1737 2662 longe

1008 2670 1273 2709 dulcissimus.
1305 2702 1320 2717 ,
1342 2671 1410 2713 58.
1451 2671 1602 2708 alacris
1629 2668 1737 2707 ratio

1001 1799 1314 1839 inanimatamm
1342 1793 1398 1841 58
1417 1821 1475 1828 --
1493 1796 1562 1841 64.

985 2729 1162 2781 ‚poetica
1192 2741 1285 2766 cum
1314 2729 1503 2779 voluptas
1528 2727 1640 2779 iungi
1661 2726 1738 2765 do-

1011 2792 1084 2825 cet.
1125 2785 1255 2841 (Ergo
1276 2800 1351 2839 pro
1370 2788 1497 2838 igitur
1517 2783 1559 2824 h.
1580 2785 1606 2823 l.
1621 2784 1738 2837 posi-

1010 2850 1101 2883 tum
1145 2857 1227 2882 esse
1243 2874 1254 2894 ,
1299 2844 1448 2897 probat
1494 2841 1739 2882 Lachmann.

1010 2903 1195 2956 Propert.
1224 2916 1311 2955 pag.
1340 2905 1437 2944 236.
1461 2903 1558 2942 Wr.
1586 2922 1646 2931 —
1663 2901 1740 2938 Ce-
1766 2943 1768 2945 ,

1012 2968 1094 2999 tera
1134 2961 1236 2999 bene
1271 2959 1504 3010 adiectum;
1548 2971 1644 2997 nam
1672 2971 1741 2996 rus
