1768 3320
199 187 302 235 338
528 182 584 232 P.
621 179 978 232 VIRGILII
1012 177 1390 229 MARONIS

197 310 592 376 Balantumque
612 323 834 374 gregem
858 305 1022 356 fluvio
1046 322 1284 355 mersare
1309 304 1519 357 salubri.

201 383 374 447 Saepe
399 379 522 429 oleo
548 377 686 430 tardi
713 388 882 429 costas
907 378 1130 442 agitator
1154 375 1298 426 aselli

198 451 404 503 Vilibus
430 459 520 500 aut
544 458 734 499 onerat
758 449 961 516 pomis3
996 446 1345 514 lapidemque
1369 454 1647 496 revertens

197 524 468 584 Incusum,
497 529 586 570 aut
601 528 742 570 atrae
757 535 987 569 massam
1008 518 1162 585 piciS‚
1191 517 1330 567 urbe
1346 525 1600 584 reportat.
1627 520 1694 570 27
1698 517 1731 567 5

268 594 388 659 Ipsa
417 590 530 641 dies
558 590 689 640 alios
719 590 822 640 alio
852 588 1004 639 dedit
1029 587 1222 638 ordine
1246 591 1398 638 Luna

244 733 315 769 272
338 745 472 780 greges
489 732 647 765 Macrob.
667 734 739 765 Sat.
759 732 819 773 ΙΙΙ,
839 731 874 767 3.
901 741 1057 763 versare
1075 728 1224 771 Zulich„
1241 727 1345 761 male.
1441 728 1512 764 275
1535 729 1733 762 Incassum

197 782 393 822 Romanus,
425 779 554 812 Medic.
579 791 655 812 cum
686 778 886 823 plerisque5
920 776 1007 810 item
1030 776 1138 810 Goth.
1167 787 1243 821 pr.‚
1281 775 1386 809 etiam
1406 775 1501 820 apud
1521 774 1731 808 Martinam:

199 827 320 873 sicque
338 827 418 861 Ald.
438 838 491 871 pr.
511 832 547 859 et
565 838 656 866 sec.;
681 832 718 859 at
736 827 892 870 Nauger.
912 824 949 856 in
969 823 1075 857 tertia
1096 823 1258 869 reposuit
1277 824 1475 864 Incusum3
1503 829 1538 856 et
1558 821 1630 856 iam
1650 828 1732 856 ante

196 876 323 918 Egnat.
346 875 449 911 1506.
496 873 594 906 Idem
619 872 785 918 proditur
815 884 835 906 e
861 873 948 916 Reg.
977 884 997 905 a
1023 884 1070 905 m.
1090 883 1144 916 pr.
1169 870 1280 905 Goth.
1302 882 1373 904 sec.
1420 871 1615 904 Incassum
1639 870 1731 904 ven.

197 924 362 956 Incisum
381 919 478 954 fluxit
498 920 583 954 edit.
603 920 747 954 Masvic.
843 920 914 955 276
938 920 1021 966 ipsa
1045 919 1125 952 dies
1145 919 1251 952 allos.
1285 916 1419 951 nemini
1438 917 1476 950 in
1493 924 1646 950 mentem
1665 927 1731 950 ve·-

197 969 275 1002 niet
293 969 390 1002 alias
412 979 589 1012 reponere
603 994 612 1009 ‚
637 980 714 1001 cum
733 966 820 1000 libri
835 965 1051 1011 grammatici
1070 965 1232 1010 vulgares
1255 965 1409 999 doceant
1424 963 1629 998 femininum
1646 963 1732 1009 plu-

197 1016 308 1050 ralem
332 1027 395 1048 usu
412 1015 508 1048 haud
524 1014 687 1048 habitum
707 1027 796 1048 esse.
846 1013 962 1058 Sosip.
986 1012 1120 1047 Charis.
1140 1012 1254 1047 Instit.
1274 1014 1300 1055 1,
1321 1026 1356 1059 p.
1378 1013 1423 1049 18
1441 1030 1490 1038 -—·
1506 1011 1592 1045 dum
1607 1019 1732 1046 tamen

198 1065 375 1103 semma-5¹,
403 1062 611 1109 pluraliter
625 1061 809 1109 feminine
833 1062 905 1095 hae
925 1061 1004 1094 dies
1024 1069 1061 1094 et
1081 1061 1153 1094 llas
1178 1060 1258 1094 dies
1282 1073 1359 1094 non
1387 1066 1559 1107 oportere
1578 1070 1648 1093 nos
1669 1057 1730 1092 di-

198 1123 290 1144 cere.
339 1110 491 1155 (Nempe
515 1110 612 1143 alias
633 1110 781 1143 Vossius
808 1108 1019 1142 exarandum
1036 1108 1074 1140 in
1098 1119 1160 1141 sua
1184 1107 1276 1142 Edit.
1301 1111 1500 1149 curaverat;
1535 1111 1574 1140 at
1594 1105 1731 1140 Tibull.

197 1159 256 1201 III,
278 1159 311 1200 6,
332 1158 408 1193 32:
435 1156 568 1200 „Venit
589 1165 674 1202 post
695 1157 863 1190 multos
887 1167 971 1189 una
999 1167 1172 1189 serena
1193 1154 1304 1188 dies.“
1334 1154 1432 1199 Wr.)

198 1275 343 1315 avibus
369 1275 505 1313 moliri
518 1291 534 1324 ;
573 1280 622 1314 ut
646 1275 811 1328 reliquis
833 1288 934 1313 con-

198 1340 436 1373 sentaneum
458 1333 531 1384 sit,
570 1334 620 1372 de
644 1334 785 1373 avibus
808 1346 935 1386 (prae-

199 1392 390 1432 dantibus
447 1398 487 1430 et
546 1392 701 1431 nocivis
747 1391 934 1444 intellige.

197 1454 295 1493 272.
316 1451 458 1503 fluvio
491 1450 655 1490 salubri.
699 1451 746 1489 cf.
775 1450 846 1489 inf.
869 1449 935 1499 III,

198 1508 282 1552 445
303 1522 360 1562 sq.
420 1507 649 1561 Argutatur
673 1509 717 1548 in
741 1508 820 1548 hac
836 1520 938 1547 voce

199 1567 357 1606 adiecta
387 1566 566 1606 Macrob.
595 1567 629 1617 I,
665 1570 740 1617 16,
769 1581 808 1620 p.
835 1569 934 1608 287.

198 1625 311 1665 Idem
329 1625 398 1675 III,
430 1628 455 1667 3
477 1631 580 1665 extr.
624 1626 799 1664 Cavetar
828 1627 935 1662 enim

198 1686 242 1722 in
269 1686 353 1721 iare
374 1684 594 1732 «Pontificio
609 1714 620 1733 ‚
673 1692 719 1722 ut
741 1707 789 1713 —
807 1682 934 1735 sestis

198 1741 338 1780 diebus
362 1742 613 1793 purgandae
637 1742 760 1779 lanae
791 1743 935 1793 gratia

199 1814 291 1839 oves
329 1800 471 1838 lavare
505 1814 586 1838 non
618 1800 740 1838 liceat
758 1814 774 1847 ,·
814 1800 935 1837 liceat

199 1866 336 1896 autem
350 1887 361 1907 ,
395 1860 433 1896 si
453 1859 657 1896 curatione
688 1857 842 1896 scabies
859 1856 936 1895 ah-

199 1915 350 1954 luenda
371 1917 422 1953 sit
431 1930 446 1963 ;
480 1916 568 1954 ideo
596 1915 672 1953 lzoc
692 1929 850 1969 quoque
868 1916 935 1953 in-

199 1982 258 2012 ter
291 1988 479 2012 concessa
518 1976 747 2012 numeravit
786 1973 937 2012 Balan-

198 2038 369 2083 tumque
406 2045 543 2084 greges
575 2031 706 2071 ssuvio
739 2045 916 2070 mersare
925 2046 937 2082 3

204 2091 315 2143 quod
340 2091 377 2127 si
408 2090 615 2143 hucusque
646 2090 835 2140 dixisset,
879 2090 936 2128 li-

200 2149 283 2186 cita
324 2158 361 2186 et
387 2151 512 2187 vetita
544 2148 782 2201 confuderat
799 2178 809 2198 ‚
845 2148 931 2198 sed,

201 2206 428 2244 adiiciendo
446 2207 611 2257 salubri,
630 2221 821 2245 caussam
836 2221 935 2245 con-

200 2278 334 2302 cessae
373 2264 589 2303 ablationis
629 2267 831 2317 expressit.
885 2265 934 2304 cs.

202 2322 359 2360 Colum.
375 2323 401 2361 l.
420 2323 447 2362 l.
471 2321 514 2376 β’.
531 2326 572 2365 2.
602 2323 734 2362 Varro
757 2337 819 2376 ap.
837 2324 934 2362 Ser-

200 2380 312 2419 vium
331 2380 383 2418 ad
401 2380 442 2420 h.
461 2381 487 2420 l.

257 2441 411 2480 273—-
432 2439 530 2482 275.
569 2438 681 2477 Haec
708 2452 760 2477 ex
787 2438 935 2477 durio-

200 2508 295 2534 rum
315 2497 648 2547 patrumfamilias
680 2497 858 2548 ratione3
887 2503 936 2535 ut

203 2554 389 2604 Catonis,
421 2568 454 2593 e.
477 2557 570 2597 138.
603 2554 687 2594 vid.
710 2555 865 2594 Colum.
886 2555 934 2605 II,

201 2614 271 2661 22,
291 2611 330 2654 5.
384 2614 500 2652 Vilia
512 2627 642 2663 poma
667 2613 862 2652 dicuntur
882 2612 935 2651 ad

201 2683 386 2721 magnam
443 2670 600 2723 copiam
647 2670 934 2710 denotandam.

203 2727 268 2766 Sic
284 2740 323 2766 v.
346 2723 431 2769 227
461 2729 555 2767 vilis
562 2728 741 2780 faselus.
801 2730 936 2780 Lapis

190 2787 364 2839 [incusas
378 2815 389 2834 ,
423 2785 507 2824 sive
527 2786 662 2835 rudis,
702 2799 830 2838 asper,
849 2786 934 2825 sive
959 2829 961 2831 ¹

204 2856 323 2882 cusus
347 2849 388 2882 et
416 2843 576 2883 incisus.
636 2844 693 2881 De
719 2844 826 2882 mola
844 2857 934 2881 ma-

202 2901 313 2940 nuali
347 2902 429 2940 sere
471 2901 669 2954 accipitur
706 2907 798 2953 post
836 2903 934 2939 Ser-

202 2960 326 2998 vium.
366 2961 446 3011 pix
481 2960 604 2999 variis
645 2959 784 2998 usibus
818 2973 933 3012 agre-

992 1272 1114 1312 stium
1142 1272 1334 1323 inservit3
1376 1278 1427 1312 ut
1453 1271 1598 1311 mustis
1628 1285 1730 1311 con-

993 1331 1152 1371 diendis
1173 1338 1248 1371 etc.
1307 1331 1482 1370 Notetur
1500 1335 1540 1370 et
1556 1329 1626 1368 illa
1642 1331 1730 1369 for—

993 1404 1060 1429 ma
1079 1406 1087 1429 :
1127 1392 1309 1442 agitator
1344 1391 1465 1428 aselli
1482 1410 1542 1420 —
1563 1396 1726 1438 onerat,

993 1463 1070 1502 pro
1094 1448 1287 1501 agricola3
1318 1461 1439 1500 quem
1452 1460 1575 1500 poma
1593 1446 1637 1485 in
1654 1460 1729 1486 ur-

994 1507 1087 1550 bem
1104 1506 1266 1546 mittere
1290 1506 1497 1556 dicturus,
1538 1505 1730 1557 quoniam

995 1566 1106 1604 aselli
1124 1579 1247 1618 opera
1269 1566 1311 1604 in
1331 1578 1378 1604 eo
1400 1564 1554 1614 utitur,
1586 1565 1729 1616 agita-

994 1632 1118 1662 torem
1144 1625 1253 1662 asini
1273 1630 1393 1677 poeta
1420 1622 1615 1675 appellat:
1645 1635 1730 1660 non

994 1683 1101 1721 enini
1123 1681 1174 1720 de
1195 1682 1368 1721 asinario
1388 1681 1480 1734 agit.
1540 1680 1730 1719 Ceterum

994 1754 1046 1779 ex
1072 1754 1112 1780 v.
1143 1739 1241 1783 274.
1269 1740 1354 1783 275
1393 1745 1527 1793 patet,
1575 1737 1730 1778 seriatis

994 1798 1135 1837 diebus
1166 1798 1288 1837 etiam
1321 1804 1524 1837 mercatus
1548 1796 1593 1836 in
1611 1796 1729 1835 urbi—

992 1857 1069 1896 bus
1097 1856 1258 1895 habitos
1290 1869 1392 1907 esse,
1423 1855 1534 1896 unde
1558 1868 1610 1894 ex
1624 1868 1729 1894 ven-

994 1914 1176 1954 ditorum
1202 1929 1419 1967 pomorum
1445 1913 1579 1968 pretio
1598 1913 1730 1967 picem

994 1979 1036 2011 et
1052 1973 1229 2026 lapidem
1255 1986 1400 2026 parare
1431 1972 1602 2026 agricola
1630 1985 1728 2025 pos—

993 2037 1067 2070 set.
1089 2032 1137 2071 cs.
1163 2031 1361 2071 Varronis
1376 2032 1514 2071 locum
1531 2045 1594 2086 ap.
1614 2031 1727 2070 Serv.

994 2089 1048 2128 ad
1068 2089 1166 2133 275.

1050 2151 1136 2191 276
1153 2171 1200 2177 -
1214 2150 1314 2190 286.
1344 2147 1477 2187 Etiam
1494 2147 1584 2187 dies·
1604 2147 1727 2187 luna—

991 2219 1056 2245 res
1074 2205 1350 2245 observandos
1370 2219 1453 2245 esse
1481 2205 1606 2257 dicit3
1645 2218 1728 2244 esse

992 2264 1101 2304 enim
1125 2265 1222 2303 alios
1250 2264 1426 2315 faustos,
1467 2263 1521 2303 ad
1545 2278 1647 2317 opus
1664 2265 1727 2303 sa-

992 2323 1183 2362 ciendum
1212 2320 1309 2376 (hoc
1342 2328 1427 2373 est,
1456 2323 1607 2376 felices
1630 2337 1727 2375 ope-

992 2380 1131 2436 mm),
1172 2382 1270 2420 alios
1301 2381 1514 2420 infaustos.
1581 2380 1727 2433 Sequi—

992 2446 1064 2478 tur
1097 2445 1234 2478 autem
1275 2439 1605 2493 superstitionem
1640 2439 1727 2478 He-

994 2496 1100 2535 siodi
1117 2528 1128 2548 ‚
1175 2511 1318 2537 versus
1359 2497 1482 2537 finem
1526 2497 1648 2550 Oper.
1685 2503 1727 2536 et

995 2555 1101 2593 Dier.
1127 2556 1211 2598 765
1241 2568 1349 2607 sqq.‚
1381 2561 1453 2594 aut
1478 2555 1616 2608 potius
1643 2555 1726 2594 De-

992 2612 1153 2652 mocriti
1186 2611 1283 2666 (fuit
1309 2613 1414 2652 enim
1439 2613 1542 2652 liber
1572 2615 1657 2653 eius
1675 2613 1726 2653 de

993 2671 1042 2710 R.
1060 2671 1109 2709 R.
1129 2668 1359 2724 γεωργικὸν,
1390 2671 1567 2711 Varroni
1584 2678 1626 2711 et
1644 2672 1725 2711 Co-

992 2728 1176 2767 lumellae
1206 2742 1253 2766 ac
1272 2729 1401 2768 Plinio
1428 2729 1620 2770 laudatus
1632 2745 1644 2782 3
1674 2730 1724 2769 de

993 2799 1039 2824 eo
1066 2785 1151 2824 vid.
1178 2786 1330 2839 Proleg.
1359 2787 1619 2843 Geoponic.);
1641 2788 1725 2827 Pli-

992 2843 1084 2882 nius
1102 2844 1255 2894 XVIII,
1276 2848 1351 2894 32,
1381 2860 1410 2885 s,
1431 2846 1486 2889 75
1516 2848 1601 2885 His
1619 2861 1725 2899 quae

992 2910 1084 2939 sunt
1122 2905 1348 2942 necessaria
1393 2904 1636 2943 adiicientur
1674 2904 1724 2942 de

991 2959 1092 2998 lana
1118 2962 1324 3014 ventisque
1349 2970 1386 3000 et
1410 2964 1647 3014 praesagiis
1666 2983 1725 2992 --
