1768 3320
0 0 91 80 ᾖ,

467 169 482 188 Ι

395 243 807 295 Bucech
854 225 1019 294 Ec'L.
1051 245 1107 307 1,

1161 250 1311 297 1-6
1543 250 1610 300 55

92 376 204 423 Nos
227 371 429 439 patriae
451 368 589 421 fines
610 379 664 420 et
687 369 859 420 dulcia
882 368 1175 437 linqffimus
1196 387 1340 432 arva3

92 447 202 495 Nos
235 441 460 509 patriam
479 439 738 506 fugimus:
779 449 865 505 tu,
904 440 1111 504 Tityre,
1146 439 1323 490 lentus
1344 441 1398 489 in
1420 442 1611 493 umbra

90 513 408 563 Formosam
432 526 685 561 resonare
707 510 870 560 doces
889 509 1210 575 Amaryllida
1235 509 1399 562 silvas,
1579 516 1611 564 5

91 596 140 634 τ.
177 583 227 633 Ο
247 580 545 646 Meliboee,
584 580 717 631 deus
740 581 898 630 nobis
921 580 1053 630 haec
1078 580 1183 630 otia
1203 578 1344 632 fecit.

137 699 161 736 3
184 698 265 733 Nos
278 711 316 745 p.
329 697 365 745 f
386 711 456 733 nos
474 699 510 732 d.
535 704 679 743 quartus
700 699 827 731 Moret.
846 704 881 731 et
900 698 1024 743 fragm.

1041 699 1170 732 Moret.
1192 710 1212 732 a
1230 710 1284 742 pr.
1304 710 1350 730 m.
1431 698 1611 743 liquimus,

91 745 188 793 quod
210 757 230 779 e
249 745 336 779 eod.
353 747 443 781 Mus.
476 745 565 779 Brit.
592 746 723 790 probat
747 746 891 779 Wakef.
919 746 963 779 ad
989 747 1130 779 Lucret.
1163 746 1189 787 1,
1224 745 1293 780 275
1330 750 1384 777 est
1414 756 1552 789 quoque
1575 745 1613 778 in

89 792 254 827 Parthas.
279 793 391 837 (recte
407 794 616 846 linquimus,
641 792 664 826 i.
687 804 717 825 e
732 791 769 824 in
794 804 836 825 eo
859 805 944 835 snm,
969 800 1008 826 ut
1027 792 1193 846 liiiqnam.
1223 791 1302 845 Sp.)
1353 791 1613 837 patmos-fines

89 839 186 874 idem
213 838 304 874 coni.
329 840 534 875 Wakefield
556 839 641 873 silv.
659 840 696 872 Ρ.
723 840 775 873 IV
809 851 832 884 1;

91 893 128 920 et
144 893 184 920 ut
203 886 252 920 sit
271 898 338 936 pro
350 895 533 934 paternos
541 887 654 931 fines.

753 884 776 920 4
793 886 891 920 letus
917 887 1100 928 Rottend„
1124 886 1160 919 h.

875 841 922 876 62
949 852 993 873 ne
1012 848 1162 886 pacrtae
1215 840 1349 872 acriam
1368 851 1407 871 se
1427 838 1613 884 excipiant,

1194 893 1306 927 aetus,
1327 885 1479 918 sollenni
1495 885 1612 919 varia-

89 933 200 968 tione.
223 944 257 967 v.
281 932 396 967 Burm.
417 933 454 967 11.
471 933 495 967 l.
517 939 554 966 et
571 932 702 977 passim
723 932 796 966 alii.
841 933 965 978 (Non
954 945 990 967 m
1011 932 1159 966 tristitia
1180 940 1215 966 et
1234 932 1414 966 hilaritate
1431 932 1612 977 oppositio

89 980 202 1022 inest,
226 980 319 1014 sed
308 992 346 1014 111
365 980 490 1025 rapida
506 979 733 1013 festinatione
751 980 932 1024 pulsorum
956 987 993 1014 et
1018 981 1117 1014 lento
1144 980 1219 1014 otio
1246 979 1382 1025 Tityri,
1416 979 1531 1013 lentus
1559 986 1614 1013 est

90 1027 319 1073 tranquillus,
343 1039 415 1062 non
435 1034 639 1061 commotus.
664 1027 709 1061 cf.
731 1027 891 1060 Turuebi
909 1028 1058 1062 Advers
1084 1026 1435 1069 1‚15.Burm.ad
1454 1026 1555 1061 Ovid.
1585 1029 1611 1061 1.

88 1086 125 1120 p.
143 1075 180 1112 8.
199 1074 395 1109 Broukhus.
418 1075 464 1109 ad
484 1073 565 1108 Tib.
587 1076 614 1117 1,
634 1074 668 1117 5,
687 1072 746 1110 45
770 1074 847 1121 Sp.)

89 1170 166 1196 nus
185 1157 359 1210 aliasque
380 1156 543 1195 arbores
561 1156 686 1195 amari
713 1171 735 1194 a
755 1155 818 1194 Si-

89 1214 188 1254 culis
206 1214 439 1254 Arcadiisve
457 1215 705 1267 pastoribus,
736 1228 820 1253 non

88 1274 208 1325 sagos.
239 1273 314 1312 Cui
333 1273 604 1312 observationi
617 1271 820 1325 Spohnius

89 1331 278 1384 opposuit
309 1331 353 1370 in
385 1337 491 1370 nott.
520 1342 613 1369 mss.
649 1329 820 1369 Theocr.

90 1388 188 1438 XII,
224 1391 286 1431 8.:
340 1385 542 1458 ,,σκιεραν
567 1385 651 1430 ὑπὸ
689 1384 821 1455 φηγὸν

88 1442 242 1488 Ἠελίου
287 1442 540 1515 φρύττοντος
605 1442 822 1500 ὅδοιπόρος

90 1500 309 1559 ἔδραμον
285 1501 341 1553 οἷς
359 1519 433 1553 τις.
439 1506 463 1526 “
513 1504 594 1543 Ve1
594 1517 665 1542 um
685 1509 822 1543 totum

88 1561 191 1601 illud
210 1574 371 1600 carmen
393 1561 598 1600 Theociiti
617 1575 700 1600 non
721 1575 761 1599 es
749 1567 781 1600 t
801 1574 822 1599 e

88 1632 230 1672 genere
257 1620 453 1659 bucolico.
511 1619 662 1658 Adjicit
689 1618 823 1672 Spoh-

90 1678 201 1719 nius:
230 1678 417 1730 „Fa-gum
443 1677 542 1716 dicit
568 1691 644 1730 pro
673 1683 823 1715 natura

90 1735 186 1786 loci;
213 1749 342 1788 prope
360 1735 571 1774 Mantuam
595 1741 635 1774 et
653 1735 697 1773 in
720 1735 822 1787 agris

89 1793 243 1846 Virgilii
259 1800 376 1834 erant
388 1800 546 1833 veteres
566 1794 655 1846 sagi.
677 1794 725 1832 cs.
737 1793 820 1831 Ecl.

89 1852 144 1901 II,
175 1854 215 1893 3.
251 1852 331 1902 IX,
362 1854 402 1894 9.
459 1851 689 1890 Haeserunt
715 1865 822 1890 non-

89 1908 211 1959 nulli,
261 1909 373 1961 quod
406 1908 528 1948 hodie
565 1910 699 1948 nullae
726 1914 822 1948 sunt

89 1980 215 2020 prope
233 1967 453 2017 Mantuam,
482 1974 531 2006 ut
553 1965 822 2006 Holdsworth

90 2031 133 2063 et
161 2024 239 2065 alii.
297 2024 378 2064 Sed
417 2039 501 2064 non
537 2025 822 2075 meminerunt,

90 2083 231 2122 XVIII.
249 2084 407 2122 saecula
423 2084 634 2123 interiecta
651 2096 746 2121 esse.
775 2083 823 2121 In

90 2141 240 2180 Libano
278 2140 400 2180 hodie
429 2142 646 2181 cedrorum
681 2140 824 2193 exigua

91 2199 211 2249 silva,
267 2199 363 2238 olim
397 2200 524 2238 omnis
557 2200 604 2238 iis
636 2198 822 2238 abunda-

94 2258 201 2296 bat.“
236 2259 307 2297 W
300 2255 348 2311 r.)
399 2258 587 2310 Tityrum
606 2258 822 2296 silvestrem

90 2336 149 2345 —-
162 2317 351 2364 Musam,
371 2328 532 2354 carmen
551 2314 820 2368 pastoritium,

93 2371 183 2426 (per
213 2372 332 2412 silvas
371 2374 477 2412 enim
508 2379 658 2411 aestate
687 2385 822 2424 greges

91 2437 262 2483 pascunt
298 2430 409 2481 Itali3
456 2431 504 2469 cs.
538 2431 620 2469 Ecl.
650 2429 726 2479 VI,
780 2433 819 2471 2.

98 2490 167 2528 W
161 2486 240 2542 ch.)
273 2489 482 2537 meditari,
518 2501 722 2537 exercere,
755 2502 820 2540 με·

93 2548 232 2602 λετᾷν,
272 2545 314 2585 11.
335 2559 367 2585 e.
399 2547 537 2585 cantui
555 2560 646 2585 eum
663 2558 820 2594 vacare,

91 2603 299 2655 indulgere
312 2634 322 2653 ,
353 2604 429 2654 ait,
461 2611 502 2643 et
523 2605 685 2656 quidem
713 2605 823 2641 tenui

94 2675 239 2710 avena,
271 2668 321 2701 ut
338 2663 493 2701 culmus
510 2677 585 2715 pro
603 2661 740 2700 fistula
757 2661 821 2699 sit.

95 2732 135 2758 v.
153 2718 235 2757 Ecl.
255 2719 320 2769 HI,
343 2722 410 2761 27.
441 2721 563 2772 quod,
581 2720 698 2758 nimis
717 2720 822 2757 forte

95 2782 235 2827 argute
249 2806 260 2826 ,
301 2777 353 2815 ad.
378 2792 500 2830 genus
527 2777 711 2817 carminis
739 2776 822 2814 hu-

94 2833 186 2871 mile
203 2839 244 2871 et
267 2842 379 2872 tenue
395 2837 601 2885 reserunt3
640 2834 822 2886 quamvis

95 2891 179 2929 eius
200 2891 311 2930 notio
328 2892 403 2943 ipsi
432 2901 603 2933 naturae
636 2891 822 2931 carminis

95 2949 267 2987 bucolici
287 2949 426 2989 subsit.
485 2952 644 2990 Ornans
665 2949 823 3003 epithe-

96 3012 171 3045 ton
197 3008 339 3044 tenuis-
402 3006 465 3048 An
493 3009 588 3048 satis
609 3008 824 3047 conveniat

875 1157 1047 1196 bucolici
1081 1156 1235 1210 generis
1279 1156 1407 1195 indoli
1440 1158 1613 1194 Musam

878 1215 1065 1254 meditari
1081 1229 1228 1264 avena,
1254 1214 1520 1268 pronuntiare
1538 1214 1611 1253 vix

878 1273 1004 1323 ausis,
1046 1274 1121 1312 nisi
1145 1286 1242 1312 usus
1261 1273 1444 1325 exempla
1469 1278 1613 1312 essent.

878 1332 951 1371 Est
968 1337 1106 1370 tamen
1124 1331 1168 1369 in
1189 1330 1358 1369 Theocr.
1379 1331 1416 1380 Ι,
1447 1333 1503 1372 20
1542 1329 1613 1370 καὶ
1684 1315 1691 1318 -

878 1391 952 1437 τοῖς
971 1390 1215 1442 βουκολικᾶς
1233 1387 1299 1429 ἐπὶ
1318 1386 1362 1429 τὸ
1379 1387 1502 1429 πλέον
1525 1388 1611 1429 ’ἵκεο

881 1442 1058 1495 Μώσας.
1117 1446 1352 1485 Lucretium
1393 1445 1611 1498 praeivisse

878 1504 1037 1543 Maroni
1060 1505 1104 1543 in
1134 1510 1234 1543 noto
1263 1516 1404 1543 versu:
1450 1503 1611 1542 Fistula

879 1563 1095 1601 silvestrem
1115 1577 1164 1600 ne
1182 1570 1302 1600 cesset
1315 1557 1610 1613 sunder-ever-

879 1635 970 1658 sum
987 1626 1158 1659 constat.
1187 1620 1241 1658 Et
1255 1619 1416 1671 sequuti
1433 1625 1528 1658 sunt
1546 1619 1611 1658 alii

878 1678 1070 1729 bucolici3
1107 1678 1326 1717 Nemesian.
1346 1677 1384 1727 1,
1422 1679 1479 1719 27
1533 1677 1614 1714 Sed

880 1738 978 1788 quia
996 1744 1040 1774 tu
1058 1744 1215 1774 nostrae
1234 1737 1407 1774 Musam
1431 1735 1611 1785 deposcis

879 1808 1046 1832 avenae.
1109 1792 1149 1835 4.
1179 1794 1322 1845 Fugit,
1354 1792 1464 1831 utin
1483 1792 1610 1830 Grae-

879 1851 955 1901 cis,
996 1847 1163 1906 φεύγει,
1202 1851 1323 1889 etiam
1341 1851 1397 1900 is,
1441 1850 1510 1901 qui
1536 1863 1610 1888 ex-

878 1909 1044 1962 pellitur
1063 1916 1103 1947 et
1121 1909 1281 1959 exulat,
1320 1914 1370 1947 ut
1388 1907 1430 1947 h.
1447 1908 1474 1947 l.
1494 1907 1609 1946 Meli-

877 1967 1014 2007 boens.
1030 1968 1170 2016 lentus,
1202 1967 1354 2005 otiosus
1375 1972 1416 2004 et
1434 1979 1609 2004 securus.

879 2027 993 2065 Serv.
1020 2024 1104 2064 vid.
1129 2025 1265 2064 Heins.
1294 2024 1348 2062 ad
1370 2024 1490 2063 Ovid.
1513 2023 1609 2063 Her.

879 2083 990 2133 XIX,
1022 2085 1091 2125 81.

938 2143 964 2182 6
982 2163 1040 2170 -
1062 2143 1128 2183 10.
1165 2139 1263 2178 deus
1275 2170 1286 2189 ,
1330 2139 1516 2178 dominus
1539 2139 1609 2177 Ti-

876 2198 972 2251 tyri,
985 2211 1112 2250 quem
1120 2198 1271 2236 Romae
1290 2197 1457 2247 adierat,
1467 2210 1609 2248 quem-

878 2269 956 2308 que
971 2256 1078 2295 infra
1102 2269 1162 2295 vs,
1183 2254 1238 2297 43
1266 2257 1446 2294 iuvenem
1471 2255 1609 2307 appel-

877 2314 947 2353 lat.
1005 2313 1275 2353 Octavianum
1299 2313 1507 2351 Caesarem
1536 2313 1609 2350 de-

879 2371 1046 2422 clarari,
1084 2371 1176 2411 Divi
1191 2371 1282 2410 Iulii
1301 2371 1449 2420 filium,
1489 2370 1609 2409 dubi-

878 2430 957 2468 tari
985 2430 1144 2482 nequit,
1197 2434 1395 2480 quatenus
1420 2428 1608 2479 Virgilius

877 2501 991 2526 suam
1016 2489 1222 2526 fortunam
1245 2486 1506 2525 adumbravit
1534 2486 1608 2523 sub

878 2545 1010 2598 Tityri
1027 2559 1211 2598 persona.
1259 2542 1399 2598 (Apud
1415 2545 1606 2595 Pompon.

878 2603 968 2642 Sab.
1012 2609 1092 2641 est:
1137 2603 1258 2652 deus,
1320 2602 1524 2654 Augustus
1550 2621 1609 2629 --

877 2661 970 2711 „vel
987 2662 1128 2710 Roma,
1157 2666 1206 2699 ut
1225 2661 1282 2699 ait
1297 2659 1551 2713 Apronianus
1562 2672 1571 2707 3
1583 2659 1607 2678 “

879 2732 972 2771 ergo
1002 2725 1043 2757 et
1069 2719 1102 2757 is
1127 2717 1190 2756 his
1218 2718 1383 2770 argutiis
1416 2713 1605 2768 litavit'?)

878 2777 997 2817 Nunc
1031 2783 1168 2815 tamen
1204 2775 1326 2815 herus
1353 2773 1484 2826 Tityri
1511 2773 1607 2810 deus

877 2834 953 2887 ipsi
985 2840 1045 2872 est
1064 2834 1276 2872 beneficiis.
1333 2831 1503 2871 Pronior
1532 2842 1606 2866 au-

878 2898 962 2930 tem
979 2898 1163 2930 veterum
1183 2905 1313 2930 sermo
1339 2890 1382 2927 in
1400 2889 1510 2927 hunc
1529 2899 1605 2923 vo-

880 2949 935 2988 cis
956 2963 1076 2988 usum
1101 2949 1198 2998 fuit,
1239 2954 1288 2986 ut
1303 2960 1390 2994 eos,
1420 2959 1443 2982 a
1463 2942 1606 2994 quibus

880 3007 1029 3046 servati
1047 3012 1198 3055 essent,
1242 3005 1336 3043 deos
1364 3010 1405 3041 et
1424 3002 1606 3053 σωτῆρας
