1768 3320
546 215 1058 269 ARGUMENTA
1472 234 1571 270 av

39 339 222 407 Quique
239 325 398 447 apibus
415 344 576 397 flores,
617 344 823 389 examina
844 358 1050 403 quaeque
1066 342 1266 401 legenda,

38 405 233 460 ludicat,
299 411 592 463 umentesque
617 402 770 456 favos,
802 402 1001 446 caelestia
1024 401 1158 447 dona.
1516 408 1573 448 20

603 576 758 628 v111
799 575 1000 640 (xvl)

37 679 298 726 Duodecim
324 680 702 726 scholasticorum
723 687 975 740 poetarum
999 678 1298 737 Argumenta
1325 677 1376 720 in
1399 676 1572 720 Aenei-

544 749 666 794 dem.
695 749 806 795 ibid.
837 749 930 808 Ep.
961 749 1059 793 195.

553 831 773 866 LIBRI
819 829 1045 865 PRIMI

496 890 536 932 V
578 890 618 933 Ο
662 889 708 934 Μ
752 891 792 933 Α
835 887 960 932 NU
1003 886 1113 931 SI

37 969 206 1016 Aeolus
226 970 436 1013 immittit
455 979 609 1014 ventos
624 1002 635 1020 ,
665 970 841 1014 lunone
904 976 1091 1022 recante,

37 1028 356 1087 Troianosque
376 1043 511 1086 vagos
537 1029 720 1087 Libycas
742 983 929 1086 expellit
950 1027 992 1069 in
1017 1042 1133 1078 oras,

38 1086 221 1130 Solatur
241 1086 465 1129 Venerem
487 1086 611 1129 dictis
632 1093 761 1146 pater
779 1085 878 1151 ipse
902 1083 1143 1128 dolentem.

41 1145 214 1187 Aenean
233 1143 392 1203 recipit
407 1143 570 1203 pulcra
589 1143 859 1201 Carthagine
879 1142 1023 1195 Dido3

39 1202 123 1246 Cui
146 1202 299 1246 Venus
323 1202 490 1246 Ascanii
511 1202 596 1246 sub
615 1202 809 1260 imagine
827 1200 969 1243 mittit
987 1203 1220 1244 Amorem.
1548 1202 1575 1245 5

639 1305 982 1342 secuunx

449 1362 1050 1409 EUPHORBUS
1111 1361 1158 1404 ll

39 1433 231 1492 Cogitur
251 1434 419 1478 Aeneas
440 1433 667 1478 bellorum
688 1449 921 1493 exponere
938 1447 1078 1485 casus,

41 1492 380 1550 Graiorumque
400 1491 553 1546 dolos,
584 1501 628 1535 et
656 1508 851 1550 equum,
877 1490 1179 1547 fraudemque
1203 1488 1396 1543 Sinonis,

39 1548 340 1608 Excisamque
360 1549 546 1602 urbem,
575 1551 832 1607 Priamique
853 1549 1109 1592 miserrima
1136 1546 1252 1598 fata3

40 1607 198 1665 thue
219 1615 399 1666 patrem
420 1608 691 1667 impositum
712 1606 823 1651 forti
850 1606 1017 1650 cervice
1036 1620 1120 1664 per
1137 1605 1260 1663 ignes

41 1664 290 1718 Extulerit‚
321 1679 561 1725 caramque
585 1666 784 1709 amiserit
801 1665 898 1725 ipse
914 1664 1144 1707 Creusam.
1522 1669 1574 1708 10

670 1770 950 1806 TERT11

488 1827 981 1873 IULIANUS
1040 1825 1120 1870 III

41 1895 148 1939 Post
167 1911 319 1940 casum
340 1897 505 1942 Troiae
527 1896 742 1942 fabricata
764 1897 898 1941 classe
919 1903 1143 1956 superstes

47 1953 152 1998 Vela
174 1954 249 1998 dat
271 1957 460 2008 Aeneas,
495 1956 750 2014 urbemque
768 1956 814 1999 in
834 1955 989 1999 littore
1010 1954 1260 2006 Thracum,

40 2012 158 2056 Mox
177 2012 310 2056 aliam
327 2013 487 2072 pulsus
509 2014 702 2057 Cretaeis
728 2013 927 2057 condidit
947 2013 1052 2056 oris.

11 2076 14 2083 '
43 2069 169 2113 Cedit
188 2079 232 2114 et
254 2070 359 2114 hinc
373 2104 385 2125 ,
414 2071 730 2130 Helenumque
751 2071 889 2124 videt,
921 2078 1249 2130 praeceptaque
1270 2069 1396 2113 discit
1405 2085 1419 2123 3

42 2129 291 2173 Aetnaeum
313 2129 514 2190 Cyclopa
531 2129 671 2188 fugit,
715 2129 967 2189 sepelitque
985 2135 1239 2187 parentem.
1521 2131 1574 2174 15

657 2236 690 2277 Q
714 2237 751 2269 U
773 2237 804 2270 A
830 2235 862 2269 R
886 2235 918 2268 T
942 2235 959 2267 1

506 2292 546 2336 H
577 2293 597 2335 l
627 2293 664 2336 L
698 2295 731 2336 A
762 2294 801 2337 R
832 2293 853 2335 Ι
884 2292 930 2337 U
961 2290 991 2334 S
1050 2291 1121 2335 IV

43 2360 182 2403 Ardet
201 2375 357 2404 amore
381 2362 506 2419 gravi
525 2362 642 2406 Dido
655 2395 667 2416 ‚
699 2377 832 2405 soror
853 2363 979 2405 Anna
993 2361 1152 2405 suadet

43 2418 237 2462 Nubere.
297 2418 580 2476 Iunguntur,
612 2420 768 2463 nimbo
791 2428 999 2477 cogente,
1031 2420 1117 2463 sub
1142 2426 1290 2462 antro.

43 2475 222 2520 Incusat
240 2476 643 2543 precibusepatrem
668 2486 924 2522 contemtus
944 2477 1108 2521 Iarbas.

44 2533 231 2592 Navigat
262 2537 428 2578 Aeneas
449 2551 573 2579 iussu
594 2536 726 2580 Iovis.
786 2536 869 2578 Illa
890 2536 1048 2579 dolore

45 2589 294 2650 Inpatiens,
327 2600 369 2637 et
387 2609 566 2649 amore,
597 2610 752 2638 necem
770 2594 854 2637 sibi
874 2593 1087 2653 protinus
1107 2592 1255 2636 infert.
1521 2597 1577 2635 20

665 2678 953 2742 QUINTi

486 2756 1047 2801 PALLADIUS
1108 2758 1147 2798 V

46 2820 102 2863 In
123 2820 290 2866 Siculas
309 2824 477 2869 iterum
502 2836 644 2871 terras
666 2826 865 2870 Fortuna
884 2826 1061 2870 reducit

50 2879 246 2933 Aenean,
275 2884 548 2942 tumuloque
567 2886 709 2945 patris
728 2884 946 2944 persolvit
972 2884 1208 2927 honorem.

94 3007 195 3050 XVI,
220 3008 243 3043 6
267 3019 421 3044 caussas
444 3011 497 3045 al.⁴
