1734 3320
279 177 778 257 GEORGLCON
808 177 951 229 LIB.
987 177 1037 241 1,
1074 180 1370 233 418—430

1485 188 1588 236 369

55 311 214 360 Nunc
235 306 393 371 alim,
431 305 588 370 alios,
628 304 762 355 dum
783 304 966 355 nubila
987 313 1181 355 ventus
1201 306 1404 372 agebat,

58 376 408 444 Concipiunt:
443 375 573 426 hinc
597 374 691 425 ille
714 375 892 425 avium
914 383 1209 425 concentus
1230 376 1286 425 in
1309 379 1458 443 agriS‚

55 450 126 499 Et
144 447 314 498 laetae
330 445 596 514 pecudeS‚
635 454 690 495 et
715 454 937 496 ovantes
960 453 1176 511 gutture
1201 447 1361 498 corvi.

128 517 185 567 Si
203 533 337 567 vero
367 515 543 566 solem
565 515 635 566 ad
655 515 909 583 rapidum
932 515 1196 582 lunasque
1222 519 1497 584 sequentis

59 586 270 639 Ordine
292 586 571 654 respicies:
606 602 910 654 numquam
933 594 988 636 te
1014 586 1238 635 crastina
1263 585 1414 637 fallet
1483 593 1588 644 425

56 660 231 722 Hora,
266 673 450 724 neque
472 655 674 706 insidiis
694 656 867 706 noctis
894 656 1105 723 capiere
1123 672 1362 709 serenae.

55 729 233 792 Luna,
268 735 603 778 revertentes
628 744 798 795 quum
821 727 1062 794 primum
1090 726 1310 792 conligit
1332 727 1483 793 igni5‚

59 798 116 848 Si
141 798 357 864 nigrum
381 796 614 847 obscuro
639 796 1027 864 conprenderit
1050 813 1171 847 aera
1195 813 1387 849 cornu:

55 870 338 920 Maxumus
361 867 602 934 agricolis
630 867 936 935 pelagoque
958 866 1234 935 parabitur
1257 868 1445 921 imber.

56 940 127 990 At
146 939 190 988 si
210 938 515 1004 virgineum
534 936 827 989 suffuderit
848 954 944 988 ore
970 937 1258 989 ruborem:

1483 942 1586 991 430

128 1023 244 1074 424.
278 1034 582 1086 tmusonis,
653 1022 771 1074 425.
810 1020 1050 1084 Onnum,
1123 1024 1239 1072 430.
1275 1022 1382 1084 AT,

102 1137 172 1174 421
201 1139 308 1172 Tunc
329 1137 428 1173 alios
447 1137 540 1172 Gud.

632 1137 704 1174 ω
729 1139 790 1172 lu'c
815 1138 881 1172 ille
907 1139 1031 1172 avium
1052 1147 1251 1172 concentus
1268 1138 1396 1172 Medic.
1419 1150 1439 1172 a
1460 1149 1505 1171 m.
1531 1150 1586 1183 pr.

58 1186 182 1219 ovium
199 1186 291 1219 Ven.
338 1186 379 1220 in
401 1187 508 1219 auris
524 1185 623 1219 malit
640 1187 691 1219 Io.
711 1185 898 1220 Schrader.
920 1186 1063 1220 Wakef.
1081 1185 1127 1219 ad
1142 1186 1282 1219 Lucret.
1298 1187 1344 1227 V,
1363 1186 1457 1221 1082
1470 1185 1587 1219 inter-

56 1232 200 1278 pungit:
223 1232 311 1266 hinc
329 1232 397 1266 ille
415 1234 541 1267 avium
558 1242 778 1275 concentus,
799 1234 839 1267 in
858 1233 965 1279 agris
980 1236 1032 1267 Et
1048 1233 1171 1267 laetae
1184 1246 1226 1280 p.

1297 1231 1368 1268 424
1393 1234 1460 1267 Sin
1479 1233 1586 1266 Men—

56 1279 119 1314 tel.
146 1286 228 1314 tert.
262 1291 283 1313 a
310 1292 357 1313 m.
383 1291 454 1314 sec.
501 1280 552 1313 ad
578 1280 692 1314 solem
717 1280 889 1327 rapidum
915 1287 1008 1322 tres,
1047 1280 1099 1313 ad
1125 1280 1297 1326 rapidum
1318 1280 1433 1313 solem
1455 1280 1586 1314 Moret.

55 1326 181 1372 fragm.
229 1326 439 1373 (sequentes
464 1326 596 1361 Medic.
636 1327 733 1372 Wr.)

57 1373 161 1428 epist.
185 1374 242 1409 88.

286 1374 495 1428 prospicies
518 1375 642 1408 Franc.
686 1375 898 1422 prospicias
921 1374 1083 1407 Parrhas-

837 1327 908 1362 425
941 1328 1120 1374 respicias
1144 1328 1285 1372 Menag.
1312 1339 1366 1371 pr.
1395 1333 1432 1360 et
1453 1329 1587 1362 Seneca

1194 1375 1263 1419 (—
1287 1373 1370 1409 426.
1406 1373 1585 1419 Principio

56 1427 227 1467 scriptum
243 1420 360 1454 fuerat
375 1432 413 1453 m
431 1421 560 1455 Medic.
578 1433 647 1454 nec
665 1428 702 1455 et
717 1429 856 1455 noctes.
886 1423 942 1455 W
937 1421 982 1465 r.)
1028 1422 1111 1454 Vss.
1129 1419 1211 1456 427.
1230 1422 1311 1457 428.
1329 1420 1401 1456 429
1423 1421 1588 1466 leguntur

57 1480 114 1513 ap.
132 1471 301 1502 Senecam
313 1470 456 1501 suasor.
477 1481 513 1514 p.
523 1470 582 1504 27.
600 1469 710 1502 Gron.

780 1468 851 1504 427
876 1468 964 1502 colli
991 1476 1027 1501 et
1044 1468 1154 1502 Goth.
1175 1481 1245 1502 sec.

55 1515 209 1558 Medic.,
241 1527 290 1548 sc.
313 1515 455 1557 Lunae,
489 1515 586 1561 quod
613 1515 718 1549 etiam
750 1515 946 1560 elegantius
962 1481 997 1549 ἵ]

1316 1467 1386 1503 428
1412 1467 1588 1502 obscurae

999 1514 1098 1549 aberi
1129 1515 1256 1560 possit.
1306 1515 1400 1561 (Sed
1433 1514 1587 1550 obscuro

55 1562 187 1596 Medic.
206 1574 227 1596 a
243 1574 290 1595 m.
307 1573 378 1595 see.
409 1564 467 1596 W
460 1562 507 1606 r.)
557 1562 833 1609 comprenditur
856 1563 946 1596 Ven.
994 1575 1085 1596 aera
1108 1562 1347 1596 vetustissima
1373 1562 1587 1606 exemplaria

56 1609 209 1652 habent,
236 1608 343 1655 idque
369 1609 533 1654 reposuit
550 1610 706 1655 Nauger.
726 1609 807 1643 Ald.
834 1616 937 1650 tert.‚
970 1616 1008 1643 at
1029 1608 1170 1653 priores
1197 1622 1305 1652 aere,
1337 1609 1433 1654 quod
1450 1609 1586 1643 Pierius

58 1664 95 1690 et
107 1656 282 1690 ›Catroeus
299 1656 573 1702 praeferebant3
607 1665 646 1691 ut
668 1664 723 1690 est
740 1657 776 1689 in
803 1657 882 1690 cod.
900 1657 1091 1699 Rottend„
1113 1656 1226 1690 minus
1240 1656 1345 1690 bene.
1377 1656 1448 1690 vid.
1470 1658 1586 1691 Burm.

58 1710 97 1737 et
115 1703 258 1737 Martin.
352 1702 424 1739 429
447 1704 637 1750 agricolae
657 1704 712 1738 ed.
735 1703 890 1745 Cerdae3
926 1710 963 1737 et
981 1715 1063 1737 mox
1085 1705 1278 1751 virgineo,
1312 1703 1389 1737 sine
1407 1703 1523 1746 libro,
1546 1710 1588 1737 ut

56 1750 199 1784 videtur
208 1776 219 1792 ‚
242 1749 391 1795 scripto.

473 1751 546 1786 430
567 1754 648 1784 Aut
664 1753 700 1785 si
715 1751 847 1784 Medic.
864 1763 884 1785 a
903 1763 948 1784 m.
966 1763 1021 1796 pr.
1042 1757 1079 1784 et
1100 1752 1240 1795 Menag.
1261 1750 1324 1784 alt.
1374 1763 1442 1784 ora
1460 1751 1584 1796 fragm.

56 1797 208 1832 Mox-eti:
234 1797 286 1831 ita
307 1803 419 1831 esset:
447 1797 663 1843 suffundere
681 1797 852 1832 ruborem
872 1798 936 1832 sub
956 1811 1044 1837 ora3
1076 1809 1144 1831 nec
1165 1798 1256 1831 male
1276 1797 1346 1831 hoc
1367 1809 1406 1830 se
1425 1798 1586 1839 haberet,

58 1851 95 1879 et
110 1844 248 1879 doctius
262 1844 368 1878 foret.

431 1847 528 1879 Serv.
546 1845 672 1879 Dresd.
693 1859 762 1879 ora
773 1846 967 1892 pudorem.
1000 1844 1095 1888 Wr.)
1144 1845 1244 1878 Coni.
1259 1844 1381 1878 Heius.
1418 1847 1587 1893 virgineo

58 1890 260 1937 suffuderit
280 1904 349 1925 ora
366 1904 412 1925 ru
438 1904 519 1932 cre5
553 1893 649 1938 quod
667 1893 833 1927 usitatum
850 1892 989 1937 poetis,
1024 1892 1089 1925 sed
1112 1892 1180 1926 hac
1198 1892 1277 1937 ipsa
1302 1892 1347 1924 de
1372 1904 1497 1927 caussa
1522 1904 1586 1926 su-

56 1940 228 1986 spectum.
273 1939 377 1973 Nunc
399 1951 464 1975 ore
491 1945 546 1973 est
572 1940 611 1973 in
638 1951 712 1974 ore.
761 1940 827 1986 (Cf.
844 1941 931 1974 Not.
957 1939 1003 1974 ad
1025 1940 1089 1974 Ge.
1107 1941 1169 1983 111,
1185 1939 1267 1975 439.
1297 1938 1418 1983 chlz.)

57 2037 174 2075 θεῶν
199 2049 266 2075 τες
304 2041 347 2074 at
374 2034 419 2074 in
441 2034 609 2074 Marone
635 2036 794 2075 animo-

56 2106 152 2131 rum
167 2091 334 2132 habitus
348 2099 535 2132 mutatur
554 2107 607 2132 ex
625 2094 795 2133 tristitia

58 2150 114 2188 ad
127 2150 325 2189 laetitiam
342 2164 496 2190 versu&
541 2150 638 2194 423.
662 2166 794 2190 οναη-

59 2216 116 2246 tes
134 2216 299 2260 gutture
315 2207 358 2247 h.
379 2215 528 2259 cantu,
549 2210 698 2248 laetam
714 2225 794 2250 vo-

59 2279 147 2306 cem
166 2266 344 2306 edentes.

117 2323 203 2367 424
219 2347 279 2356 -
292 2323 391 2367 437.
444 2324 511 2364 Ad
535 2326 743 2379 praesagia
771 2339 794 2364 e

57 2381 180 2422 lunae
198 2381 414 2435 phasibus,
444 2384 567 2422 lunas
593 2384 721 2435 dixit,
752 2391 794 2424 et

57 2440 119 2491 iis,
142 2454 246 2494 quae
260 2441 305 2480 in
323 2442 417 2480 solis
434 2442 564 2495 specie
583 2449 793 2495 apparent,

58 2495 332 2552 progreditur.
389 2500 442 2538 Iis
466 2501 572 2539 enim
599 2501 794 2540 observa-

58 2556 133 2607 tis,
170 2558 375 2610 sequentis
408 2558 487 2597 diei
512 2565 796 2611 tempestatem

61 2628 109 2652 ac
133 2615 287 2655 caelum
306 2616 422 2655 facile
445 2617 643 2670 praedisci
666 2631 794 2670 posse,

61 2672 217 2711 etiamsi
227 2674 358 2713 noctis
369 2676 562 2713 serenitas
573 2676 683 2714 aliud
694 2690 796 2728 pro-

60 2730 224 2769 mittere
249 2731 451 2772 videatur.
509 2733 556 2771 In
574 2733 640 2771 his
661 2734 795 2773 omni-

60 2788 138 2827 bus
159 2794 254 2827 ante
273 2790 409 2829 ocussos
426 2791 505 2830 suit
521 2791 691 2842 Aratus,
723 2792 795 2844 qui

63 2846 251 2899 copiosus
270 2848 388 2886 estin
411 2847 491 2887 hoc
512 2850 796 2902 prognostico-

61 2918 157 2943 rum
183 2917 339 2956 genere.
405 2905 503 2948 426.
533 2908 599 2945 Sic
623 2906 721 2947 Aen.
745 2909 795 2958 V,

63 2963 147 3005 851
180 2962 287 3000 caeli
304 2964 417 3000 toties
440 2963 627 3015 deceptus
635 2966 794 3018 fraude

133 3031 344 3080 Vmen„
382 3031 525 3081 ΤοΜ.
548 3032 588 3082 Ι.

851 2037 992 2074 sereni.
1032 2037 1134 2074 Rem
1151 2035 1280 2088 ipsam
1301 2035 1586 2075 subministra-

851 2094 913 2133 vit
936 2093 1087 2133 Aratus
1102 2094 1272 2133 Diosem.
1294 2093 1350 2135 46
1368 2107 1426 2145 sq.

909 2150 996 2194 427
1006 2151 1171 2193 —437.
1193 2152 1308 2191 Luna
1322 2164 1536 2190 renascens
1552 2152 1586 2190 si

852 2210 1025 2248 obscura
1060 2209 1204 2260 suerit,
1246 2215 1309 2248 est
1334 2210 1585 2263 praesagium

850 2268 1041 2321 pluviae3
1087 2268 1122 2306 si
1150 2267 1382 2307 rubicunda
1400 2298 1412 2319 ,
1458 2267 1585 2307 venti.

852 2326 1013 2374 Quarta
1034 2325 1118 2364 dies
1137 2339 1161 2363 a
1177 2340 1287 2365 nova
1304 2326 1403 2365 luna
1426 2325 1460 2364 si
1478 2340 1585 2378 puro

851 2385 986 2423 nitore
1012 2384 1192 2434 fulserit,
1229 2385 1487 2423 serenitatem
1511 2397 1586 2436 per

851 2449 987 2482 totum
1014 2455 1192 2481 mensem
1219 2442 1445 2495 portendit.
1502 2443 1585 2480 Re-

853 2501 972 2554 spicit
993 2499 1034 2539 h.
1052 2500 1080 2539 l.
1105 2500 1208 2539 Plin.
1226 2500 1377 2550 XVIII,
1406 2502 1484 2550 79,
1516 2499 1586 2551 qui

851 2560 971 2612 plura
990 2559 1190 2611 apposuit.
1230 2559 1294 2597 Ex
1310 2558 1464 2607 multis,
1483 2570 1586 2609 quae

854 2618 905 2656 de
943 2617 1043 2656 luna
1076 2617 1207 2655 tradit
1232 2616 1384 2655 Aratus
1413 2616 1584 2654 Diosem.

853 2676 903 2719 51
920 2675 1053 2718 —55.
1069 2677 1268 2717 69—72.
1288 2674 1374 2716 417
1393 2688 1464 2725 sq.‚
1484 2673 1586 2711 haec

852 2733 989 2786 selegit
1014 2738 1157 2785 poeta3
1198 2732 1395 2770 nonnulla
1425 2742 1585 2782 quoque

850 2806 891 2831 v.
910 2790 1153 2834 432—435
1173 2790 1292 2828 aliter
1308 2796 1368 2827 est
1382 2789 1585 2840 interpre-

850 2856 974 2889 tatus.
1033 2849 1245 2901 Virgilium
1278 2846 1476 2899 expressit
1506 2845 1585 2883 Ve-

851 2908 982 2961 getius
1002 2907 1053 2946 de
1072 2908 1131 2944 Re
1149 2906 1266 2944 milit.
1284 2905 1332 2953 V,
1362 2907 1427 2944 11.
1486 2901 1583 2943 427.

852 2966 949 3008 428.
987 2964 1264 3004 Novilunium.
1290 2962 1323 2999 si
1353 2973 1462 2999 nova
1488 2959 1585 2998 luna

1234 3030 1303 3075 24
