1734 3320
154 198 257 248 410
485 196 540 247 P.
576 196 928 249 VIRGILII
971 199 1347 252 MARONIS

154 320 403 372 Tmolius
425 320 661 388 adsurgit
683 324 878 391 quibus
902 333 955 376 et
978 343 1070 377 rex
1096 327 1210 397 ipse
1230 327 1535 391 Phanaeus;

223 421 305 468 98.
344 418 570 467 TMOLUS
607 432 675 467 ET
711 432 824 470 ADS.

155 546 382 591 Ammineae‚
408 546 504 594 quod
520 545 604 582 hinc
629 546 737 594 vulgo
761 546 926 582 obtinuit.
974 548 1059 582 Non
1081 548 1196 582 minus
1217 555 1404 594 poetarum
1430 550 1627 585 auctoritas
1651 559 1685 585 et

151 595 329 641 scriptura
351 595 389 628 in
407 596 552 630 Graecis
573 595 674 629 libris
694 596 817 630 variat.
851 595 923 629 vid.
944 595 1097 629 Pierium
1110 622 1118 638 ‚
1144 596 1307 638 Cerdam,
1332 597 1476 640 Heins.,
1498 599 1616 632 Burm.
1639 598 1686 633 ad

150 643 187 677 h.
203 643 228 677 l.
239 669 249 687 ‚
273 642 444 677 Harduin.
463 644 508 677 ad
525 643 615 677 Plin.
636 645 736 685 XIV,
755 645 791 686 2,
812 656 839 677 s.
858 642 893 684 4,
915 644 948 684 1,
974 644 1122 677 Gesner.
1143 643 1179 676 in
1194 644 1270 677 Iud.
1291 644 1337 677 ad
1354 644 1494 690 Scriptt.
1516 646 1561 678 de
1579 646 1622 680 R.
1641 647 1684 680 R.

150 690 188 725 h.
209 704 263 733 v.,
290 698 326 725 et
346 702 460 735 nuper
477 689 598 724 Niclas
621 691 667 724 ad
687 692 850 735 Geopon.
872 691 916 731 V,
931 691 987 733 17,
1008 692 1042 725 2.
1089 692 1187 723 Inter
1206 690 1296 724 haec
1310 697 1429 725 tamen
1446 692 1561 726 teneri
1576 700 1686 746 pote—

150 745 208 773 rat
239 739 330 772 hoc:
376 739 571 772 Amineum
596 734 816 782 (Ἆμίνειον)
847 736 903 770 vel
924 739 1143 771 Aminaeum
1166 734 1377 783 (Ἀμιναῖον)
1408 750 1485 772 esse
1511 751 1686 774 venerem

152 793 190 820 et
209 786 443 831 antiquiorem
461 785 689 831 scripturam3
723 797 802 817 nam
823 784 965 817 litterae
987 784 1189 829 duplicatae
1210 784 1354 818 serioris
1383 785 1461 819 aevi
1478 793 1581 828 sunt3
1608 787 1686 833 syl-

151 834 311 868 labarum
342 839 459 866 autem
488 832 719 877 quantitatem
736 831 907 865 ‚constitui
935 844 977 864 ex
1004 831 1190 865 Samonico
1221 844 1251 866 c.
1273 833 1320 868 37
1344 835 1425 867 Aut
1443 834 1484 867 in
1506 835 1686 868 Aminaeo

152 894 181 916 c.
199 882 246 916 29
272 883 412 914 Succus
428 881 649 913 Aminaeae:
677 885 713 912 et
732 879 783 912 sic
800 878 837 912 in
860 878 996 912 Galeno
1017 879 1180 913 Method.
1200 879 1293 913 med.
1312 880 1375 914 lib.
1396 881 1478 923 XII,
1495 880 1529 923 4,
1548 880 1586 914 in
1602 881 1685 916 loco

149 928 335 975 praeclaro
354 928 399 960 ‹le
419 926 579 961 vinorum
599 926 818 960 diversorum
837 925 1026 960 virtutibus
1041 922 1226 970 Ἀμιναῖος
1244 923 1369 972 οἶνος,
1394 928 1550 973 Hesych.
1572 936 1608 962 et
1625 928 1687 963 alii

150 975 328 1010 meliores.
377 973 544 1019 Corrupti
567 974 707 1008 codices
733 974 833 1008 fuere
860 973 930 1007 iam
955 974 1102 1008 Ausonii
1130 986 1238 1016 aevo,
1270 975 1402 1020 quippe
1431 975 1492 1021 qui
1522 976 1685 1021 scripsit:

152 1024 265 1058 Solus
283 1023 346 1068 qui
365 1023 490 1055 Chium
510 1022 636 1055 miscet
657 1023 953 1056 et‘Ammineum.
1003 1021 1110 1066 Origo
1130 1021 1253 1055 vitium
1267 1048 1276 1064 ,
1300 1023 1394 1056 unde
1412 1022 1457 1056 ad
1472 1023 1581 1057 multa
1602 1023 1683 1058 loca

150 1070 341 1104 translatae
363 1076 462 1111 sunt,
488 1068 558 1102 iam
581 1068 666 1102 olim
683 1069 750 1102 fuit
769 1068 914 1103 incerta.
963 1068 1001 1103 Si
1021 1081 1142 1102 verum
1162 1076 1214 1102 est
1234 1068 1271 1102 in
1293 1070 1412 1103 Probo
1434 1082 1476 1103 ex
1493 1070 1685 1105 Aristotele

149 1118 243 1163 legi,
267 1117 385 1150 vinum
407 1129 449 1150 ex
469 1116 557 1150 Chio
577 1116 709 1150 fuisse:
734 1117 884 1161 patriam
902 1115 992 1150 hanc
1013 1116 1046 1150 ei
1065 1116 1246 1161 assignare
1262 1116 1404 1158 licebit;
1434 1124 1470 1151 at
1484 1118 1685 1164 Philargyr-

151 1177 194 1199 ex
212 1164 404 1199 Aristotele
425 1164 461 1197 in
482 1163 640 1198 Politicis
661 1164 855 1198 Thessalos
873 1163 983 1197 fuisse
1000 1170 1119 1198 narrat
1132 1190 1141 1206 ,
1176 1163 1236 1210 qui
1255 1176 1338 1198 suae
1359 1163 1519 1210 regionis
1539 1161 1628 1199 vites
1648 1164 1686 1199 in

149 1213 286 1247 Italiam
312 1211 570 1246 transtulerint.
618 1213 730 1245 Porro
753 1210 967 1258 fortissima
995 1213 1086 1245 vina
1117 1212 1251 1245 Moret.
1272 1218 1386 1257 quart.
1420 1212 1471 1258 (et
1496 1214 1564 1246 Ms.
1587 1212 1685 1247 Bosii

150 1261 246 1306 apud
273 1261 369 1293 Cort.
399 1260 443 1293 ad
472 1260 600 1293 Lucan.
618 1261 662 1299 11,
686 1259 767 1295 473.
815 1260 1006 1303 Comparat
1035 1259 1089 1292 vir
1119 1258 1244 1292 doctus
1277 1259 1314 1292 in
1343 1259 1461 1294 Iacob.
1488 1257 1684 1307 Disquisii.

155 1309 289 1356 Virgil.
317 1319 352 1352 p.
378 1307 433 1343 13.
462 1308 565 1341 Hom.
601 1307 727 1352 odyss.
749 1308 817 1348 IV,
845 1307 926 1341 622.
969 1301 1136 1351 εὐήνορα
1171 1302 1290 1340 οἶνον.
1329 1307 1427 1352 Wr.)
1474 1308 1685 1351 Burmanno,

151 1358 251 1390 Sunt
270 1356 367 1389 vites
386 1356 494 1397 vina,
521 1354 640 1388 durius
659 1354 790 1388 dictum
809 1353 1014 1394 videbatur3
1039 1352 1269 1388 conficiebat:
1292 1357 1397 1388 Dant
1415 1355 1525 1389 etiam
1544 1357 1591 1389 A.
1640 1358 1686 1389 At

150 1404 262 1437 enim:
296 1405 393 1436 Sunt
421 1404 532 1436 etiam
546 1405 593 1437 A.
617 1414 653 1436 ν.
673 1401 935 1447 accipiendum:
968 1400 1074 1434 Aliud
1100 1401 1223 1435 vitium
1241 1413 1351 1446 genus
1375 1408 1430 1435 est
1448 1401 1684 1445 Aminearum,

149 1451 245 1485 unde
265 1450 383 1484 vinum
403 1449 587 1483 diuturnae
605 1449 774 1483 bonitatis
800 1448 994 1482 conficitur.
1030 1448 1114 1494 (vid.
1131 1449 1178 1482 de
1197 1448 1266 1482 hoc
1294 1448 1531 1494 appositionis
1553 1461 1684 1495 genere

151 1501 195 1541 Q.
214 1499 259 1533 V.
282 1498 458 1539 XXXIII,
478 1498 511 1539 3,
533 1497 567 1530 d.
605 1498 702 1542 JVr.)
799 1497 845 1531 98
875 1497 1041 1530 Tmolius
1063 1496 1247 1543 adsurgit.
1295 1498 1349 1530 Ita
1370 1496 1479 1530 Pierii
1495 1497 1625 1531 Medic.
1648 1503 1685 1530 et

149 1546 335 1590 Longob.,
359 1557 425 1578 nec
447 1556 519 1577 non
541 1544 670 1578 Medic.
695 1550 732 1578 et
750 1543 882 1589 reliqui
906 1543 1069 1589 potiores
1086 1543 1245 1586 Heinsii,
1271 1554 1341 1589 quo
1359 1551 1523 1590 spectant
1546 1546 1684 1578 Thmo-

150 1595 226 1628 lius
251 1594 374 1627 Franc.
429 1592 595 1626 Timolus
624 1592 748 1637 fragm.
777 1592 905 1625 Moret.
959 1591 1136 1625 Timolius
1168 1592 1274 1625 Voss.
1300 1603 1354 1636 pr.
1403 1592 1563 1627 Mallius
1595 1603 1683 1625 unus

150 1641 269 1675 Mead.
317 1639 423 1682 Quod
445 1639 475 1673 si
502 1651 569 1684 pro
591 1651 677 1673 vero
699 1639 900 1673 habendum
928 1645 1000 1680 est,
1030 1638 1139 1672 nolim
1169 1644 1289 1672 tamen
1320 1650 1398 1672 cum
1417 1640 1533 1672 Burm.
1563 1651 1684 1684 regem

150 1688 303 1734 aliquem
322 1686 500 1720 Tmolium
521 1694 556 1720 et
572 1687 772 1720 Phanaeum
790 1684 992 1730 intelligere
1004 1711 1012 1727 ,
1039 1686 1099 1731 qui
1119 1685 1206 1719 olim
1223 1685 1261 1719 in
1281 1685 1354 1719 illis
1372 1686 1533 1731 partibus
1551 1699 1684 1732 regna-

148 1737 238 1777 rint;
274 1746 363 1780 quae
382 1741 456 1768 tota
476 1734 568 1767 ratio
592 1734 709 1767 ieiuna
740 1741 775 1767 et
795 1733 941 1778 indigna
965 1733 1060 1766 foret
1080 1739 1182 1767 tanto
1201 1741 1329 1779 poeta3
1363 1734 1428 1767 sed
1448 1740 1506 1767 aut
1528 1742 1684 1768 montem

149 1782 328 1818 Tmolium
351 1788 386 1815 et
400 1781 603 1814 Phanaeum
620 1781 869 1815 substituerem
882 1807 892 1824 ‚
917 1792 984 1825 pro
1002 1780 1084 1813 vino
1105 1780 1255 1823 dictum,
1281 1781 1376 1826 quod
1395 1781 1430 1814 in
1452 1792 1494 1814 eo
1514 1781 1683 1822 nascitur,

150 1839 209 1866 aut
231 1841 369 1864 versum
395 1841 438 1862 ex
461 1830 597 1862 Graeco
618 1828 736 1874 aliquo
758 1834 868 1872 poeta
896 1839 1102 1861 conversum
1131 1827 1305 1870 dicerem,
1336 1828 1397 1862 ubi
1423 1824 1593 1872 Τμῶλιος
1612 1825 1683 1873 ἠδὲ

151 1878 322 1917 Φαναῖος
339 1882 435 1917 erat,
461 1876 536 1909 scil.
559 1871 684 1918 οἶνος;
711 1882 747 1908 et
767 1875 895 1920 legitur
913 1874 950 1907 in
967 1874 1165 1909 Servianis:
1190 1879 1247 1908 De
1261 1876 1410 1910 Lucilio
1437 1875 1506 1909 hoc
1524 1884 1684 1909 tractum

150 1935 225 1968 est,
251 1926 315 1972 qui
333 1925 387 1957 alc
407 1920 506 1963 Χῖός
526 1933 566 1957 ‘cs
587 1919 799 1968 δυνάστης,
826 1922 863 1956 id
885 1929 957 1964 est,
984 1918 1099 1962 οἶνος.
1148 1922 1252 1966 Apud
1272 1922 1395 1956 Silium
1412 1923 1490 1962 VII,
1515 1923 1583 1958 166
1603 1926 1683 1958 Fa-

150 1973 292 2008 lernus.
339 1972 381 2004 111
403 1970 549 2004 Tibullo
570 1972 612 2012 11,
641 1972 673 2012 1,
697 1971 742 2006 27
770 1976 851 2003 sunt
868 1968 1015 2016 fumosi
1033 1969 1207 2011 Falerni,
1235 1981 1283 2003 sc.
1311 1969 1400 2003 cadi.
1452 1969 1621 2010 Θασίους
1646 1976 1684 2004 et

151 2018 393 2066 Πραμνείους
414 2017 577 2052 absolute
599 2018 715 2052 dictos
741 2017 823 2063 lege
853 2029 909 2062 ap.
930 2016 1099 2050 Philostr.
1127 2018 1159 2049 II
1183 2018 1314 2062 Imagg.
1334 2017 1382 2053 26
1406 2023 1496 2050 extr.
1544 2018 1615 2051 Sed
1642 2017 1681 2051 in

153 2068 234 2102 edd.
247 2095 256 2111 ,
291 2074 329 2100 ut
348 2065 453 2099 Aldd.
473 2077 527 2110 pr.
548 2072 583 2098 et
604 2078 673 2099 sec.
693 2067 804 2108 Iunt.‚
839 2071 876 2098 et
898 2064 1002 2098 codd.
1034 2064 1206 2099 Rottend.
1238 2064 1406 2098 Gothano
1430 2076 1501 2098 sec.
1532 2065 1684 2099 Tmolus

151 2116 318 2162 assurgit
329 2112 479 2159 legitur,
503 2112 601 2159 quod
619 2125 686 2158 ego
713 2112 798 2146 olim
820 2123 887 2158 pro
909 2123 995 2146 vero
1013 2111 1209 2154 habebam3
1242 2119 1381 2146 montes
1406 2111 1499 2156 duo,
1534 2111 1682 2146 Tmolus

150 2235 265 2284 solet,
298 2234 414 2273 cultu
432 2232 539 2271 enim
551 2230 762 2271 deficiente
782 2231 886 2271 vites

151 2293 326 2346 optimae
347 2291 460 2331 facile
480 2291 739 2343 degenerant,
774 2290 888 2329 nulla

945 2231 1168 2270 Falernum
1188 2239 1257 2269 est.
1309 2230 1363 2270 Et
1383 2231 1527 2273 Galen.
1540 2231 1567 2270 l.
1581 2245 1681 2271 c.—

946 2285 1013 2331 ὅτε
1046 2281 1305 2341 Νεαπολίτής
1323 2288 1349 2330 o‘
1366 2284 1599 2343 Ἇμιναῒος,
1632 2289 1678 2331 ἐν

151 2352 229 2390 alia
254 2350 468 2400 memoria,
507 2355 670 2402 praeter
699 2348 887 2399 nominis,

150 2410 267 2450 nobis
282 2415 432 2459 restat,
464 2408 641 2447 Graecae
662 2407 823 2460 originis
847 2413 889 2446 et

149 2469 279 2508 Italici
308 2468 465 2517 cultus,
509 2480 601 2505 cum
629 2467 672 2506 in
693 2466 778 2504 aliis
798 2472 890 2504 tum

149 2528 193 2567 in
214 2527 395 2565 Falernis
424 2525 526 2578 agris
549 2525 793 2564 maturuisse
821 2524 887 2563 vi-

153 2585 286 2625 detur.
315 2586 366 2624 cf.
400 2584 534 2637 Intpp.
564 2583 617 2622 ad
643 2582 684 2622 h.
714 2583 740 2622 l.
765 2588 806 2620 et
833 2581 887 2620 ad

150 2645 290 2683 caton.
323 2646 362 2692 6,
394 2645 432 2684 3.
501 2641 640 2680 Multis
667 2641 810 2692 utique
841 2640 887 2678 in

148 2703 248 2743 locis
277 2701 381 2741 illud
410 2707 684 2750 memoratur,
723 2699 764 2737 in
779 2699 885 2737 Peu-

152 2762 276 2811 cetia,
309 2759 516 2798 Calabriae
543 2765 679 2811 parte,
717 2771 779 2809 ap.
799 2757 885 2795 He-

150 2819 262 2874 sych.
283 2818 355 2857 ubi
373 2818 456 2857 vid.
474 2818 608 2869 Intpp.
625 2817 668 2854 in
681 2815 826 2854 Tuscia
845 2820 886 2853 et

150 2879 190 2918 in
211 2877 364 2928 Sicilia3
394 2875 569 2915 maxime
586 2881 723 2914 tamen
737 2874 781 2912 in
800 2873 884 2912 solo

152 2936 393 2990 Campaniae
422 2933 601 2974 Macrob.
632 2934 715 2972 Sat.
745 2932 801 2982 ΙΙ,
832 2934 885 2973 16

151 3011 252 3037 nam
270 2995 468 3035 Aminaei
470 2995 659 3045 fuerunt,
693 2990 764 3030 ubi
781 3004 887 3029 nunc

945 2351 1032 2397 τοῖς
1064 2347 1158 2403 περὶ
1188 2345 1400 2389 Νεάπολιν
1429 2348 1594 2402 χωρίοις
1618 2363 1680 2403 γε-

945 2401 1145 2459 νόμενος,
1188 2403 1287 2456 ‹gg-vs
1311 2405 1382 2448 καὶ
1412 2401 1681 2460 ὀνομάζουσιν

947 2461 1078 2513 οὕτως
1097 2460 1236 2506 αὐτόν.
1295 2463 1361 2503 Ad
1384 2464 1504 2504 colles
1525 2464 1680 2503 Leuco-

944 2536 1085 2574 gaeos,
1137 2536 1260 2576 supra
1293 2522 1503 2575 Neapolim
1538 2535 1679 2562 versus

943 2581 1134 2620 Puteolos
1154 2611 1164 2631 ,
1203 2581 1330 2619 refert
1378 2586 1420 2619 et
1464 2578 1679 2620 Aminaeos

945 2639 1085 2688 colles,
1126 2645 1166 2677 et
1193 2638 1387 2677 Falernos
1421 2638 1679 2678 Mai-torellus

946 2695 990 2751 (I
1006 2699 1149 2735 Fenici
1156 2698 1286 2748 primi
1300 2695 1504 2736 Abitaton·
1519 2697 1565 2736 di
1575 2698 1677 2736 Na-

934 2756 1030 2807 polc‘
1061 2755 1105 2794 T.
1124 2755 1160 2804 I,
1188 2769 1227 2807 p.
1251 2757 1345 2796 171.
1374 2753 1487 2809 190).
1546 2754 1679 2807 Atque

946 2813 1029 2852 eius
1055 2819 1209 2853 tantam
1239 2826 1290 2852 ex
1325 2812 1522 2854 diuturna
1547 2813 1678 2866 inpri-

944 2872 1020 2911 mis
1045 2871 1230 2911 bonitate
1265 2872 1559 2925 praestantiam
1582 2885 1679 2925 per-
1728 2905 1730 2907 ,

944 2930 1060 2969 hibet
1084 2937 1233 2984 poeta,
1272 2936 1323 2970 ut
1341 2930 1376 2968 ei
1406 2931 1507 2970 adeo
1536 2930 1679 2970 vinum
1727 2937 1734 2940 ’“

953 2990 1156 3028 Tmolium
1168 3020 1179 3040 ,
1218 3003 1252 3028 a
1282 2988 1435 3043 Lydiae
1457 2994 1595 3030 monte
1613 2987 1678 3030 vi-
1732 2983 1734 2985 ¹
