1768 3320
191 179 325 214 xxxn
598 161 699 211 EX
735 154 1318 210 PRAEFATIONE

195 293 288 361 qui
316 307 430 340 non
455 290 525 339 ita
553 289 799 338 omnium
833 285 1080 336 manibus
1114 283 1326 345 teritur,
1366 287 1456 329 aut
1479 294 1594 328 non
1619 277 1742 345 nisi-

196 382 224 414 a
268 359 665 412 callentioribus
702 368 755 408 et
798 355 1125 408 doctioribus
1163 352 1380 417 legitur,
1433 365 1548 399 non
1583 348 1720 400 mihi

194 431 503 483 faciendum
532 446 645 480 esse
666 438 927 496 putarem,
962 435 1022 476 ut
1046 441 1158 474 non
1180 421 1351 472 modo
1379 419 1445 471 ad
1470 437 1547 485 ea,
1580 437 1719 488 quae

198 501 433 554 difficilia
465 500 530 550 ad
562 498 971 565 intelligendum
1004 505 1056 546 et
1083 495 1308 544 obscura
1336 500 1488 553 sunt,
1524 507 1720 542 verum

198 574 263 625 ad
294 572 379 630 illa
414 571 571 621 etiam
605 570 896 635 legentium
934 568 1141 617 animos
1173 564 1541 628 adverterem,
1579 580 1719 631 quae

197 644 379 712 pulcra
410 643 463 692 in
500 649 659 708 poeta
698 649 750 690 et
777 638 1041 706 praeclara
1080 635 1382 702 insignique
1416 633 1592 702 aliqua
1623 651 1719 685 ve-

197 722 406 765 nustate
439 711 709 761 nobilitata
741 719 886 773 sunt,
932 718 992 758 ut
1021 706 1239 770 iisdem,
1291 706 1345 755 in
1385 705 1496 756 aliis
1524 705 1718 773 poetis,

198 786 306 843 sive
335 781 676 833 observandis
696 798 752 830 ac
778 777 1254 846 deprehendendis
1276 777 1386 826 sive
1418 775 1719 827 diiudican-

201 856 304 918 diS,
352 854 737 904 adsuescerent.
812 854 983 914 Quam
1005 850 1365 916 interpretum
1388 848 1499 898 sive
1527 846 1719 898 soller-

197 927 325 976 tiam
350 926 456 974 sive
500 923 811 973 industriam
843 938 965 972 cum
1000 937 1159 987 saepe
1187 920 1241 969 in
1266 918 1460 987 puerili
1479 918 1718 970 lectione

200 994 562 1057 desiderarim,
589 993 813 1042 aliorum
836 993 972 1042 votis
994 991 1255 1041 similibus
1274 991 1395 1040 satis
1416 989 1597 1042 facere
1608 989 1718 1040 hoc

198 1067 436 1117 instituto
457 1064 628 1127 volui,
668 1062 934 1130 simulque
963 1062 1270 1130 exemplum
1299 1078 1615 1130 proponere
1639 1061 1717 1127 iis,
1763 1082 1766 1087 ·

199 1138 289 1206 qui
319 1136 413 1186 alia
444 1135 587 1184 bona
616 1133 888 1200 disciplina
917 1134 998 1183 usi
1026 1151 1140 1183 non
1173 1141 1323 1196 sunt,
1374 1142 1435 1183 ut
1464 1132 1716 1198 habeant,

197 1208 263 1258 ad
290 1205 437 1274 quod
466 1222 521 1254 se
548 1214 899 1272 componant,
938 1205 979 1254 si
1011 1205 1063 1254 in
1095 1203 1313 1255 iuvenili
1339 1213 1501 1255 coetu
1528 1213 1718 1271 poetas

195 1277 507 1345 praelegunt
533 1285 585 1325 et
606 1275 1036 1341 interpretantur.
1096 1279 1441 1343 Quamquam
1464 1275 1612 1326 enim
1631 1274 1719 1326 illa

194 1349 327 1398 ratio
366 1345 689 1396 difficultatis
723 1346 1077 1413 aliquantum,
1115 1346 1297 1414 paullo
1329 1346 1450 1414 plus
1472 1347 1634 1397 etiam
1662 1347 1718 1397 in

193 1436 248 1468 se
284 1418 675 1483 habet„quam
707 1418 1026 1483 promittere
1070 1417 1313 1480 videtur3
1371 1418 1486 1468 sine
1518 1417 1607 1468 tali
1640 1427 1719 1468 ta-

191 1506 318 1538 men
342 1488 790 1554 interpretationis
812 1504 1012 1553 genere
1049 1489 1131 1538 vix
1157 1487 1301 1539 ullus
1327 1505 1486 1539 verus
1510 1486 1718 1540 fructus

194 1560 259 1609 ad
290 1559 602 1624 elegantiam
639 1567 691 1607 et
723 1559 922 1624 ingenii
950 1559 1374 1627 perpolitionem
1404 1567 1494 1610 aut
1519 1561 1718 1611 oratio-

192 1631 272 1679 nis
296 1629 697 1680 exornationem
721 1646 782 1678 ex
806 1639 1000 1696 poetae
1019 1630 1253 1681 lectione
1281 1632 1396 1699 capi
1416 1640 1612 1699 potest.

306 1772 471 1819 Poeta
491 1770 602 1836 ipse
631 1787 691 1820 ex
705 1772 996 1822 Burmanni
1017 1774 1353 1838 recensione,
1378 1790 1517 1844 quae
1549 1773 1719 1824 Hein-

194 1841 394 1890 sianam
425 1841 686 1907 sequitur,
728 1843 885 1892 unice
915 1861 1189 1911 expressus
1223 1855 1302 1895 est
1316 1847 1394 1910 *);
1436 1862 1540 1896 nec
1568 1846 1719 1914 quic-

196 1928 356 1977 quam
383 1911 435 1959 in
461 1920 707 1961 contexto
732 1923 1021 1977 mutatum3
1064 1933 1176 1965 non
1202 1916 1354 1984 quod
1379 1933 1493 1967 non
1521 1916 1640 1966 loca
1662 1916 1719 1967 in

192 1980 412 2046 Virgilio
438 1980 610 2031 adhuc
643 1992 730 2032 aut
750 1985 955 2034 mendo
980 1995 1068 2036 aut
1095 1988 1284 2038 mendi
1307 1988 1615 2055 suspicione
1642 1987 1719 2038 la-
1750 2005 1764 2008 ·

191 2050 386 2101 horare
418 2052 734 2117 existimem,
772 2072 962 2105 verum
997 2059 1257 2125 quoniam
1285 2075 1481 2125 magna
1521 2058 1719 2109 harum

196 2122 589 2172 correctionum
615 2141 735 2190 pars
776 2125 841 2175 ad
867 2144 1084 2178 sensum
1118 2147 1311 2196 parum
1342 2139 1571 2198 spectat,
1614 2146 1719 2180 nec

191 2191 394 2259 ubique
440 2192 505 2242 ad
552 2195 803 2245 orationis
847 2197 1187 2263 elegantiam,
1247 2201 1343 2251 sed
1393 2200 1719 2270 plerumque
1759 2216 1763 2222 ’

193 2262 248 2311 in
283 2262 457 2311 verbis
495 2272 547 2313 et
577 2263 822 2316 formulis
854 2278 1117 2334 versatur,
1172 2272 1227 2321 in
1266 2272 1461 2340 quibus
1500 2272 1718 2338 librarii,

192 2334 542 2398 grammatici,
591 2336 778 2400 critici,
832 2348 884 2388 et
926 2340 1161 2391 editores
1198 2343 1533 2394 contendere
1577 2344 1720 2394 inter

192 2419 248 2452 se
287 2402 483 2468 solent,
537 2414 596 2454 ut
629 2408 778 2473 quod
823 2408 950 2460 alius
987 2412 1241 2479 eiecerat,
1306 2414 1439 2466 alter
1482 2422 1716 2467 revocet.

191 2555 361 2595 discant.
422 2557 594 2611 Ideoque
624 2562 770 2611 oplime
798 2565 916 2602 insli-
975 2575 1059 2614 mr;
1102 2571 1259 2607 interim
1300 2579 1338 2609 et
1368 2570 1617 2610 sublimitate
1641 2570 1718 2609 ke-
1750 2588 1753 2590 ’

191 2622 397 2679 ''4⁰⁰3qu
412 2646 421 2664 ‚
456 2624 498 2653 ιιι
518 2616 569 2654 ab
591 2617 766 2658 Homero
795 2631 915 2675 alque
974 2628 1075 2665 roiei
1094 2630 1287 2666 carminis
1315 2631 1481 2668 animas
1504 2637 1713 2681 assurgat,

190 2671 725 2725 nguholeelioineipere15
770 2695 919 2731 quam-
978 2692 1013 2720 el
1040 2699 1089 2722 ex
1119 2688 1406 2737 magnitudine
1435 2703 1571 2727 rerum
1593 2690 1718 2739 spirb-

189 2745 315 2782 quam
361 2732 420 2769 acl
466 2734 750 2784 intelligendas
785 2752 919 2777 eorum
977 2750 1062 2779 lum
1093 2744 1242 2795 ducat,
1286 2755 1325 2785 et
1357 2748 1520 2799 optimis
1551 2746 1718 2785 imbua-
1750 2775 1754 2778 ·

188 2789 543 2837 mulctes-firmiore
571 2792 720 2830 iudicio
744 2809 844 2845 opus
855 2811 919 2834 es-
977 2807 1053 2837 ίαν.

187 2854 259 2883 set.
325 2847 406 2884 Sed
421 2847 517 2885 huic
534 2851 593 2886 rei
613 2861 787 2901 superest
816 2862 919 2891 tem-
1260 2900 1265 2903 χ

177 2904 289 2956 p'us:
337 2919 463 2957 neque
495 2908 600 2944 enim
629 2911 753 2948 semel
777 2912 918 2962 legen-
1036 2913 1070 2969 ³³)
1104 2917 1147 2955 In
1188 2918 1318 2972 prima
1347 2921 1500 2962 scilicet
1529 2921 1717 2961 editione.
