1734 3320
182 226 284 276 624
511 221 566 272 Ρ.
602 220 964 274 VIRGILII
998 220 1378 272 MARONIS

179 354 388 403 Verum
411 349 557 416 ipsae
584 365 614 399 e
637 345 782 397 foliis
806 356 960 398 natos
984 344 1309 398 et'suavibus
1328 347 1511 401 herbis
1613 353 1718 402 200

183 422 296 472 Ore
315 420 528 486 legunt3
565 419 710 486 ipsae
733 433 919 483 regem
944 435 1249 486 parvosque
1274 419 1508 482 Quirites

184 490 498 554 Sufficiunt,
538 489 790 555 aulasque
816 498 870 538 et
890 505 1044 539 cerea
1064 505 1231 555 regna
1250 488 1540 555 refingunt.

184 565 359 630 Saepe
385 561 547 612 etiam
573 559 719 610 duris
745 558 978 609 errando
1004 560 1060 609 in
1089 561 1298 612 cotibus
1328 560 1434 612 alas
1503 588 1510 595 ·

253 663 372 712 202.
406 669 736 714 REFINGUNT3

231 793 304 829 200
328 792 432 839 ipsae
455 803 474 824 e
494 788 607 837 foliis
630 787 754 822 Heins.
789 800 807 822 e
834 788 963 823 Medic.
994 788 1145 823 Gudian.
1170 790 1301 823 Moret.
1329 796 1445 835 quart.
1464 790 1590 824 Franc.
1620 786 1718 822 Toll.

183 839 242 874 Sic
261 846 298 873 et
318 840 465 872 Roman.
486 843 523 870 et
543 848 664 870 omnes
682 835 886 870 Martiniani
906 848 983 870 cum
1014 837 1096 871 edd.
1122 836 1302 871 nonnullis
1329 844 1399 871 ant.
1429 843 1464 871 et
1481 836 1591 871 Goth.
1617 842 1720 870 uter-

184 900 263 933 que.
313 894 349 919 et
360 884 472 932 soliis
498 892 610 918 natos
638 891 674 917 et
701 884 873 917 Rottend.
899 890 983 918 tert.
1035 887 1082 918 At
1115 885 1205 919 aliae
1232 897 1310 919 cum
1335 884 1455 930 vulgg.
1481 897 1501 918 e
1534 883 1721 925 omittunt;

185 941 267 968 sunt
288 932 392 966 etiam
405 958 414 975 ,
441 931 500 977 qui
517 930 678 964 ordinem
696 937 853 974 mutent,
888 929 1000 974 natos
1012 931 1142 981 soliis3
1175 938 1215 965 ut
1235 931 1330 977 apud
1353 932 1507 966 Pierium
1525 937 1562 966 et
1578 931 1616 965 in
1634 937 1721 966 vett.

185 982 265 1015 edd.
314 987 428 1014 natas·
449 980 618 1012 Catroeus
640 977 763 1012 edidit.
813 991 833 1011 e
864 978 1042 1014 suavibus
1064 978 1189 1013 herbis
1214 979 1405 1014 Mediceus.
1426 986 1464 1014 et
1491 978 1638 1013 Mentel.
1665 990 1720 1024 pr-

186 1031 237 1075 (et
255 1030 289 1064 2.
319 1029 376 1062 W
373 1027 416 1070 r.)
466 1026 532 1060 sed
553 1025 730 1059 suavibus
751 1027 939 1059 Romanus.
1044 1028 1114 1062 201
1139 1025 1391 1075 pabulumque
1410 1028 1573 1070 Quirites
1589 1025 1719 1060 Medic.

184 1090 205 1111 a
224 1089 269 1110 m.
290 1088 355 1121 pr„
379 1073 568 1108 manifesto
596 1073 784 1107 socordiae
805 1073 970 1119 vestigio.
1021 1074 1142 1108 Heins.
1165 1081 1283 1108 tamen
1312 1074 1395 1109 hinc
1412 1073 1585 1109 faciebat:
1619 1086 1722 1121 pau·

185 1124 324 1170 [osque.
420 1122 492 1157 202
517 1133 587 1167 que
606 1120 708 1154 abest
730 1133 750 1154 a
779 1121 904 1155 Franc.
949 1122 1119 1156 alvorum
1143 1130 1180 1155 et
1206 1134 1313 1156 cerea
1335 1135 1454 1169 regna
1477 1120 1721 1167 Longobard„

185 1183 262 1205 cum
277 1170 314 1203 in
331 1168 411 1203 aliis
432 1177 531 1203 tecta
551 1167 618 1209 sit,
645 1167 674 1201 si
703 1174 802 1202 recte
831 1168 935 1213 capio
963 1169 1128 1203 Pierium.
1177 1170 1312 1203 Verum
1331 1169 1402 1204 hoc
1429 1169 1585 1203 deterius
1607 1174 1720 1203 esset':

183 1231 265 1252 nam
284 1218 322 1251 in
344 1216 455 1250 maius
476 1222 584 1260 auget
603 1227 678 1249 rem
699 1222 810 1260 poeta
832 1222 869 1249 et
887 1216 1028 1250 alveare
1050 1216 1086 1250 in
1105 1217 1221 1250 aulam
1241 1229 1282 1251 ac
1300 1229 1449 1262 regnum
1464 1222 1585 1250 mutat.
1634 1217 1734 1254 Mox¹

185 1266 353 1313 refigunt
371 1264 478 1309 vulgo
500 1262 617 1296 editur
638 1262 723 1296 inde
751 1263 795 1296 ab
824 1263 942 1305 Aldd.,
977 1264 1072 1309 quod
1096 1270 1241 1298 tuentur
1256 1264 1387 1298 Medic.
1415 1276 1494 1299 cum
1517 1263 1596 1298 aliis
1615 1262 1734 1302 codd..

191 1319 227 1347 et
247 1313 327 1346 edd.
345 1318 445 1354 vett.,
465 1323 531 1344 nec
549 1322 623 1343 non
634 1313 731 1344 Serv.
751 1316 787 1343 et
798 1310 997 1357 Philargyr.
1020 1312 1224 1359 refingunt,
1244 1311 1378 1345 editum
1396 1311 1466 1346 iam
1482 1324 1502 1346 a
1515 1310 1734 1347 Commelin..

187 1367 224 1395 et
246 1360 427 1395 Pulmann.
439 1385 448 1400 ‚
481 1364 626 1391 tuentur
643 1359 744 1391 Rom.
766 1358 895 1393 Medic.
923 1365 959 1392 et
985 1359 1157 1404 quaedam
1176 1359 1244 1393 alia
1264 1359 1372 1393 Pierii
1391 1358 1607 1405 exemplaria
1624 1358 1734 1393 anti--

186 1408 309 1454 quiora
324 1434 332 1450 ‚
359 1419 401 1440 ex
417 1404 619 1439 Heinsianis
639 1405 785 1438 Mentel.
805 1418 859 1451 pr.
881 1406 1055 1440 Rottend.
1071 1419 1125 1452 pr.
1147 1413 1180 1440 et
1200 1406 1321 1449 Leid.,
1344 1407 1442 1441 sorte
1461 1414 1497 1441 et
1520 1406 1582 1441 alii
1605 1408 1734 1441 Burin..

185 1455 281 1497 libri,
307 1455 364 1489 ed.
385 1455 487 1496 Ven.‚
511 1459 586 1486 tres
605 1452 764 1495 Martini,
790 1454 900 1487 Goth.
921 1466 1009 1495 sec.;
1048 1460 1084 1487 et
1101 1454 1214 1488 multo
1234 1454 1345 1500 magis
1363 1455 1589 1499 grammatica
1616 1454 1734 1498 ratio‚.

186 1516 266 1538 cum
286 1503 331 1536 de
347 1501 436 1535 favis
455 1508 603 1546 agatur3
637 1500 682 1534 de
705 1512 852 1545 quorum
874 1507 1052 1535 structura
1080 1509 1115 1535 et
1138 1501 1278 1536 ratione
1300 1502 1411 1536 multa
1440 1508 1521 1536 sunt
1547 1515 1604 1548 ap.
1630 1501 1734 1536 Plin..

187 1552 253 1593 XI,
281 1552 326 1586 10
356 1556 393 1583 et
420 1548 465 1583 al.
499 1555 535 1582 et
556 1548 683 1595 figere
714 1547 856 1593 quidem
872 1547 1010 1596 favos,
1044 1557 1162 1591 tecta,
1194 1548 1265 1583 dici
1294 1549 1427 1595 possit,
1459 1561 1531 1584 non
1551 1550 1722 1598 refigere,

187 1598 282 1642 conf²
302 1596 426 1631 Heius.
444 1596 489 1630 ad
502 1595 608 1630 ovid.
630 1596 643 1628 Ι
668 1596 763 1629 Fast.
785 1595 864 1632 158.
911 1595 1054 1642 (Medic.
1084 1598 1191 1630 avias
1217 1608 1285 1642 pro
1305 1597 1417 1631 aulas
1433 1609 1454 1631 a
1483 1609 1529 1632 m.
1545 1600 1601 1643 pr.
1621 1600 1734 1635 Sem,

186 1645 314 1679 Dresd.
340 1644 557 1688 ,‚Refigunt,
582 1643 605 1677 i.
628 1654 657 1676 e.
679 1643 844 1687 figunt;“
883 1643 946 1677 sed
974 1644 1086 1677 verbo
1104 1644 1240 1691 figunt
1266 1656 1373 1690 supra
1393 1644 1537 1689 appicta
1555 1657 1593 1679 n.
1641 1647 1734 1685 Reae-

178 1694 307 1740 figere
337 1692 367 1726 si
394 1698 538 1733 teneas,
564 1690 774 1735 capiendum
801 1699 894 1725 esset
911 1691 957 1725 de
987 1703 1128 1737 semper
1151 1691 1281 1725 iterato
1308 1691 1481 1727 mellificii
1506 1704 1633 1739 opere3
1659 1686 1734 1727 sedi

187 1741 224 1774 h.
241 1740 277 1783 l.,
303 1740 364 1774 ubi
382 1739 427 1772 de
447 1737 656 1772 sufficienda
674 1738 778 1783 prole
795 1738 930 1784 agitur,
964 1738 1157 1784 requiritur
1183 1739 1395 1787 refingunt;
1427 1739 1510 1774 hinc
1527 1739 1640 1783 ‚etiam
1659 1749 1734 1775 cei-1

189 1800 255 1822 rea
275 1799 395 1834 regna
414 1797 486 1819 non
507 1786 551 1819 de
572 1785 682 1827 favis,
716 1785 780 1819 sed
807 1786 851 1819 de
871 1786 996 1831 apibus
1026 1798 1129 1820 cerea
1152 1798 1286 1831 -regna,
1318 1786 1343 1821 i.
1371 1799 1401 1821 e.
1431 1786 1606 1830 alvearia,
1630 1783 1734 1823 nom

188 1846 329 1879 semper
369 1833 495 1866 sobole
527 1832 833 1878 frequentantibus
862 1833 1116 1878 accipiendum.
1153 1834 1256 1878 Wr.)
1371 1834 1581 1871 203-205
1604 1834 1734 1869 Primos

189 1881 308 1916 statim
337 1880 519 1915 oculorum
540 1879 719 1922 coniectu,
744 1879 862 1914 alieno
881 1880 962 1914 loco
978 1880 1046 1914 hos
1065 1887 1140 1914 tres
1167 1893 1290 1916 versus
1319 1881 1458 1927 positos
1485 1894 1562 1915 esse
1582 1880 1734 1916 intelli»-

189 1942 271 1975 gas;
300 1941 402 1975 quam
423 1927 530 1961 etiam
549 1927 658 1960 fuisse
677 1926 882 1971 opinionem
902 1927 1001 1961 docti
1017 1927 1163 1962 alicuius
1184 1928 1343 1962 Britanni
1365 1941 1408 1962 ex
1427 1929 1583 1964 Martino
1605 1929 1734 1971 discofga

190 1983 228 2011 et
250 1984 427 2022 promtum
442 1980 497 2008 est
512 1975 630 2008 locum
648 1973 690 2006 iis
711 1986 810 2008 suum
828 1981 912 2020 post
930 1988 962 2009 v.
987 1976 1057 2011 196
1077 1975 1284 2021 adsignare,
1311 1988 1379 2010 nec
1402 1988 1481 2013 eum
1496 1987 1734 2023 percommo—

189 2025 271 2058 dum
289 2024 367 2057 fore
387 2022 542 2056 dubitari
564 2027 697 2068 potest.
746 2023 872 2068 Neque
890 2022 994 2056 aliter
1010 2024 1061 2056 Io.
1081 2023 1299 2057 Schraderus
1317 2024 1493 2058 censebat.
1542 2025 1621 2058 Nec
1641 2023 1734 2059 vul-

190 2084 311 2118 garem
338 2070 498 2104 ordinem
526 2069 697 2103 defendas
727 2069 853 2112 facile,
877 2070 946 2103 nisi
972 2070 1009 2103 in
1032 2077 1142 2116 poeta
1161 2081 1227 2104 nos
1246 2071 1382 2105 versari
1403 2070 1557 2115 dixeris,
1589 2071 1627 2105 in
1652 2082 1734 2118 qum

190 2119 424 2153 subtilitatem
467 2116 689 2150 dialecticam
716 2116 807 2150 male
843 2117 1015 2164 requiras.
1071 2118 1128 2152 Ad
1157 2117 1249 2152 hanc
1276 2118 1395 2164 itaque
1416 2118 1534 2163 legem
1573 2123 1734 2165 possuntt

190 2166 388 2201 sententiae
405 2164 477 2198 loci
497 2164 547 2198 sic
568 2163 757 2198 constitui:
783 2176 868 2209 apes
890 2177 932 2199 ex
952 2164 1099 2199 floribus
1123 2172 1159 2199 et
1184 2165 1307 2200 herbis
1333 2166 1425 2200 fetus
1445 2166 1567 2211 legere
1587 2165 1734 2202 dixeram

189 2227 223 2249 v.
256 2216 339 2250 200.
390 2214 489 2255 Quae
521 2217 730 2257 sequuntur:
772 2213 876 2259 ipsae
917 2226 1040 2260 regem
1069 2225 1286 2261 parvosque
1317 2214 1481 2257 Quirites
1511 2213 1668 2260 Sufficiu

190 2262 372 2308 aulasque
400 2268 437 2294 et
461 2271 569 2293 cerea
595 2271 714 2306 regna
744 2259 956 2308 refingunt,
995 2271 1069 2295 non
1101 2260 1261 2304 diversa,
1294 2260 1359 2295 sed
1390 2260 1513 2295 eadem
1538 2268 1661 2295 senten
1679 2260 1690 2269 ⁴

190 2381 393 2420 Me'moire
415 2377 459 2433 9)
492 2379 797 2419 observationes
815 2392 930 2418 com—

190 2439 324 2478 munis
346 2437 481 2490 opinio
494 2443 575 2488 est3
605 2438 715 2478 unde
734 2451 831 2476 mox
854 2450 929 2476 ex-

192 2497 414 2536 cludantur
434 2509 540 2548 apes,
573 2509 666 2535 cum
688 2509 821 2535 novae
839 2510 929 2534 ma-

191 2561 276 2594 tres
294 2586 304 2605 ,
335 2561 425 2594 tum
447 2567 590 2604 mares,
621 2568 692 2593 seu
711 2554 807 2605 fuci,
837 2560 929 2593 tum

191 2612 469 2653 mellificantes
520 2625 613 2665 apes
631 2643 641 2663 ,
690 2612 745 2651 in·
784 2613 929 2664 quibus

193 2671 380 2711 nondum
399 2670 485 2709 ulla
508 2684 627 2709 sexus
647 2677 744 2709 nota
764 2676 929 2723 reperta

194 2736 273 2769 est:
304 2736 353 2769 ut
377 2729 477 2767 adeo
509 2742 601 2781 apes
637 2743 730 2768 cum
753 2729 930 2768 formicis

193 2802 346 2828 novam
365 2787 631 2826 animantium
649 2787 814 2826 classem
831 2801 930 2826 con-

194 2847 392 2896 stituant,
433 2858 535 2897 quae
565 2845 767 2897 triplicem
788 2858 932 2884 sexum

195 2906 502 2959 complectatur.

257 2967 339 3007 197
357 2985 416 2993 —
439 2963 532 3004 199.
569 2960 708 3001 Novus
737 2960 932 3000 orationis

196 3023 341 3064 color:
390 3022 520 3061 Illum
552 3018 745 3060 mirabere
767 3049 778 3070 ‚
820 3017 862 3059 h.
899 3032 931 3058 e.

989 2379 1090 2430 alia,
1122 2393 1248 2432 eaque
1268 2392 1344 2419 nec
1360 2380 1492 2419 minus
1510 2381 1626 2431 mira,
1647 2376 1718 2420 nak-

986 2443 1083 2477 tura
1111 2445 1193 2489 est,
1233 2438 1347 2490 quod
1372 2439 1608 2478 concubitui
1640 2453 1669 2478 n

985 2496 1217 2549 indulgent,
1258 2510 1334 2536 nec
1361 2497 1619 2550 concipiunt,
1650 2504 1719 2542 ne}

985 2554 1164 2608 pariunt.
1195 2555 1350 2595 Colum.
1377 2555 1449 2606 IX,
1469 2558 1510 2606 2,
1535 2554 1563 2598 4
1592 2564 1636 2594 ut
1699 2564 1706 2595 ἶ

987 2615 1180 2651 examina
1211 2636 1270 2643 —
1299 2613 1511 2653 concubitu
1551 2609 1716 2665 sobolem¹

987 2679 1192 2723 procreent
1205 2701 1215 2719 ‚
1267 2685 1325 2709 an
1354 2671 1539 2710 heredem
1562 2671 1717 2724 gener&

989 2731 1056 2767 sui
1064 2728 1241 2781 floribus
1258 2730 1437 2782 eligant,
1471 2730 1582 2784 quod
1601 2729 1713 2784 affin*

990 2795 1077 2825 mat
1095 2795 1226 2825 noster
1251 2787 1393 2827 Maro.
1447 2786 1643 2843 (-2ΟΟ.

989 2845 1032 2884 vi
1060 2844 1313 2897 pronominis
1339 2848 1456 2898 ipsae
1483 2845 1568 2886 vid.
1601 2845 1652 2895 Q.
1675 2842 1719 2887 V,

989 2902 1137 2953 XVIII,
1157 2906 1197 2953 2,
1224 2917 1261 2956 q.
1298 2903 1418 2960 Wr.)
1691 2936 1693 2941 .

1048 2964 1132 3003 203
1171 2975 1228 3015 sq.
1283 2962 1412 3015 Saepe
1453 2963 1590 3001 etiam.
1661 2958 1709 3003 Ε

990 3018 1160 3060 floribus
1194 3033 1288 3074 apes
1321 3026 1361 3060 et
1397 3021 1527 3061 fetum
1555 3025 1598 3059 et
1619 3019 1708 3066 fetu.
