<?xml version="1.0" encoding="UTF-8"?>
<!DOCTYPE html PUBLIC "-//W3C//DTD XHTML 1.0 Transitional//EN"
    "http://www.w3.org/TR/xhtml1/DTD/xhtml1-transitional.dtd">
<html xmlns="http://www.w3.org/1999/xhtml" xml:lang="en" lang="en">
 <head>
  <title>
</title>
<meta http-equiv="Content-Type" content="text/html;charset=utf-8" />
  <meta name='ocr-system' content='tesseract 3.04.00' />
  <meta name='ocr-capabilities' content='ocr_page ocr_carea ocr_par ocr_line ocrx_word'/>
</head>
<body>
  <div class='ocr_page' id='page_1' title='image "./publiusvirgilius01virguoft_0779.png"; bbox 0 0 1734 3320; ppageno 0'>
   <div class='ocr_carea' id='block_1_1' title="bbox 0 310 91 526">
    <p class='ocr_par' dir='ltr' id='par_1_1' title="bbox 0 310 91 526">
     <span class='ocr_line' id='line_1_1' title="bbox 0 310 91 526; baseline 0 0"><span class='ocrx_word' id='word_1_1' title='bbox 0 310 91 526; x_wconf 95' lang='lat' dir='ltr'>  </span> 
     </span>
    </p>
   </div>
   <div class='ocr_carea' id='block_1_2' title="bbox 229 192 1328 268">
    <p class='ocr_par' dir='ltr' id='par_1_2' title="bbox 229 192 1328 268">
     <span class='ocr_line' id='line_1_2' title="bbox 229 192 1328 268; baseline 0.009 -16"><span class='ocrx_word' id='word_1_2' title='bbox 229 192 725 254; x_wconf 75' lang='lat' dir='ltr'>GEORGICON</span> <span class='ocrx_word' id='word_1_3' title='bbox 759 203 904 254; x_wconf 73' lang='grc' dir='ltr'>ΜΒ.</span> <span class='ocrx_word' id='word_1_4' title='bbox 938 205 1036 268; x_wconf 86' lang='lat' dir='ltr'>IV,</span> <span class='ocrx_word' id='word_1_5' title='bbox 1069 210 1328 262; x_wconf 84' lang='lat'>93—109</span> 
     </span>
    </p>
   </div>
   <div class='ocr_carea' id='block_1_3' title="bbox 1434 216 1538 264">
    <p class='ocr_par' dir='ltr' id='par_1_3' title="bbox 1434 216 1538 264">
     <span class='ocr_line' id='line_1_3' title="bbox 1434 216 1538 264; baseline -0.01 0"><span class='ocrx_word' id='word_1_6' title='bbox 1434 216 1538 264; x_wconf 83' lang='lat'>609</span> 
     </span>
    </p>
   </div>
   <div class='ocr_carea' id='block_1_4' title="bbox 91 327 1538 471">
    <p class='ocr_par' dir='ltr' id='par_1_4' title="bbox 91 327 1538 471">
     <span class='ocr_line' id='line_1_4' title="bbox 91 327 1537 398; baseline 0.006 -17"><span class='ocrx_word' id='word_1_7' title='bbox 91 345 154 381; x_wconf 88' lang='lat' dir='ltr'>ec</span> <span class='ocrx_word' id='word_1_8' title='bbox 171 328 358 397; x_wconf 86' lang='lat' dir='ltr'>potior</span> <span class='ocrx_word' id='word_1_9' title='bbox 374 328 619 390; x_wconf 80' lang='lat' dir='ltr'>suboles3</span> <span class='ocrx_word' id='word_1_10' title='bbox 657 327 785 379; x_wconf 89' lang='lat' dir='ltr'>hinc</span> <span class='ocrx_word' id='word_1_11' title='bbox 805 329 944 380; x_wconf 85' lang='lat' dir='ltr'>coeli</span> <span class='ocrx_word' id='word_1_12' title='bbox 966 339 1216 398; x_wconf 83' lang='lat' dir='ltr'>tempore</span> <span class='ocrx_word' id='word_1_13' title='bbox 1238 344 1385 386; x_wconf 88' lang='lat' dir='ltr'>certo</span> <span class='ocrx_word' id='word_1_14' title='bbox 1437 343 1537 390; x_wconf 89' lang='grc'>100</span> 
     </span>
     <span class='ocr_line' id='line_1_5' title="bbox 118 398 1538 471; baseline 0.004 -21"><span class='ocrx_word' id='word_1_15' title='bbox 118 398 381 450; x_wconf 82' lang='lat' dir='ltr'>ciamella</span> <span class='ocrx_word' id='word_1_16' title='bbox 402 415 648 466; x_wconf 83' lang='lat' dir='ltr'>premes3</span> <span class='ocrx_word' id='word_1_17' title='bbox 684 415 787 449; x_wconf 86' lang='lat' dir='ltr'>nec</span> <span class='ocrx_word' id='word_1_18' title='bbox 807 408 1018 450; x_wconf 85' lang='lat' dir='ltr'>tantum</span> <span class='ocrx_word' id='word_1_19' title='bbox 1039 399 1239 465; x_wconf 89' lang='lat' dir='ltr'>dulcia,</span> <span class='ocrx_word' id='word_1_20' title='bbox 1277 415 1538 471; x_wconf 82' lang='lat' dir='ltr'>quantum</span> 
     </span>
    </p>
   </div>
   <div class='ocr_carea' id='block_1_5' title="bbox 71 468 1537 611">
    <p class='ocr_par' dir='ltr' id='par_1_5' title="bbox 0 468 1537 615">
     <span class='ocr_line' id='line_1_6' title="bbox 71 468 1438 539; baseline 0.005 -19.654"><span class='ocrx_word' id='word_1_21' title='bbox 71 468 322 538; x_wconf 78' lang='lat' dir='ltr'>liquida,</span> <span class='ocrx_word' id='word_1_22' title='bbox 355 476 415 520; x_wconf 75' lang='lat' dir='ltr'>‘et</span> <span class='ocrx_word' id='word_1_23' title='bbox 443 468 642 520; x_wconf 90' lang='lat' dir='ltr'>durum</span> <span class='ocrx_word' id='word_1_24' title='bbox 663 468 856 519; x_wconf 84' lang='lat' dir='ltr'>Bacchi</span> <span class='ocrx_word' id='word_1_25' title='bbox 880 469 1150 521; x_wconf 83' lang='lat' dir='ltr'>domitura</span> <span class='ocrx_word' id='word_1_26' title='bbox 1174 488 1438 539; x_wconf 87' lang='lat' dir='ltr'>saporem.</span> 
     </span>
     <span class='ocr_line' id='line_1_7' title="bbox 77 539 1537 611; baseline 0.003 -19.75"><span class='ocrx_word' id='word_1_27' title='bbox 77 542 148 592; x_wconf 82' lang='lat' dir='ltr'>At</span> <span class='ocrx_word' id='word_1_28' title='bbox 183 556 356 608; x_wconf 89' lang='lat' dir='ltr'>quum</span> <span class='ocrx_word' id='word_1_29' title='bbox 388 539 593 590; x_wconf 87' lang='lat' dir='ltr'>incerta</span> <span class='ocrx_word' id='word_1_30' title='bbox 625 539 837 605; x_wconf 86' lang='lat' dir='ltr'>volant,</span> <span class='ocrx_word' id='word_1_31' title='bbox 879 540 1145 611; x_wconf 81' lang='lat' dir='ltr'>coeloque</span> <span class='ocrx_word' id='word_1_32' title='bbox 1184 544 1424 595; x_wconf 85' lang='lat' dir='ltr'>examina</span> <span class='ocrx_word' id='word_1_33' title='bbox 1454 546 1537 596; x_wconf 93' lang='lat' dir='ltr'>lu-</span> 
     </span>
    </p>
   </div>
   <div class='ocr_carea' id='block_1_6' title="bbox 0 661 1173 888">
    <p class='ocr_par' dir='ltr' id='par_1_6' title="bbox 0 661 1173 888">
     <span class='ocr_line' id='line_1_8' title="bbox 0 661 786 747; baseline 0.001 -18"><span class='ocrx_word' id='word_1_34' title='bbox 0 661 495 747; x_wconf 53' lang='lat' dir='ltr'>]fflontemnuntque</span> <span class='ocrx_word' id='word_1_35' title='bbox 517 678 693 745; x_wconf 67' lang='lat' dir='ltr'>favm,</span> <span class='ocrx_word' id='word_1_36' title='bbox 732 689 786 731; x_wconf 87' lang='lat' dir='ltr'>et</span> 
     </span>
     <span class='ocr_line' id='line_1_9' title="bbox 27 749 1173 818; baseline 0.003 -18"><span class='ocrx_word' id='word_1_37' title='bbox 27 806 29 809; x_wconf 13' lang='lat' dir='ltr'>v</span> <span class='ocrx_word' id='word_1_38' title='bbox 73 749 271 800; x_wconf 82' lang='lat' dir='ltr'>stabilis</span> <span class='ocrx_word' id='word_1_39' title='bbox 296 750 506 807; x_wconf 85' lang='lat' dir='ltr'>animos</span> <span class='ocrx_word' id='word_1_40' title='bbox 525 750 658 801; x_wconf 93' lang='lat' dir='ltr'>ludo</span> <span class='ocrx_word' id='word_1_41' title='bbox 681 750 998 818; x_wconf 87' lang='lat' dir='ltr'>prohibebis</span> <span class='ocrx_word' id='word_1_42' title='bbox 1014 752 1173 805; x_wconf 89' lang='lat' dir='ltr'>inani.</span> 
     </span>
     <span class='ocr_line' id='line_1_10' title="bbox 0 820 880 888; baseline 0.003 -18"><span class='ocrx_word' id='word_1_43' title='bbox 0 866 4 877; x_wconf 69' lang='grc'>,,</span> <span class='ocrx_word' id='word_1_44' title='bbox 60 836 123 871; x_wconf 85' lang='lat' dir='ltr'>ec</span> <span class='ocrx_word' id='word_1_45' title='bbox 145 836 372 886; x_wconf 85' lang='lat' dir='ltr'>magnus</span> <span class='ocrx_word' id='word_1_46' title='bbox 395 820 691 888; x_wconf 82' lang='lat' dir='ltr'>prohibere</span> <span class='ocrx_word' id='word_1_47' title='bbox 714 821 880 874; x_wconf 83' lang='lat' dir='ltr'>labor.</span> 
     </span>
    </p>
   </div>
   <div class='ocr_carea' id='block_1_7' title="bbox 803 609 1536 752">
    <p class='ocr_par' dir='ltr' id='par_1_7' title="bbox 803 609 1536 752">
     <span class='ocr_line' id='line_1_11' title="bbox 803 609 964 675; baseline 0.006 -15"><span class='ocrx_word' id='word_1_48' title='bbox 803 609 964 675; x_wconf 84' lang='lat' dir='ltr'>dunt,</span> 
     </span>
     <span class='ocr_line' id='line_1_12' title="bbox 815 679 1536 752; baseline 0.006 -21"><span class='ocrx_word' id='word_1_49' title='bbox 815 679 1007 746; x_wconf 86' lang='lat' dir='ltr'>frigida</span> <span class='ocrx_word' id='word_1_50' title='bbox 1033 690 1174 733; x_wconf 83' lang='lat' dir='ltr'>tecta</span> <span class='ocrx_word' id='word_1_51' title='bbox 1200 683 1536 752; x_wconf 87' lang='lat' dir='ltr'>relinquunt:</span> 
     </span>
    </p>
   </div>
   <div class='ocr_carea' id='block_1_8' title="bbox 955 758 1538 888">
    <p class='ocr_par' dir='ltr' id='par_1_8' title="bbox 955 758 1538 888">
     <span class='ocr_line' id='line_1_13' title="bbox 1439 758 1538 807; baseline 0 0"><span class='ocrx_word' id='word_1_52' title='bbox 1439 758 1538 807; x_wconf 89' lang='grc'>105</span> 
     </span>
     <span class='ocr_line' id='line_1_14' title="bbox 955 822 1398 888; baseline 0.005 -16"><span class='ocrx_word' id='word_1_53' title='bbox 955 825 1041 873; x_wconf 92' lang='lat' dir='ltr'>Tu</span> <span class='ocrx_word' id='word_1_54' title='bbox 1056 822 1272 888; x_wconf 87' lang='lat' dir='ltr'>regibus</span> <span class='ocrx_word' id='word_1_55' title='bbox 1292 823 1398 874; x_wconf 88' lang='lat' dir='ltr'>alas</span> 
     </span>
    </p>
   </div>
   <div class='ocr_carea' id='block_1_9' title="bbox 0 890 1411 1110">
    <p class='ocr_par' dir='ltr' id='par_1_9' title="bbox 0 890 1411 1110">
     <span class='ocr_line' id='line_1_15' title="bbox 84 890 1411 960; baseline 0.001 -16.94"><span class='ocrx_word' id='word_1_56' title='bbox 84 890 96 902; x_wconf 75' lang='lat'><em>⁶</em></span> <span class='ocrx_word' id='word_1_57' title='bbox 140 907 186 943; x_wconf 90' lang='lat' dir='ltr'>e.</span> <span class='ocrx_word' id='word_1_58' title='bbox 255 894 381 942; x_wconf 90' lang='lat' dir='ltr'>Non</span> <span class='ocrx_word' id='word_1_59' title='bbox 406 891 506 941; x_wconf 91' lang='lat' dir='ltr'>illis</span> <span class='ocrx_word' id='word_1_60' title='bbox 533 892 820 960; x_wconf 89' lang='lat' dir='ltr'>quisquam</span> <span class='ocrx_word' id='word_1_61' title='bbox 846 893 1216 943; x_wconf 81' lang='lat' dir='ltr'>cunctantibus</span> <span class='ocrx_word' id='word_1_62' title='bbox 1242 893 1411 944; x_wconf 76' lang='lat' dir='ltr'>altum</span> 
     </span>
     <span class='ocr_line' id='line_1_16' title="bbox 0 959 1227 1028; baseline -0.001 -13"><span class='ocrx_word' id='word_1_63' title='bbox 0 959 95 1015; x_wconf 66' lang='lat' dir='ltr'>{re</span> <span class='ocrx_word' id='word_1_64' title='bbox 120 961 247 1026; x_wconf 83' lang='lat' dir='ltr'>iter,</span> <span class='ocrx_word' id='word_1_65' title='bbox 284 970 374 1011; x_wconf 86' lang='lat' dir='ltr'>aut</span> <span class='ocrx_word' id='word_1_66' title='bbox 397 962 576 1012; x_wconf 88' lang='lat' dir='ltr'>castris</span> <span class='ocrx_word' id='word_1_67' title='bbox 602 961 822 1012; x_wconf 83' lang='lat' dir='ltr'><strong>audebit</strong></span> <span class='ocrx_word' id='word_1_68' title='bbox 844 962 1043 1013; x_wconf 86' lang='lat' dir='ltr'>vellere</span> <span class='ocrx_word' id='word_1_69' title='bbox 1066 963 1227 1028; x_wconf 86' lang='lat' dir='ltr'>signa.</span> 
     </span>
     <span class='ocr_line' id='line_1_17' title="bbox 0 1025 1166 1110; baseline 0 -28"><span class='ocrx_word' id='word_1_70' title='bbox 0 1025 244 1110; x_wconf 38' lang='lat' dir='ltr'>:Invitent</span> <span class='ocrx_word' id='word_1_71' title='bbox 265 1032 468 1099; x_wconf 83' lang='lat' dir='ltr'>croceis</span> <span class='ocrx_word' id='word_1_72' title='bbox 488 1031 728 1083; x_wconf 83' lang='lat' dir='ltr'><strong>halantes</strong></span> <span class='ocrx_word' id='word_1_73' title='bbox 749 1030 976 1083; x_wconf 89' lang='lat' dir='ltr'>floribus</span> <span class='ocrx_word' id='word_1_74' title='bbox 996 1032 1166 1098; x_wconf 82' lang='lat' dir='ltr'>horti,</span> 
     </span>
    </p>
   </div>
   <div class='ocr_carea' id='block_1_10' title="bbox 1 1157 1607 1349">
    <p class='ocr_par' dir='ltr' id='par_1_10' title="bbox 1 1157 1607 1349">
     <span class='ocr_line' id='line_1_18' title="bbox 58 1157 1112 1209; baseline 0 -13"><span class='ocrx_word' id='word_1_75' title='bbox 58 1161 126 1196; x_wconf 86' lang='lat'>101</span> <span class='ocrx_word' id='word_1_76' title='bbox 146 1157 323 1209; x_wconf 51' lang='lat' dir='ltr'>premas</span> <span class='ocrx_word' id='word_1_77' title='bbox 344 1160 474 1195; x_wconf 83' lang='lat' dir='ltr'>Medic.</span> <span class='ocrx_word' id='word_1_78' title='bbox 494 1173 516 1195; x_wconf 87' lang='lat' dir='ltr'>a</span> <span class='ocrx_word' id='word_1_79' title='bbox 531 1173 577 1195; x_wconf 89' lang='lat' dir='ltr'>m.</span> <span class='ocrx_word' id='word_1_80' title='bbox 593 1173 647 1206; x_wconf 85' lang='lat' dir='ltr'>pr.</span> <span class='ocrx_word' id='word_1_81' title='bbox 671 1162 759 1206; x_wconf 75' lang='lat' dir='ltr'>neg.</span> <span class='ocrx_word' id='word_1_82' title='bbox 781 1168 818 1195; x_wconf 88' lang='lat' dir='ltr'>et</span> <span class='ocrx_word' id='word_1_83' title='bbox 839 1173 926 1195; x_wconf 87' lang='lat' dir='ltr'>unus</span> <span class='ocrx_word' id='word_1_84' title='bbox 945 1161 1112 1196; x_wconf 82' lang='lat' dir='ltr'>Arundel.</span> 
     </span>
     <span class='ocr_line' id='line_1_19' title="bbox 1 1207 1607 1254; baseline 0.001 -12"><span class='ocrx_word' id='word_1_85' title='bbox 1 1219 93 1243; x_wconf 52' lang='lat' dir='ltr'>‘rum</span> <span class='ocrx_word' id='word_1_86' title='bbox 110 1207 237 1242; x_wconf 78' lang='lat' dir='ltr'>aberat</span> <span class='ocrx_word' id='word_1_87' title='bbox 262 1207 307 1241; x_wconf 80' lang='lat' dir='ltr'>ab</span> <span class='ocrx_word' id='word_1_88' title='bbox 328 1207 420 1242; x_wconf 81' lang='lat' dir='ltr'>Gud.</span> <span class='ocrx_word' id='word_1_89' title='bbox 446 1220 468 1242; x_wconf 82' lang='lat' dir='ltr'>a</span> <span class='ocrx_word' id='word_1_90' title='bbox 489 1220 535 1242; x_wconf 88' lang='lat' dir='ltr'>m.</span> <span class='ocrx_word' id='word_1_91' title='bbox 555 1220 611 1253; x_wconf 87' lang='lat' dir='ltr'>pr.</span> <span class='ocrx_word' id='word_1_92' title='bbox 632 1215 668 1242; x_wconf 87' lang='lat' dir='ltr'>et</span> <span class='ocrx_word' id='word_1_93' title='bbox 697 1208 832 1242; x_wconf 88' lang='lat' dir='ltr'>Zulich.</span> <span class='ocrx_word' id='word_1_94' title='bbox 881 1220 925 1242; x_wconf 80' lang='lat' dir='ltr'>ac</span> <span class='ocrx_word' id='word_1_95' title='bbox 951 1221 1006 1254; x_wconf 90' lang='lat' dir='ltr'>pr.</span> <span class='ocrx_word' id='word_1_96' title='bbox 1034 1210 1163 1243; x_wconf 85' lang='lat' dir='ltr'>Moret.</span> <span class='ocrx_word' id='word_1_97' title='bbox 1221 1209 1430 1242; x_wconf 83' lang='lat' dir='ltr'>edomitum</span> <span class='ocrx_word' id='word_1_98' title='bbox 1456 1210 1535 1243; x_wconf 74' lang='grc' dir='ltr'>6η-</span> <span class='ocrx_word' id='word_1_99' title='bbox 1603 1239 1607 1243; x_wconf 88' lang='grc'><em>.</em></span> 
     </span>
     <span class='ocr_line' id='line_1_20' title="bbox 15 1254 1536 1302; baseline -0.001 -11"><span class='ocrx_word' id='word_1_100' title='bbox 15 1296 20 1298; x_wconf 15' lang='grc' dir='ltr'>ἡ</span> <span class='ocrx_word' id='word_1_101' title='bbox 779 1255 850 1291; x_wconf 76' lang='lat'>104</span> <span class='ocrx_word' id='word_1_102' title='bbox 874 1258 1135 1302; x_wconf 76' lang='lat' dir='ltr'>Contemtuque</span> <span class='ocrx_word' id='word_1_103' title='bbox 1145 1254 1536 1302; x_wconf 75' lang='lat' dir='ltr'>savos—relinquam</span> 
     </span>
     <span class='ocr_line' id='line_1_21' title="bbox 10 1298 1363 1349; baseline -0.001 -12"><span class='ocrx_word' id='word_1_104' title='bbox 10 1301 100 1337; x_wconf 66' lang='lat' dir='ltr'>Mn.</span> <span class='ocrx_word' id='word_1_105' title='bbox 129 1301 288 1337; x_wconf 81' lang='lat' dir='ltr'>Barthii:</span> <span class='ocrx_word' id='word_1_106' title='bbox 324 1302 423 1347; x_wconf 84' lang='lat' dir='ltr'>prius</span> <span class='ocrx_word' id='word_1_107' title='bbox 449 1298 538 1336; x_wconf 80' lang='lat' dir='ltr'>ferri</span> <span class='ocrx_word' id='word_1_108' title='bbox 564 1302 701 1349; x_wconf 87' lang='lat' dir='ltr'>possit;</span> <span class='ocrx_word' id='word_1_109' title='bbox 747 1309 803 1336; x_wconf 85' lang='lat' dir='ltr'>est</span> <span class='ocrx_word' id='word_1_110' title='bbox 832 1309 951 1336; x_wconf 87' lang='lat' dir='ltr'>tamen</span> <span class='ocrx_word' id='word_1_111' title='bbox 979 1315 1022 1336; x_wconf 80' lang='lat' dir='ltr'>ex</span> <span class='ocrx_word' id='word_1_112' title='bbox 1047 1302 1184 1348; x_wconf 85' lang='lat' dir='ltr'>vulgari</span> <span class='ocrx_word' id='word_1_113' title='bbox 1212 1302 1363 1336; x_wconf 87' lang='lat' dir='ltr'>ratione.</span> 
     </span>
    </p>
   </div>
   <div class='ocr_carea' id='block_1_11' title="bbox 7 1252 673 1302">
    <p class='ocr_par' dir='ltr' id='par_1_11' title="bbox 7 1252 673 1302">
     <span class='ocr_line' id='line_1_22' title="bbox 7 1252 673 1302; baseline -0.003 -11"><span class='ocrx_word' id='word_1_114' title='bbox 7 1252 148 1291; x_wconf 59' lang='lat' dir='ltr'>dianus.</span> <span class='ocrx_word' id='word_1_115' title='bbox 253 1255 323 1292; x_wconf 83' lang='lat'>103</span> <span class='ocrx_word' id='word_1_116' title='bbox 342 1258 392 1289; x_wconf 79' lang='lat' dir='ltr'>Et</span> <span class='ocrx_word' id='word_1_117' title='bbox 412 1268 520 1302; x_wconf 85' lang='lat' dir='ltr'>quom</span> <span class='ocrx_word' id='word_1_118' title='bbox 548 1257 673 1289; x_wconf 67' lang='lat' dir='ltr'>Franc-</span> 
     </span>
    </p>
   </div>
   <div class='ocr_carea' id='block_1_12' title="bbox 1207 1161 1537 1202">
    <p class='ocr_par' dir='ltr' id='par_1_12' title="bbox 1207 1161 1537 1202">
     <span class='ocr_line' id='line_1_23' title="bbox 1207 1161 1537 1202; baseline -0.003 -5"><span class='ocrx_word' id='word_1_119' title='bbox 1207 1161 1277 1197; x_wconf 79' lang='lat'>102</span> <span class='ocrx_word' id='word_1_120' title='bbox 1299 1169 1337 1195; x_wconf 76' lang='lat' dir='ltr'>et</span> <span class='ocrx_word' id='word_1_121' title='bbox 1360 1167 1444 1196; x_wconf 84' lang='lat' dir='ltr'>ante</span> <span class='ocrx_word' id='word_1_122' title='bbox 1462 1162 1537 1202; x_wconf 73' lang='lat' dir='ltr'>du·-</span> 
     </span>
    </p>
   </div>
   <div class='ocr_carea' id='block_1_13' title="bbox 1417 1305 1537 1348">
    <p class='ocr_par' dir='ltr' id='par_1_13' title="bbox 1417 1305 1537 1348">
     <span class='ocr_line' id='line_1_24' title="bbox 1417 1305 1537 1348; baseline 0.008 -12"><span class='ocrx_word' id='word_1_123' title='bbox 1417 1305 1430 1348; x_wconf 84' lang='lat'>(</span> <span class='ocrx_word' id='word_1_124' title='bbox 1440 1306 1537 1337; x_wconf 87' lang='lat' dir='ltr'>Con-</span> 
     </span>
    </p>
   </div>
   <div class='ocr_carea' id='block_1_14' title="bbox 10 1348 1539 1398">
    <p class='ocr_par' dir='ltr' id='par_1_14' title="bbox 10 1348 1539 1398">
     <span class='ocr_line' id='line_1_25' title="bbox 10 1348 1539 1398; baseline 0 -15"><span class='ocrx_word' id='word_1_125' title='bbox 10 1355 207 1398; x_wconf 64' lang='lat' dir='ltr'>nmpnunt</span> <span class='ocrx_word' id='word_1_126' title='bbox 227 1356 265 1383; x_wconf 88' lang='lat' dir='ltr'>et</span> <span class='ocrx_word' id='word_1_127' title='bbox 284 1350 500 1396; x_wconf 76' lang='lat' dir='ltr'>relinquant</span> <span class='ocrx_word' id='word_1_128' title='bbox 521 1350 637 1384; x_wconf 80' lang='lat' dir='ltr'>vatic.</span> <span class='ocrx_word' id='word_1_129' title='bbox 669 1351 726 1385; x_wconf 86' lang='lat' dir='ltr'><em>W</em></span> <span class='ocrx_word' id='word_1_130' title='bbox 720 1350 765 1394; x_wconf 88' lang='lat' dir='ltr'>r.)</span> <span class='ocrx_word' id='word_1_131' title='bbox 838 1350 906 1385; x_wconf 88' lang='lat'>105</span> <span class='ocrx_word' id='word_1_132' title='bbox 929 1351 976 1383; x_wconf 87' lang='lat' dir='ltr'>In</span> <span class='ocrx_word' id='word_1_133' title='bbox 1000 1348 1160 1384; x_wconf 75' lang='lat' dir='ltr'>stabulis</span> <span class='ocrx_word' id='word_1_134' title='bbox 1175 1350 1304 1383; x_wconf 86' lang='lat' dir='ltr'><strong>Medic.</strong></span> <span class='ocrx_word' id='word_1_135' title='bbox 1323 1362 1344 1383; x_wconf 92' lang='lat' dir='ltr'>a</span> <span class='ocrx_word' id='word_1_136' title='bbox 1361 1361 1407 1383; x_wconf 91' lang='lat' dir='ltr'>m.</span> <span class='ocrx_word' id='word_1_137' title='bbox 1426 1350 1539 1394; x_wconf 61' lang='lat' dir='ltr'>prset</span> 
     </span>
    </p>
   </div>
   <div class='ocr_carea' id='block_1_15' title="bbox 9 1395 749 1443">
    <p class='ocr_par' dir='ltr' id='par_1_15' title="bbox 9 1395 749 1443">
     <span class='ocr_line' id='line_1_26' title="bbox 9 1395 749 1443; baseline -0.001 -12"><span class='ocrx_word' id='word_1_138' title='bbox 9 1395 83 1431; x_wconf 73' lang='lat' dir='ltr'>duo</span> <span class='ocrx_word' id='word_1_139' title='bbox 113 1396 185 1431; x_wconf 79' lang='lat' dir='ltr'>alii.</span> <span class='ocrx_word' id='word_1_140' title='bbox 247 1396 454 1443; x_wconf 75' lang='lat' dir='ltr'>prohibetis</span> <span class='ocrx_word' id='word_1_141' title='bbox 481 1398 648 1431; x_wconf 87' lang='lat' dir='ltr'>Rottend.</span> <span class='ocrx_word' id='word_1_142' title='bbox 680 1409 749 1431; x_wconf 86' lang='lat' dir='ltr'>sec.</span> 
     </span>
    </p>
   </div>
   <div class='ocr_carea' id='block_1_16' title="bbox 0 1444 1249 1537">
    <p class='ocr_par' dir='ltr' id='par_1_16' title="bbox 0 1444 1249 1537">
     <span class='ocr_line' id='line_1_27' title="bbox 0 1444 1212 1488; baseline -0.003 -7"><span class='ocrx_word' id='word_1_143' title='bbox 0 1444 81 1481; x_wconf 75' lang='lat'>¹108</span> <span class='ocrx_word' id='word_1_144' title='bbox 105 1452 143 1478; x_wconf 74' lang='lat' dir='ltr'>et</span> <span class='ocrx_word' id='word_1_145' title='bbox 158 1445 296 1478; x_wconf 74' lang='lat' dir='ltr'>castris</span> <span class='ocrx_word' id='word_1_146' title='bbox 310 1444 425 1478; x_wconf 82' lang='lat' dir='ltr'>Rufin.</span> <span class='ocrx_word' id='word_1_147' title='bbox 446 1444 492 1477; x_wconf 89' lang='lat' dir='ltr'>de</span> <span class='ocrx_word' id='word_1_148' title='bbox 511 1444 688 1478; x_wconf 87' lang='lat' dir='ltr'>Schemat.</span> <span class='ocrx_word' id='word_1_149' title='bbox 709 1445 831 1477; x_wconf 86' lang='lat' dir='ltr'>lexeos</span> <span class='ocrx_word' id='word_1_150' title='bbox 853 1456 888 1488; x_wconf 86' lang='lat' dir='ltr'>p.</span> <span class='ocrx_word' id='word_1_151' title='bbox 914 1444 972 1479; x_wconf 81' lang='lat'>32.</span> <span class='ocrx_word' id='word_1_152' title='bbox 1021 1444 1078 1478; x_wconf 86' lang='lat' dir='ltr'>tol</span> <span class='ocrx_word' id='word_1_153' title='bbox 1091 1457 1153 1477; x_wconf 85' lang='lat' dir='ltr'>ere</span> <span class='ocrx_word' id='word_1_154' title='bbox 1178 1445 1212 1477; x_wconf 80' lang='lat' dir='ltr'>si</span> 
     </span>
     <span class='ocr_line' id='line_1_28' title="bbox 210 1490 1249 1537; baseline -0.003 -10"><span class='ocrx_word' id='word_1_155' title='bbox 210 1491 279 1527; x_wconf 88' lang='lat'>109</span> <span class='ocrx_word' id='word_1_156' title='bbox 304 1491 447 1525; x_wconf 79' lang='lat' dir='ltr'>olentes</span> <span class='ocrx_word' id='word_1_157' title='bbox 463 1490 631 1537; x_wconf 79' lang='lat' dir='ltr'>floribus</span> <span class='ocrx_word' id='word_1_158' title='bbox 658 1494 732 1526; x_wconf 83' lang='lat' dir='ltr'>orti</span> <span class='ocrx_word' id='word_1_159' title='bbox 747 1492 776 1524; x_wconf 88' lang='lat' dir='ltr'>F</span> <span class='ocrx_word' id='word_1_160' title='bbox 779 1503 873 1525; x_wconf 82' lang='lat' dir='ltr'>rane.</span> <span class='ocrx_word' id='word_1_161' title='bbox 902 1497 938 1524; x_wconf 89' lang='lat' dir='ltr'>et</span> <span class='ocrx_word' id='word_1_162' title='bbox 964 1502 1051 1525; x_wconf 87' lang='lat' dir='ltr'>unus</span> <span class='ocrx_word' id='word_1_163' title='bbox 1079 1490 1223 1524; x_wconf 70' lang='lat' dir='ltr'>,As-unde</span> <span class='ocrx_word' id='word_1_164' title='bbox 1239 1516 1249 1524; x_wconf 93' lang='lat'>.</span> 
     </span>
    </p>
   </div>
   <div class='ocr_carea' id='block_1_17' title="bbox 0 1490 663 1587">
    <p class='ocr_par' dir='ltr' id='par_1_17' title="bbox 0 1490 663 1587">
     <span class='ocr_line' id='line_1_29' title="bbox 0 1490 663 1587; baseline 0 -15"><span class='ocrx_word' id='word_1_165' title='bbox 0 1490 113 1587; x_wconf 60' lang='lat'>3¹?</span> <span class='ocrx_word' id='word_1_166' title='bbox 133 1538 217 1586; x_wconf 72' lang='lat' dir='ltr'>(vid.</span> <span class='ocrx_word' id='word_1_167' title='bbox 239 1537 287 1573; x_wconf 78' lang='lat' dir='ltr'>ad</span> <span class='ocrx_word' id='word_1_168' title='bbox 302 1538 368 1572; x_wconf 76' lang='lat' dir='ltr'>ee.</span> <span class='ocrx_word' id='word_1_169' title='bbox 386 1539 429 1581; x_wconf 89' lang='lat'>11,</span> <span class='ocrx_word' id='word_1_170' title='bbox 452 1540 534 1574; x_wconf 79' lang='lat'><strong>217.</strong></span> <span class='ocrx_word' id='word_1_171' title='bbox 565 1539 663 1583; x_wconf 70' lang='lat' dir='ltr'>Wr.)</span> 
     </span>
    </p>
   </div>
   <div class='ocr_carea' id='block_1_18' title="bbox 0 1636 750 2514">
    <p class='ocr_par' dir='ltr' id='par_1_18' title="bbox 0 1636 750 2514">
     <span class='ocr_line' id='line_1_30' title="bbox 0 1636 746 1705; baseline -0.007 -13"><span class='ocrx_word' id='word_1_172' title='bbox 0 1636 85 1705; x_wconf 37' lang='lat' dir='ltr'>:pec</span> <span class='ocrx_word' id='word_1_173' title='bbox 103 1646 291 1691; x_wconf 72' lang='grc' dir='ltr'><strong><em>ἄπαστοι.</em></strong></span> <span class='ocrx_word' id='word_1_174' title='bbox 350 1651 419 1692; x_wconf 88' lang='grc'>99.</span> <span class='ocrx_word' id='word_1_175' title='bbox 439 1650 636 1688; x_wconf 81' lang='lat' dir='ltr'><em>Ardentes</em></span> <span class='ocrx_word' id='word_1_176' title='bbox 656 1663 746 1688; x_wconf 84' lang='lat' dir='ltr'>cor-</span> 
     </span>
     <span class='ocr_line' id='line_1_31' title="bbox 0 1706 741 1761; baseline -0.001 -15"><span class='ocrx_word' id='word_1_177' title='bbox 0 1721 134 1761; x_wconf 69' lang='lat' dir='ltr'>por-a,</span> <span class='ocrx_word' id='word_1_178' title='bbox 176 1706 435 1760; x_wconf 85' lang='lat' dir='ltr'>corporibus,</span> <span class='ocrx_word' id='word_1_179' title='bbox 475 1709 550 1747; x_wconf 69' lang='lat' dir='ltr'>lita</span> <span class='ocrx_word' id='word_1_180' title='bbox 567 1738 578 1757; x_wconf 93' lang='lat'>,</span> <span class='ocrx_word' id='word_1_181' title='bbox 621 1707 741 1757; x_wconf 90' lang='lat' dir='ltr'>illita,</span> 
     </span>
     <span class='ocr_line' id='line_1_32' title="bbox 7 1765 743 1817; baseline -0.001 -12"><span class='ocrx_word' id='word_1_182' title='bbox 7 1765 159 1816; x_wconf 80' lang='lat' dir='ltr'>oblita,</span> <span class='ocrx_word' id='word_1_183' title='bbox 188 1765 373 1815; x_wconf 86' lang='lat' dir='ltr'>inducta,</span> <span class='ocrx_word' id='word_1_184' title='bbox 403 1780 505 1804; x_wconf 72' lang='lat' dir='ltr'>auro</span> <span class='ocrx_word' id='word_1_185' title='bbox 522 1775 558 1804; x_wconf 77' lang='lat' dir='ltr'>et</span> <span class='ocrx_word' id='word_1_186' title='bbox 568 1765 743 1817; x_wconf 76' lang='lat' dir='ltr'>paribus</span> 
     </span>
     <span class='ocr_line' id='line_1_33' title="bbox 0 1823 745 1877; baseline -0.001 -14"><span class='ocrx_word' id='word_1_187' title='bbox 0 1826 163 1877; x_wconf 60' lang='lat' dir='ltr'>gntus,</span> <span class='ocrx_word' id='word_1_188' title='bbox 197 1823 336 1863; x_wconf 79' lang='lat' dir='ltr'>aureis.</span> <span class='ocrx_word' id='word_1_189' title='bbox 352 1823 533 1863; x_wconf 75' lang='lat' dir='ltr'>maculis.</span> <span class='ocrx_word' id='word_1_190' title='bbox 591 1823 745 1862; x_wconf 90' lang='lat' dir='ltr'>Locum</span> 
     </span>
     <span class='ocr_line' id='line_1_34' title="bbox 0 1881 746 1936; baseline -0.003 -14"><span class='ocrx_word' id='word_1_191' title='bbox 0 1882 209 1936; x_wconf 52' lang='lat' dir='ltr'>{expressit</span> <span class='ocrx_word' id='word_1_192' title='bbox 225 1887 266 1920; x_wconf 85' lang='lat' dir='ltr'>et</span> <span class='ocrx_word' id='word_1_193' title='bbox 281 1882 478 1921; x_wconf 82' lang='lat' dir='ltr'>excitavit</span> <span class='ocrx_word' id='word_1_194' title='bbox 498 1881 653 1920; x_wconf 88' lang='lat' dir='ltr'>Colum.</span> <span class='ocrx_word' id='word_1_195' title='bbox 671 1882 746 1932; x_wconf 86' lang='lat' dir='ltr'>lx,</span> 
     </span>
     <span class='ocr_line' id='line_1_35' title="bbox 0 1939 749 1992; baseline -0.004 -10"><span class='ocrx_word' id='word_1_196' title='bbox 0 1941 52 1991; x_wconf 70' lang='lat'>8,</span> <span class='ocrx_word' id='word_1_197' title='bbox 73 1942 113 1983; x_wconf 83' lang='grc'>2.</span> <span class='ocrx_word' id='word_1_198' title='bbox 171 1939 283 1980; x_wconf 81' lang='lat' dir='ltr'>{dem</span> <span class='ocrx_word' id='word_1_199' title='bbox 302 1940 500 1990; x_wconf 79' lang='lat' dir='ltr'>affirmat,</span> <span class='ocrx_word' id='word_1_200' title='bbox 538 1939 749 1992; x_wconf 86' lang='lat' dir='ltr'>Virgilium</span> 
     </span>
     <span class='ocr_line' id='line_1_36' title="bbox 3 1997 749 2040; baseline -0.004 -1"><span class='ocrx_word' id='word_1_201' title='bbox 3 1997 240 2040; x_wconf 72' lang='lat' dir='ltr'>Aristotelis</span> <span class='ocrx_word' id='word_1_202' title='bbox 277 1997 321 2037; x_wconf 87' lang='lat' dir='ltr'>in</span> <span class='ocrx_word' id='word_1_203' title='bbox 354 1997 417 2037; x_wconf 91' lang='lat' dir='ltr'>his</span> <span class='ocrx_word' id='word_1_204' title='bbox 460 1998 749 2038; x_wconf 86' lang='lat' dir='ltr'>auctoritatem</span> 
     </span>
     <span class='ocr_line' id='line_1_37' title="bbox 8 2053 747 2112; baseline -0.003 -16"><span class='ocrx_word' id='word_1_205' title='bbox 8 2053 180 2112; x_wconf 84' lang='lat' dir='ltr'>(Histor.</span> <span class='ocrx_word' id='word_1_206' title='bbox 211 2055 346 2096; x_wconf 82' lang='lat' dir='ltr'>Anim.</span> <span class='ocrx_word' id='word_1_207' title='bbox 375 2057 448 2107; x_wconf 87' lang='lat' dir='ltr'>IX,</span> <span class='ocrx_word' id='word_1_208' title='bbox 470 2056 526 2098; x_wconf 87' lang='lat'>40</span> <span class='ocrx_word' id='word_1_209' title='bbox 536 2071 547 2106; x_wconf 81' lang='lat'>3</span> <span class='ocrx_word' id='word_1_210' title='bbox 578 2055 682 2094; x_wconf 88' lang='lat' dir='ltr'>adde</span> <span class='ocrx_word' id='word_1_211' title='bbox 699 2056 747 2106; x_wconf 92' lang='lat' dir='ltr'>V,</span> 
     </span>
     <span class='ocr_line' id='line_1_38' title="bbox 8 2113 747 2169; baseline -0.001 -15"><span class='ocrx_word' id='word_1_212' title='bbox 8 2113 85 2169; x_wconf 75' lang='lat'>22)</span> <span class='ocrx_word' id='word_1_213' title='bbox 107 2128 191 2154; x_wconf 87' lang='lat' dir='ltr'>esse</span> <span class='ocrx_word' id='word_1_214' title='bbox 221 2121 452 2168; x_wconf 80' lang='lat' dir='ltr'>sequutum.</span> <span class='ocrx_word' id='word_1_215' title='bbox 482 2114 594 2156; x_wconf 77' lang='lat' dir='ltr'>eous.</span> <span class='ocrx_word' id='word_1_216' title='bbox 615 2114 747 2154; x_wconf 85' lang='lat' dir='ltr'>Varro</span> 
     </span>
     <span class='ocr_line' id='line_1_39' title="bbox 7 2171 750 2283; baseline -0.007 -11"><span class='ocrx_word' id='word_1_217' title='bbox 7 2171 171 2274; x_wconf 57' lang='lat' dir='ltr'>migg,</span> <span class='ocrx_word' id='word_1_218' title='bbox 191 2176 280 2270; x_wconf 43' lang='lat' dir='ltr'>ili-x</span> <span class='ocrx_word' id='word_1_219' title='bbox 318 2229 381 2269; x_wconf 84' lang='lat' dir='ltr'>his</span> <span class='ocrx_word' id='word_1_220' title='bbox 417 2228 750 2283; x_wconf 84' lang='lat' dir='ltr'>praestantissimi</span> 
     </span>
     <span class='ocr_line' id='line_1_40' title="bbox 12 2286 747 2344; baseline -0.005 -15"><span class='ocrx_word' id='word_1_221' title='bbox 12 2302 136 2344; x_wconf 72' lang='lat' dir='ltr'>upum</span> <span class='ocrx_word' id='word_1_222' title='bbox 164 2289 272 2329; x_wconf 84' lang='lat' dir='ltr'>setus</span> <span class='ocrx_word' id='word_1_223' title='bbox 309 2288 567 2338; x_wconf 81' lang='lat' dir='ltr'>educantur3</span> <span class='ocrx_word' id='word_1_224' title='bbox 606 2301 658 2325; x_wconf 78' lang='lat' dir='ltr'>ex</span> <span class='ocrx_word' id='word_1_225' title='bbox 684 2286 747 2325; x_wconf 89' lang='lat' dir='ltr'>his</span> 
     </span>
     <span class='ocr_line' id='line_1_41' title="bbox 11 2343 745 2460; baseline -0.007 -15"><span class='ocrx_word' id='word_1_226' title='bbox 11 2347 511 2460; x_wconf 49' lang='lat' dir='ltr'>”ifigssfflmeii&#39;iffissssi</span> <span class='ocrx_word' id='word_1_227' title='bbox 530 2343 745 2442; x_wconf 57' lang='grc' dir='ltr'>ῖῖῗὶἓῗῗ·</span> 
     </span>
     <span class='ocr_line' id='line_1_42' title="bbox 10 2418 747 2514; baseline -0.008 -10"><span class='ocrx_word' id='word_1_228' title='bbox 10 2418 108 2505; x_wconf 60' lang='lat' dir='ltr'>:ere</span> <span class='ocrx_word' id='word_1_229' title='bbox 128 2436 171 2503; x_wconf 69' lang='lat' dir='ltr'>et</span> <span class='ocrx_word' id='word_1_230' title='bbox 190 2436 425 2503; x_wconf 48' lang='lat' dir='ltr'>auitumno.</span> <span class='ocrx_word' id='word_1_231' title='bbox 460 2419 636 2514; x_wconf 54' lang='grc' dir='ltr'>Ρίἑηιεε,</span> <span class='ocrx_word' id='word_1_232' title='bbox 672 2433 747 2499; x_wconf 64' lang='grc' dir='ltr'>εεΙίΞ</span> 
     </span>
    </p>
   </div>
   <div class='ocr_carea' id='block_1_19' title="bbox 0 2519 747 2923">
    <p class='ocr_par' dir='ltr' id='par_1_19' title="bbox 0 2519 747 2923">
     <span class='ocr_line' id='line_1_43' title="bbox 11 2519 747 2575; baseline -0.007 -13"><span class='ocrx_word' id='word_1_233' title='bbox 11 2522 189 2575; x_wconf 80' lang='lat' dir='ltr'>quando.</span> <span class='ocrx_word' id='word_1_234' title='bbox 209 2522 260 2561; x_wconf 87' lang='lat' dir='ltr'>cs.</span> <span class='ocrx_word' id='word_1_235' title='bbox 277 2534 317 2560; x_wconf 84' lang='lat' dir='ltr'>v.</span> <span class='ocrx_word' id='word_1_236' title='bbox 342 2519 435 2562; x_wconf 88' lang='lat'>140.</span> <span class='ocrx_word' id='word_1_237' title='bbox 498 2522 592 2562; x_wconf 91' lang='lat'>101.</span> <span class='ocrx_word' id='word_1_238' title='bbox 622 2519 747 2556; x_wconf 82' lang='lat' dir='ltr'>mella</span> 
     </span>
     <span class='ocr_line' id='line_1_44' title="bbox 10 2577 747 2634; baseline -0.008 -14"><span class='ocrx_word' id='word_1_239' title='bbox 10 2580 172 2634; x_wconf 75' lang='lat' dir='ltr'>liquida</span> <span class='ocrx_word' id='word_1_240' title='bbox 225 2586 267 2618; x_wconf 87' lang='lat' dir='ltr'>et</span> <span class='ocrx_word' id='word_1_241' title='bbox 324 2577 529 2617; x_wconf 86' lang='lat' dir='ltr'>communi</span> <span class='ocrx_word' id='word_1_242' title='bbox 575 2583 747 2616; x_wconf 85' lang='lat' dir='ltr'>naturae</span> 
     </span>
     <span class='ocr_line' id='line_1_45' title="bbox 10 2634 745 2691; baseline -0.008 -13"><span class='ocrx_word' id='word_1_243' title='bbox 10 2637 141 2678; x_wconf 79' lang='lat' dir='ltr'>mellis</span> <span class='ocrx_word' id='word_1_244' title='bbox 176 2636 357 2691; x_wconf 86' lang='lat' dir='ltr'>epitheto</span> <span class='ocrx_word' id='word_1_245' title='bbox 370 2667 382 2686; x_wconf 92' lang='lat'>,</span> <span class='ocrx_word' id='word_1_246' title='bbox 421 2642 462 2674; x_wconf 91' lang='lat' dir='ltr'>et</span> <span class='ocrx_word' id='word_1_247' title='bbox 487 2649 586 2674; x_wconf 83' lang='lat' dir='ltr'>vero</span> <span class='ocrx_word' id='word_1_248' title='bbox 625 2634 745 2673; x_wconf 89' lang='lat' dir='ltr'>etiam</span> 
     </span>
     <span class='ocr_line' id='line_1_46' title="bbox 0 2693 746 2750; baseline -0.007 -14"><span class='ocrx_word' id='word_1_249' title='bbox 0 2695 179 2750; x_wconf 17' lang='lat' dir='ltr'>,proprio</span> <span class='ocrx_word' id='word_1_250' title='bbox 201 2695 378 2747; x_wconf 85' lang='lat' dir='ltr'>quodam</span> <span class='ocrx_word' id='word_1_251' title='bbox 397 2694 603 2732; x_wconf 75' lang='lat' dir='ltr'>dicimtur.</span> <span class='ocrx_word' id='word_1_252' title='bbox 642 2693 746 2731; x_wconf 89' lang='lat' dir='ltr'>Tum</span> 
     </span>
     <span class='ocr_line' id='line_1_47' title="bbox 12 2751 747 2803; baseline -0.007 -10"><span class='ocrx_word' id='word_1_253' title='bbox 12 2760 150 2793; x_wconf 75' lang='lat' dir='ltr'>autem</span> <span class='ocrx_word' id='word_1_254' title='bbox 170 2761 212 2792; x_wconf 88' lang='lat' dir='ltr'>et</span> <span class='ocrx_word' id='word_1_255' title='bbox 229 2754 273 2792; x_wconf 90' lang='lat' dir='ltr'>in</span> <span class='ocrx_word' id='word_1_256' title='bbox 293 2753 395 2792; x_wconf 74' lang='lat' dir='ltr'>vitio</span> <span class='ocrx_word' id='word_1_257' title='bbox 414 2751 556 2790; x_wconf 90' lang='lat' dir='ltr'>haberi</span> <span class='ocrx_word' id='word_1_258' title='bbox 576 2755 747 2803; x_wconf 87' lang='lat' dir='ltr'>possunt</span> 
     </span>
     <span class='ocr_line' id='line_1_48' title="bbox 10 2806 746 2864; baseline -0.008 -12"><span class='ocrx_word' id='word_1_259' title='bbox 10 2817 220 2864; x_wconf 78' lang='lat' dir='ltr'>tamquam</span> <span class='ocrx_word' id='word_1_260' title='bbox 239 2810 418 2859; x_wconf 64' lang='lat' dir='ltr'>fluentia,</span> <span class='ocrx_word' id='word_1_261' title='bbox 448 2815 498 2848; x_wconf 90' lang='lat' dir='ltr'>ut</span> <span class='ocrx_word' id='word_1_262' title='bbox 515 2823 554 2848; x_wconf 87' lang='lat' dir='ltr'>v.</span> <span class='ocrx_word' id='word_1_263' title='bbox 577 2811 631 2851; x_wconf 83' lang='lat'>36</span> <span class='ocrx_word' id='word_1_264' title='bbox 651 2806 746 2862; x_wconf 93' lang='lat' dir='ltr'>(op-</span> 
     </span>
     <span class='ocr_line' id='line_1_49' title="bbox 39 2865 744 2923; baseline -0.009 -13"><span class='ocrx_word' id='word_1_265' title='bbox 39 2876 227 2923; x_wconf 25' lang='lat' dir='ltr'>Qnuntur</span> <span class='ocrx_word' id='word_1_266' title='bbox 258 2870 420 2906; x_wconf 80' lang='lat' dir='ltr'>tenacia</span> <span class='ocrx_word' id='word_1_267' title='bbox 443 2881 482 2906; x_wconf 89' lang='lat' dir='ltr'>v.</span> <span class='ocrx_word' id='word_1_268' title='bbox 515 2865 604 2920; x_wconf 88' lang='lat'><strong>57),</strong></span> <span class='ocrx_word' id='word_1_269' title='bbox 638 2866 744 2905; x_wconf 89' lang='lat' dir='ltr'>etin</span> 
     </span>
    </p>
   </div>
   <div class='ocr_carea' id='block_1_20' title="bbox 8 2925 745 3040">
    <p class='ocr_par' dir='ltr' id='par_1_20' title="bbox 8 2925 745 3040">
     <span class='ocr_line' id='line_1_50' title="bbox 53 2925 745 2977; baseline -0.009 -10"><span class='ocrx_word' id='word_1_270' title='bbox 53 2927 158 2977; x_wconf 89' lang='lat' dir='ltr'>ude,</span> <span class='ocrx_word' id='word_1_271' title='bbox 188 2931 236 2965; x_wconf 90' lang='lat' dir='ltr'>ut</span> <span class='ocrx_word' id='word_1_272' title='bbox 254 2925 353 2975; x_wconf 88' lang='lat' dir='ltr'>h.1.,</span> <span class='ocrx_word' id='word_1_273' title='bbox 371 2930 422 2963; x_wconf 90' lang='lat' dir='ltr'>ut</span> <span class='ocrx_word' id='word_1_274' title='bbox 448 2925 529 2963; x_wconf 88' lang='lat' dir='ltr'>sint</span> <span class='ocrx_word' id='word_1_275' title='bbox 547 2938 675 2977; x_wconf 87' lang='lat' dir='ltr'>pura,</span> <span class='ocrx_word' id='word_1_276' title='bbox 705 2929 745 2962; x_wconf 86' lang='lat' dir='ltr'>et</span> 
     </span>
     <span class='ocr_line' id='line_1_51' title="bbox 8 2981 744 3040; baseline -0.007 -14"><span class='ocrx_word' id='word_1_277' title='bbox 8 2981 276 3040; x_wconf 55' lang='lat' dir='ltr'>‘opponantur</span> <span class='ocrx_word' id='word_1_278' title='bbox 300 2983 348 3022; x_wconf 89' lang='lat' dir='ltr'>iis</span> <span class='ocrx_word' id='word_1_279' title='bbox 370 3013 382 3032; x_wconf 91' lang='lat'>,</span> <span class='ocrx_word' id='word_1_280' title='bbox 425 2995 529 3034; x_wconf 88' lang='lat' dir='ltr'>quae</span> <span class='ocrx_word' id='word_1_281' title='bbox 564 2982 670 3022; x_wconf 83' lang='lat' dir='ltr'>faece</span> <span class='ocrx_word' id='word_1_282' title='bbox 697 2996 744 3021; x_wconf 91' lang='lat' dir='ltr'>ac</span> 
     </span>
    </p>
   </div>
   <div class='ocr_carea' id='block_1_21' title="bbox 10 3051 538 3118">
    <p class='ocr_par' dir='ltr' id='par_1_21' title="bbox 10 3051 538 3118">
     <span class='ocr_line' id='line_1_52' title="bbox 10 3051 538 3118; baseline -0.008 -12"><span class='ocrx_word' id='word_1_283' title='bbox 10 3116 14 3118; x_wconf 10' lang='grc' dir='ltr'>ἡ</span> <span class='ocrx_word' id='word_1_284' title='bbox 81 3055 294 3106; x_wconf 80' lang='lat' dir='ltr'>Vmeu..</span> <span class='ocrx_word' id='word_1_285' title='bbox 332 3052 475 3102; x_wconf 71' lang='lat' dir='ltr'>Tou.</span> <span class='ocrx_word' id='word_1_286' title='bbox 501 3051 538 3101; x_wconf 90' lang='lat'>1.</span> 
     </span>
    </p>
   </div>
   <div class='ocr_carea' id='block_1_22' title="bbox 854 1397 1537 1526">
    <p class='ocr_par' dir='ltr' id='par_1_22' title="bbox 854 1397 1537 1526">
     <span class='ocr_line' id='line_1_53' title="bbox 854 1397 1537 1441; baseline -0.001 -9"><span class='ocrx_word' id='word_1_287' title='bbox 854 1398 923 1432; x_wconf 88' lang='lat'>106</span> <span class='ocrx_word' id='word_1_288' title='bbox 960 1399 1016 1430; x_wconf 86' lang='lat' dir='ltr'>Tu</span> <span class='ocrx_word' id='word_1_289' title='bbox 1045 1398 1081 1430; x_wconf 81' lang='lat' dir='ltr'>ri</span> <span class='ocrx_word' id='word_1_290' title='bbox 1105 1398 1192 1430; x_wconf 79' lang='lat' dir='ltr'>idus</span> <span class='ocrx_word' id='word_1_291' title='bbox 1219 1397 1351 1441; x_wconf 84' lang='lat' dir='ltr'>Regius</span> <span class='ocrx_word' id='word_1_292' title='bbox 1377 1397 1537 1431; x_wconf 86' lang='lat' dir='ltr'>Martini.</span> 
     </span>
     <span class='ocr_line' id='line_1_54' title="bbox 1264 1445 1537 1486; baseline 0.007 -9"><span class='ocrx_word' id='word_1_293' title='bbox 1264 1457 1288 1477; x_wconf 80' lang='grc' dir='ltr'><em>α</em></span> <span class='ocrx_word' id='word_1_294' title='bbox 1305 1456 1391 1477; x_wconf 88' lang='lat' dir='ltr'>unns</span> <span class='ocrx_word' id='word_1_295' title='bbox 1406 1445 1537 1486; x_wconf 69' lang='lat' dir='ltr'>Mead„</span> 
     </span>
     <span class='ocr_line' id='line_1_55' title="bbox 1297 1491 1536 1526; baseline 0 -1"><span class='ocrx_word' id='word_1_296' title='bbox 1297 1491 1445 1525; x_wconf 74' lang='lat' dir='ltr'>clames</span> <span class='ocrx_word' id='word_1_297' title='bbox 1461 1493 1536 1526; x_wconf 75' lang='lat' dir='ltr'>Re-</span> 
     </span>
    </p>
   </div>
   <div class='ocr_carea' id='block_1_23' title="bbox 800 1648 1538 3033">
    <p class='ocr_par' dir='ltr' id='par_1_23' title="bbox 800 1648 1538 3033">
     <span class='ocr_line' id='line_1_56' title="bbox 802 1648 1536 1689; baseline 0 0"><span class='ocrx_word' id='word_1_298' title='bbox 802 1648 991 1689; x_wconf 84' lang='lat' dir='ltr'>sordibus</span> <span class='ocrx_word' id='word_1_299' title='bbox 1026 1661 1159 1686; x_wconf 90' lang='lat' dir='ltr'>crassa</span> <span class='ocrx_word' id='word_1_300' title='bbox 1190 1653 1298 1686; x_wconf 86' lang='lat' dir='ltr'>sunt.</span> <span class='ocrx_word' id='word_1_301' title='bbox 1334 1648 1438 1687; x_wconf 84' lang='lat' dir='ltr'>cons.</span> <span class='ocrx_word' id='word_1_302' title='bbox 1466 1648 1536 1689; x_wconf 81' lang='lat' dir='ltr'>ins.</span> 
     </span>
     <span class='ocr_line' id='line_1_57' title="bbox 807 1705 1537 1757; baseline -0.005 -9"><span class='ocrx_word' id='word_1_303' title='bbox 807 1709 902 1752; x_wconf 82' lang='lat'><strong>163.</strong></span> <span class='ocrx_word' id='word_1_304' title='bbox 924 1707 1019 1749; x_wconf 85' lang='lat'><strong>164.</strong></span> <span class='ocrx_word' id='word_1_305' title='bbox 1077 1706 1229 1755; x_wconf 83' lang='lat' dir='ltr'>Porro,</span> <span class='ocrx_word' id='word_1_306' title='bbox 1271 1705 1383 1757; x_wconf 87' lang='lat' dir='ltr'>quod</span> <span class='ocrx_word' id='word_1_307' title='bbox 1401 1707 1537 1757; x_wconf 81' lang='lat' dir='ltr'>sequi-</span> 
     </span>
     <span class='ocr_line' id='line_1_58' title="bbox 801 1763 1537 1815; baseline -0.003 -11"><span class='ocrx_word' id='word_1_308' title='bbox 801 1771 884 1815; x_wconf 88' lang='lat' dir='ltr'>tur,</span> <span class='ocrx_word' id='word_1_309' title='bbox 904 1771 1063 1804; x_wconf 85' lang='lat' dir='ltr'>veteres</span> <span class='ocrx_word' id='word_1_310' title='bbox 1081 1763 1179 1803; x_wconf 85' lang='lat' dir='ltr'>vina</span> <span class='ocrx_word' id='word_1_311' title='bbox 1196 1763 1313 1802; x_wconf 85' lang='lat' dir='ltr'>melle</span> <span class='ocrx_word' id='word_1_312' title='bbox 1327 1763 1537 1815; x_wconf 79' lang='lat' dir='ltr'>condiisse,</span> 
     </span>
     <span class='ocr_line' id='line_1_59' title="bbox 803 1821 1538 1875; baseline -0.001 -14"><span class='ocrx_word' id='word_1_313' title='bbox 803 1829 924 1875; x_wconf 88' lang='lat' dir='ltr'>atque</span> <span class='ocrx_word' id='word_1_314' title='bbox 942 1822 1041 1861; x_wconf 86' lang='lat' dir='ltr'>hinc</span> <span class='ocrx_word' id='word_1_315' title='bbox 1063 1821 1184 1861; x_wconf 83' lang='lat' dir='ltr'>etiam</span> <span class='ocrx_word' id='word_1_316' title='bbox 1210 1822 1388 1860; x_wconf 74' lang='lat' dir='ltr'>mulsum</span> <span class='ocrx_word' id='word_1_317' title='bbox 1407 1821 1538 1861; x_wconf 85' lang='lat' dir='ltr'>confi-</span> 
     </span>
     <span class='ocr_line' id='line_1_60' title="bbox 806 1879 1538 1930; baseline -0.003 -10"><span class='ocrx_word' id='word_1_318' title='bbox 806 1894 896 1920; x_wconf 79' lang='lat' dir='ltr'>cere</span> <span class='ocrx_word' id='word_1_319' title='bbox 926 1879 1180 1920; x_wconf 82' lang='lat' dir='ltr'>consuevisse</span> <span class='ocrx_word' id='word_1_320' title='bbox 1197 1910 1209 1930; x_wconf 90' lang='lat'>‚</span> <span class='ocrx_word' id='word_1_321' title='bbox 1261 1879 1358 1918; x_wconf 79' lang='lat' dir='ltr'>satis</span> <span class='ocrx_word' id='word_1_322' title='bbox 1391 1886 1538 1919; x_wconf 88' lang='lat' dir='ltr'>notum</span> 
     </span>
     <span class='ocr_line' id='line_1_61' title="bbox 806 1936 1536 1988; baseline -0.004 -9"><span class='ocrx_word' id='word_1_323' title='bbox 806 1947 869 1979; x_wconf 86' lang='lat' dir='ltr'>est</span> <span class='ocrx_word' id='word_1_324' title='bbox 891 1939 957 1979; x_wconf 86' lang='lat' dir='ltr'>vel</span> <span class='ocrx_word' id='word_1_325' title='bbox 984 1952 1034 1977; x_wconf 84' lang='lat' dir='ltr'>ex</span> <span class='ocrx_word' id='word_1_326' title='bbox 1052 1938 1196 1977; x_wconf 89' lang='lat' dir='ltr'>Horat.</span> <span class='ocrx_word' id='word_1_327' title='bbox 1229 1939 1313 1977; x_wconf 90' lang='lat' dir='ltr'>Sat.</span> <span class='ocrx_word' id='word_1_328' title='bbox 1338 1938 1387 1988; x_wconf 89' lang='lat' dir='ltr'>II,</span> <span class='ocrx_word' id='word_1_329' title='bbox 1406 1937 1447 1988; x_wconf 85' lang='lat'>4,</span> <span class='ocrx_word' id='word_1_330' title='bbox 1465 1936 1536 1980; x_wconf 82' lang='lat'>24.</span> 
     </span>
     <span class='ocr_line' id='line_1_62' title="bbox 805 1998 1426 2048; baseline -0.002 -12"><span class='ocrx_word' id='word_1_331' title='bbox 805 1998 951 2036; x_wconf 80' lang='lat' dir='ltr'>dumm</span> <span class='ocrx_word' id='word_1_332' title='bbox 969 2010 1176 2048; x_wconf 82' lang='lat' dir='ltr'>saporem,</span> <span class='ocrx_word' id='word_1_333' title='bbox 1207 2002 1426 2035; x_wconf 88' lang='lat' dir='ltr'>austerum.</span> 
     </span>
     <span class='ocr_line' id='line_1_63' title="bbox 866 2053 1538 2098; baseline -0.01 0"><span class='ocrx_word' id='word_1_334' title='bbox 866 2058 1023 2098; x_wconf 86' lang='lat'>103—</span> <span class='ocrx_word' id='word_1_335' title='bbox 1053 2054 1147 2096; x_wconf 91' lang='lat'>115.</span> <span class='ocrx_word' id='word_1_336' title='bbox 1199 2054 1254 2091; x_wconf 89' lang='lat' dir='ltr'>Ut</span> <span class='ocrx_word' id='word_1_337' title='bbox 1291 2053 1380 2092; x_wconf 88' lang='lat' dir='ltr'>loco</span> <span class='ocrx_word' id='word_1_338' title='bbox 1416 2053 1538 2092; x_wconf 86' lang='lat' dir='ltr'>semel</span> 
     </span>
     <span class='ocr_line' id='line_1_64' title="bbox 805 2110 1536 2165; baseline -0.004 -14"><span class='ocrx_word' id='word_1_339' title='bbox 805 2119 925 2165; x_wconf 88' lang='lat' dir='ltr'>capto</span> <span class='ocrx_word' id='word_1_340' title='bbox 957 2112 1214 2150; x_wconf 80' lang='lat' dir='ltr'>retineantur</span> <span class='ocrx_word' id='word_1_341' title='bbox 1249 2124 1365 2163; x_wconf 90' lang='lat' dir='ltr'>apes,</span> <span class='ocrx_word' id='word_1_342' title='bbox 1414 2117 1456 2149; x_wconf 90' lang='lat' dir='ltr'>et</span> <span class='ocrx_word' id='word_1_343' title='bbox 1483 2110 1536 2149; x_wconf 84' lang='lat' dir='ltr'>ad</span> 
     </span>
     <span class='ocr_line' id='line_1_65' title="bbox 805 2168 1535 2218; baseline -0.004 -9"><span class='ocrx_word' id='word_1_344' title='bbox 805 2170 1053 2209; x_wconf 88' lang='lat' dir='ltr'>mellificium</span> <span class='ocrx_word' id='word_1_345' title='bbox 1078 2168 1327 2218; x_wconf 85' lang='lat' dir='ltr'>invitentur,</span> <span class='ocrx_word' id='word_1_346' title='bbox 1368 2180 1535 2207; x_wconf 89' lang='lat' dir='ltr'>enarra-</span> 
     </span>
     <span class='ocr_line' id='line_1_66' title="bbox 805 2225 1535 2280; baseline -0.004 -13"><span class='ocrx_word' id='word_1_347' title='bbox 805 2234 900 2278; x_wconf 85' lang='lat' dir='ltr'>tur,</span> <span class='ocrx_word' id='word_1_348' title='bbox 950 2227 1052 2280; x_wconf 86' lang='lat' dir='ltr'>quid</span> <span class='ocrx_word' id='word_1_349' title='bbox 1080 2227 1194 2265; x_wconf 87' lang='lat' dir='ltr'>factu</span> <span class='ocrx_word' id='word_1_350' title='bbox 1220 2240 1322 2280; x_wconf 86' lang='lat' dir='ltr'>opus</span> <span class='ocrx_word' id='word_1_351' title='bbox 1347 2225 1427 2265; x_wconf 70' lang='lat' dir='ltr'>sit:</span> <span class='ocrx_word' id='word_1_352' title='bbox 1442 2226 1535 2278; x_wconf 80' lang='lat' dir='ltr'>sri-</span> 
     </span>
     <span class='ocr_line' id='line_1_67' title="bbox 801 2283 1536 2339; baseline -0.004 -14"><span class='ocrx_word' id='word_1_353' title='bbox 801 2287 908 2339; x_wconf 73' lang='lat' dir='ltr'>gida</span> <span class='ocrx_word' id='word_1_354' title='bbox 942 2294 1046 2324; x_wconf 84' lang='lat' dir='ltr'>tecta</span> <span class='ocrx_word' id='word_1_355' title='bbox 1072 2297 1125 2323; x_wconf 83' lang='lat' dir='ltr'>ex</span> <span class='ocrx_word' id='word_1_356' title='bbox 1160 2283 1242 2323; x_wconf 86' lang='lat' dir='ltr'>hoc</span> <span class='ocrx_word' id='word_1_357' title='bbox 1279 2284 1388 2337; x_wconf 87' lang='lat' dir='ltr'>ipso,</span> <span class='ocrx_word' id='word_1_358' title='bbox 1424 2283 1536 2335; x_wconf 87' lang='lat' dir='ltr'>quod</span> 
     </span>
     <span class='ocr_line' id='line_1_68' title="bbox 804 2341 1535 2395; baseline -0.005 -12"><span class='ocrx_word' id='word_1_359' title='bbox 804 2344 1026 2383; x_wconf 86' lang='lat' dir='ltr'>alvearium</span> <span class='ocrx_word' id='word_1_360' title='bbox 1058 2342 1108 2382; x_wconf 87' lang='lat' dir='ltr'>ab</span> <span class='ocrx_word' id='word_1_361' title='bbox 1129 2342 1270 2395; x_wconf 87' lang='lat' dir='ltr'>apibus</span> <span class='ocrx_word' id='word_1_362' title='bbox 1293 2341 1535 2380; x_wconf 83' lang='lat' dir='ltr'>destitutum</span> 
     </span>
     <span class='ocr_line' id='line_1_69' title="bbox 803 2399 1534 2453; baseline -0.004 -13"><span class='ocrx_word' id='word_1_363' title='bbox 803 2409 886 2453; x_wconf 82' lang='lat' dir='ltr'>est3</span> <span class='ocrx_word' id='word_1_364' title='bbox 905 2416 1000 2440; x_wconf 89' lang='lat' dir='ltr'>nam</span> <span class='ocrx_word' id='word_1_365' title='bbox 1018 2414 1144 2453; x_wconf 88' lang='lat' dir='ltr'>quum</span> <span class='ocrx_word' id='word_1_366' title='bbox 1164 2399 1321 2439; x_wconf 84' lang='lat' dir='ltr'>assidue</span> <span class='ocrx_word' id='word_1_367' title='bbox 1336 2400 1534 2449; x_wconf 88' lang='lat' dir='ltr'>incolunt,</span> 
     </span>
     <span class='ocr_line' id='line_1_70' title="bbox 803 2456 1534 2512; baseline -0.005 -14"><span class='ocrx_word' id='word_1_368' title='bbox 803 2466 894 2499; x_wconf 86' lang='lat' dir='ltr'>tum</span> <span class='ocrx_word' id='word_1_369' title='bbox 903 2460 1074 2512; x_wconf 78' lang='lat' dir='ltr'>fovent,</span> <span class='ocrx_word' id='word_1_370' title='bbox 1104 2464 1154 2498; x_wconf 90' lang='lat' dir='ltr'>ut</span> <span class='ocrx_word' id='word_1_371' title='bbox 1170 2472 1211 2498; x_wconf 86' lang='lat' dir='ltr'>v.</span> <span class='ocrx_word' id='word_1_372' title='bbox 1229 2456 1284 2500; x_wconf 84' lang='lat'>43</span> <span class='ocrx_word' id='word_1_373' title='bbox 1301 2458 1448 2510; x_wconf 74' lang='lat' dir='ltr'>fovere</span> <span class='ocrx_word' id='word_1_374' title='bbox 1464 2457 1534 2495; x_wconf 86' lang='lat' dir='ltr'>la-</span> 
     </span>
     <span class='ocr_line' id='line_1_71' title="bbox 803 2514 1534 2569; baseline -0.003 -13"><span class='ocrx_word' id='word_1_375' title='bbox 803 2533 900 2556; x_wconf 86' lang='lat' dir='ltr'>rem.</span> <span class='ocrx_word' id='word_1_376' title='bbox 964 2517 1030 2556; x_wconf 91' lang='lat' dir='ltr'>Sic</span> <span class='ocrx_word' id='word_1_377' title='bbox 1033 2516 1225 2569; x_wconf 68' lang='lat' dir='ltr'>fngulzae</span> <span class='ocrx_word' id='word_1_378' title='bbox 1240 2524 1349 2554; x_wconf 71' lang='lat' dir='ltr'>torus</span> <span class='ocrx_word' id='word_1_379' title='bbox 1370 2528 1448 2568; x_wconf 86' lang='lat' dir='ltr'>pro</span> <span class='ocrx_word' id='word_1_380' title='bbox 1467 2514 1534 2554; x_wconf 82' lang='lat' dir='ltr'>vi-</span> 
     </span>
     <span class='ocr_line' id='line_1_72' title="bbox 805 2571 1534 2627; baseline -0.007 -12"><span class='ocrx_word' id='word_1_381' title='bbox 805 2575 901 2615; x_wconf 85' lang='lat' dir='ltr'>duo.</span> <span class='ocrx_word' id='word_1_382' title='bbox 958 2575 1061 2614; x_wconf 83' lang='lat' dir='ltr'>Nam</span> <span class='ocrx_word' id='word_1_383' title='bbox 1096 2587 1197 2627; x_wconf 85' lang='lat' dir='ltr'>opus</span> <span class='ocrx_word' id='word_1_384' title='bbox 1215 2603 1227 2623; x_wconf 93' lang='lat'>,</span> <span class='ocrx_word' id='word_1_385' title='bbox 1264 2571 1376 2625; x_wconf 80' lang='lat' dir='ltr'>quod</span> <span class='ocrx_word' id='word_1_386' title='bbox 1384 2573 1534 2625; x_wconf 80' lang='lat' dir='ltr'>firvet,</span> 
     </span>
     <span class='ocr_line' id='line_1_73' title="bbox 802 2629 1531 2684; baseline -0.007 -12"><span class='ocrx_word' id='word_1_387' title='bbox 802 2633 887 2673; x_wconf 86' lang='lat' dir='ltr'>huc</span> <span class='ocrx_word' id='word_1_388' title='bbox 901 2632 1012 2672; x_wconf 84' lang='lat' dir='ltr'>trahi</span> <span class='ocrx_word' id='word_1_389' title='bbox 1029 2632 1183 2684; x_wconf 83' lang='lat' dir='ltr'>nequit.</span> <span class='ocrx_word' id='word_1_390' title='bbox 1202 2651 1262 2660; x_wconf 94' lang='lat'>——</span> <span class='ocrx_word' id='word_1_391' title='bbox 1303 2631 1398 2674; x_wconf 88' lang='lat'>105.</span> <span class='ocrx_word' id='word_1_392' title='bbox 1418 2629 1531 2679; x_wconf 82' lang='lat' dir='ltr'>ludo,</span> 
     </span>
     <span class='ocr_line' id='line_1_74' title="bbox 805 2689 1533 2743; baseline -0.005 -14"><span class='ocrx_word' id='word_1_393' title='bbox 805 2706 828 2729; x_wconf 90' lang='lat' dir='ltr'>a</span> <span class='ocrx_word' id='word_1_394' title='bbox 848 2691 992 2731; x_wconf 87' lang='lat' dir='ltr'>volatu</span> <span class='ocrx_word' id='word_1_395' title='bbox 1012 2704 1112 2743; x_wconf 87' lang='lat' dir='ltr'>vago</span> <span class='ocrx_word' id='word_1_396' title='bbox 1139 2695 1182 2728; x_wconf 88' lang='lat' dir='ltr'>et</span> <span class='ocrx_word' id='word_1_397' title='bbox 1208 2689 1377 2728; x_wconf 86' lang='lat' dir='ltr'>incerto.</span> <span class='ocrx_word' id='word_1_398' title='bbox 1438 2689 1533 2729; x_wconf 89' lang='lat'>106.</span> 
     </span>
     <span class='ocr_line' id='line_1_75' title="bbox 801 2745 1532 2797; baseline -0.01 -8"><span class='ocrx_word' id='word_1_399' title='bbox 801 2750 904 2788; x_wconf 86' lang='lat' dir='ltr'>Rem</span> <span class='ocrx_word' id='word_1_400' title='bbox 936 2748 1105 2788; x_wconf 85' lang='lat' dir='ltr'>eandem</span> <span class='ocrx_word' id='word_1_401' title='bbox 1131 2746 1262 2786; x_wconf 73' lang='lat' dir='ltr'>tradit</span> <span class='ocrx_word' id='word_1_402' title='bbox 1301 2745 1532 2797; x_wconf 73' lang='lat' dir='ltr'>Columella,</span> 
     </span>
     <span class='ocr_line' id='line_1_76' title="bbox 803 2804 1534 2860; baseline -0.011 -14"><span class='ocrx_word' id='word_1_403' title='bbox 803 2807 1001 2860; x_wconf 91' lang='lat' dir='ltr'>simulque</span> <span class='ocrx_word' id='word_1_404' title='bbox 1032 2805 1203 2845; x_wconf 88' lang='lat' dir='ltr'>modum</span> <span class='ocrx_word' id='word_1_405' title='bbox 1231 2804 1311 2854; x_wconf 82' lang='lat' dir='ltr'>IX,</span> <span class='ocrx_word' id='word_1_406' title='bbox 1332 2806 1402 2852; x_wconf 86' lang='lat'>10,</span> <span class='ocrx_word' id='word_1_407' title='bbox 1423 2805 1462 2852; x_wconf 85' lang='lat'>3,</span> <span class='ocrx_word' id='word_1_408' title='bbox 1493 2807 1534 2839; x_wconf 88' lang='lat' dir='ltr'>et</span> 
     </span>
     <span class='ocr_line' id='line_1_77' title="bbox 800 2858 1534 2916; baseline -0.005 -15"><span class='ocrx_word' id='word_1_409' title='bbox 800 2866 873 2916; x_wconf 76' lang='grc' dir='ltr'>ΙΧ,</span> <span class='ocrx_word' id='word_1_410' title='bbox 891 2868 930 2915; x_wconf 85' lang='lat'>9,</span> <span class='ocrx_word' id='word_1_411' title='bbox 946 2867 985 2907; x_wconf 84' lang='lat'>8.</span> <span class='ocrx_word' id='word_1_412' title='bbox 1048 2867 1142 2907; x_wconf 88' lang='lat'>107.</span> <span class='ocrx_word' id='word_1_413' title='bbox 1173 2863 1400 2916; x_wconf 80' lang='lat' dir='ltr'>quisquam,</span> <span class='ocrx_word' id='word_1_414' title='bbox 1420 2858 1534 2911; x_wconf 86' lang='lat' dir='ltr'>quasi</span> 
     </span>
     <span class='ocr_line' id='line_1_78' title="bbox 802 2918 1534 2973; baseline -0.01 -11"><span class='ocrx_word' id='word_1_415' title='bbox 802 2923 853 2962; x_wconf 87' lang='lat' dir='ltr'>de</span> <span class='ocrx_word' id='word_1_416' title='bbox 887 2923 1084 2962; x_wconf 74' lang='lat' dir='ltr'>militibus</span> <span class='ocrx_word' id='word_1_417' title='bbox 1117 2921 1366 2973; x_wconf 81' lang='lat' dir='ltr'>loqueretur.</span> <span class='ocrx_word' id='word_1_418' title='bbox 1403 2918 1534 2956; x_wconf 81' lang='lat' dir='ltr'>altum</span> 
     </span>
     <span class='ocr_line' id='line_1_79' title="bbox 803 2974 1532 3033; baseline -0.011 -12"><span class='ocrx_word' id='word_1_419' title='bbox 803 2984 895 3033; x_wconf 81' lang='lat' dir='ltr'>iter,</span> <span class='ocrx_word' id='word_1_420' title='bbox 928 2981 979 3020; x_wconf 85' lang='lat' dir='ltr'>de</span> <span class='ocrx_word' id='word_1_421' title='bbox 994 2981 1150 3021; x_wconf 78' lang='lat' dir='ltr'>volatu.</span> <span class='ocrx_word' id='word_1_422' title='bbox 1190 2975 1283 3030; x_wconf 86' lang='lat' dir='ltr'>(aut</span> <span class='ocrx_word' id='word_1_423' title='bbox 1304 2976 1357 3015; x_wconf 83' lang='lat' dir='ltr'>ad</span> <span class='ocrx_word' id='word_1_424' title='bbox 1375 2974 1532 3024; x_wconf 83' lang='lat' dir='ltr'>ludum,</span> 
     </span>
    </p>
   </div>
   <div class='ocr_carea' id='block_1_24' title="bbox 1182 3044 1252 3092">
    <p class='ocr_par' dir='ltr' id='par_1_24' title="bbox 1182 3044 1252 3092">
     <span class='ocr_line' id='line_1_80' title="bbox 1182 3044 1252 3092; baseline 0 0"><span class='ocrx_word' id='word_1_425' title='bbox 1182 3044 1252 3092; x_wconf 74' lang='lat'>39</span> 
     </span>
    </p>
   </div>
  </div>
 </body>
</html>
