1768 3320
193 213 293 262 190
335 193 337 195 ’
511 209 565 259 Ρ.
602 207 960 259 VIRGILII
994 205 1372 257 MARoms

190 337 285 389 Vir
311 336 484 402 gregis
515 335 629 403 ipse
669 350 831 401 caper
869 332 1232 451 deer1iaellverat3
1281 341 1441 400 atque
1474 348 1574 399 ego
1602 337 1710 386 Da-

1055 418 1171 450 mm

189 476 467 543 Adspici03
513 474 600 524 ille
618 473 822 523 ubime
850 420 1033 522 conti-'a
1061 471 1233 522 videt:
1283 471 1472 538 Ocius,
1518 473 1709 541 inquit,

189 550 307 598 Huc
333 546 483 609 ades,
518 561 555 594 -o
575 543 872 604 Melib-oee3
913 560 1072 609 caper
1091 541 1188 592 tibi
1206 540 1409 607 salvus,
1440 549 1502 595 et
1517 543 1710 606 haedi;

188 619 280 682 Et,
320 617 361 666 si
388 615 519 683 quid
546 630 747 664 cessare
766 621 937 679 potes,
970 612 1250 680 requiesce
1274 611 1373 663 sub
1396 613 1614 677 umbra3
1646 619 1710 666 10

188 690 307 737 Huc
330 687 431 753 ipsi
452 694 645 752 potum
667 683 885 733 venient
901 699 1002 750 per
1021 692 1170 750 prata
1192 682 1427 746 iuvenci3

258 787 307 833 7.
340 783 586 831 DAPHNIN

191 916 328 956 myrtos
340 916 471 951 exurat,
489 919 555 952 per
573 905 743 940 aestivum
752 911 888 950 tempus
906 917 1030 949 parum
1045 905 1137 939 bene
1154 910 1385 939 memoratum
1394 905 1587 940 videretur:
1611 906 1712 942 Vos-

191 958 263 991 sius
284 957 404 990 deleto
429 969 452 990 a
477 953 695 999 explicabat:
721 951 881 998 defi’ndo
899 961 1040 998 myrtos
1053 952 1204 1000 frigore
1223 952 1259 985 h.
1283 953 1416 996 umbra,
1441 965 1486 987 ne
1506 961 1605 988 aestu.
1620 965 1713 988 exu-

190 1012 320 1039 rantur.
369 1005 482 1036 Burm.
513 1001 603 1035 coni.
629 1002 701 1034 Hic
725 1012 794 1045 ego
818 999 904 1033 dum
931 1008 1080 1034 teneros
1104 998 1268 1046 defendo
1298 1012 1321 1033 a
1343 998 1496 1047 frigore
1512 999 1641 1048 fetu-5,
1674 1007 1713 1035 ut

190 1051 326 1086 haedos
346 1050 518 1094 intelligat
532 1075 540 1090 ,
578 1059 664 1094 quos
685 1047 721 1080 in
742 1046 862 1092 aprico
881 1047 963 1081 loco
981 1047 1152 1093 posuerit.
1199 1047 1252 1080 Ita
1271 1058 1357 1080 vero
1378 1047 1501 1081 eadem
1515 1047 1711 1082 difficultas

190 1104 327 1141 manet,
352 1098 443 1131 unde
463 1102 597 1129 tantum
619 1095 730 1139 frigus
752 1106 816 1139 per
840 1094 1005 1128 aestivum
1026 1095 1180 1128 calorem
1198 1093 1326 1128 veniat.
1374 1095 1452 1134 Nec
1469 1095 1573 1129 alitor
1594 1107 1636 1129 se
1653 1107 1711 1129 res

191 1146 320 1188 habet,
355 1145 386 1178 si
410 1156 485 1178 cum
506 1143 575 1176 alio
594 1142 669 1175 viro
690 1142 794 1175 docto
815 1150 953 1175 matres
971 1141 1175 1175 substituas.
1224 1142 1274 1175 10.
1292 1141 1510 1176 Schraderus
1530 1143 1624 1176 inter
1642 1142 1712 1177 alia

190 1193 367 1227 tentabat:
399 1190 559 1237 defendo
583 1202 606 1223 a
624 1189 764 1230 sidere,
798 1188 833 1221 h.
855 1189 942 1222 sole.
990 1191 1094 1223 Nunc
1125 1188 1194 1222 vid.
1221 1190 1308 1222 Not.
1401 1190 1426 1225 7
1452 1197 1493 1223 αι
1517 1202 1587 1237 ego
1609 1189 1710 1224 Leid.

192 1248 303 1285 atque
320 1239 496 1286 Daphnin
516 1237 617 1271 alter.
665 1237 850 1283 Daphnim
868 1236 970 1269 multi
987 1236 1107 1270 Heins.
1127 1248 1159 1269 v.
1178 1235 1222 1268 ad
1239 1236 1283 1278 ΙΙ,
1304 1236 1362 1272 26.
1434 1237 1456 1273 8
1481 1238 1559 1285 ipae
1576 1236 1710 1271 Zulich.

192 1285 256 1320 ubi
270 1295 400 1320 contra
416 1284 515 1318 Leid.
611 1284 634 1319 9
661 1292 703 1317 ut
722 1284 835 1317 haedi
853 1283 945 1317 coni,
966 1285 1083 1317 Burm.
1096 1310 1106 1326 ,
1135 1282 1195 1328 qui
1216 1282 1254 1316 in
1272 1283 1308 1316 h.
1331 1283 1356 1316 1.
1378 1290 1570 1329 argutatur.
1666 1286 1713 1321 10

184 1342 313 1381 potest
338 1334 461 1378 fragm.
491 1330 633 1365 Moreti.
690 1331 784 1364 velis
814 1330 915 1365 Leid.
1024 1333 1065 1367 11
1104 1331 1261 1363 veniunt
1287 1329 1412 1373 Leid.,
1459 1331 1556 1378 quod
1582 1331 1711 1378 placet.

192 1380 380 1425 (Displicet
408 1379 549 1414 Vossio.
605 1379 767 1411 Ceterum
794 1389 903 1423 quare
929 1378 1078 1412 iuvenci
1100 1376 1258 1411 scribere
1286 1375 1451 1412 maluerit
1478 1385 1607 1424 poeta,
1638 1389 1713 1413 non

189 1429 384 1470 iuvencae,
420 1426 534 1460 disces
562 1426 605 1460 ab
625 1425 782 1459 Huschk.
810 1424 891 1459 Tib.
911 1426 970 1469 111,
998 1423 1033 1470 4,
1060 1426 1116 1461 67.
1157 1424 1253 1470 Wr.)

189 1547 233 1586 in
257 1546 319 1586 his
340 1546 477 1585 Italiae
503 1545 602 1585 locis
628 1557 771 1598 parere
797 1557 924 1597 appa-

189 1611 266 1645 ret.
324 1604 527 1643 Adderem
569 1617 708 1643 versus
746 1601 814 1644 46.
853 1600 922 1652 47,

191 1663 262 1701 sed
283 1662 367 1702 vid.
395 1662 447 1701 ad
473 1662 540 1705 53.
589 1662 758 1701 Ineunte
786 1666 922 1699 autem

190 1733 286 1760 vere
317 1735 400 1759 non
426 1734 520 1759 raro
551 1720 618 1758 uri
650 1720 813 1759 arbores
843 1732 922 1757 no·-

193 1785 340 1818 cturno
362 1779 509 1831 frigore
527 1777 723 1828 videmus,
752 1783 792 1816 et
810 1790 920 1829 myr-

192 1845 251 1875 tos
277 1837 434 1889 frigoris
452 1836 706 1889 impatientes
735 1848 818 1873 esse
844 1834 921 1873 do-

193 1901 257 1933 cet
273 1894 489 1945 Martinus,
518 1900 560 1932 et
583 1896 690 1947 regio
710 1894 788 1933 ista
811 1893 923 1932 ultra

191 1952 348 1992 Padum
368 1953 563 2005 frigidior.
604 1954 707 1993 cons.
727 1954 839 1991 Serv.
870 1951 924 1991 ad

191 2025 231 2050 v.
249 2009 318 2052 47.
351 2008 490 2064 (Recte
508 2017 642 2050 autem
658 2010 773 2050 addit
789 2009 923 2062 Spoh-

191 2069 295 2118 nius,
316 2069 365 2108 ab
380 2070 438 2119 iis,
457 2082 558 2121 quae
575 2070 654 2108 sint
665 2075 806 2122 poetae
823 2082 924 2120 pro-

191 2127 280 2180 pria
304 2127 347 2166 in
376 2127 454 2166 hoc
481 2128 674 2178 carmine,
704 2127 830 2180 probe
858 2126 924 2165 di-

193 2185 449 2236 stinguendas
497 2199 578 2224 esse
625 2186 739 2225 fictas
785 2198 923 2224 rerum

191 2242 400 2294 imagines,
449 2245 584 2296 quales
617 2244 661 2282 in
702 2243 922 2282 amoebaeis

194 2301 436 2340 carminibus
459 2316 572 2355 saepe
596 2302 922 2355 interponantur.

193 2358 380 2398 ceterum
409 2365 665 2399 structuram
702 2361 923 2399 verborum

193 2417 292 2454 dum
338 2418 506 2469 defendo
559 2441 616 2447 —-
672 2419 923 2457 deerraverat

192 2474 468 2514 Wunderlich.
516 2476 694 2514 illustrat
741 2490 792 2515 ex
835 2475 922 2514 Liv.

192 2532 342 2583 XXIII,
372 2536 458 2574 11.:
489 2535 621 2583 „dnm
646 2534 748 2572 llaec·
768 2548 922 2586 geran-

193 2598 259 2628 tur
287 2612 345 2620 —
376 2600 537 2629 veneral
560 2594 746 2643 Mago.“
801 2590 922 2644 'Adde

193 2646 290 2687 Aen.
303 2648 368 2698 VI,
385 2651 461 2690 171
472 2670 530 2677 —
542 2648 654 2690 174:
674 2650 806 2699 „forte
824 2663 923 2688 cava

194 2705 308 2746 dum
337 2712 587 2758 personat
621 2721 795 2758 aequora
822 2722 923 2746 con-

193 2762 290 2814 cha,
316 2787 375 2793 -—
405 2786 462 2793 -
514 2763 625 2802 Inter
655 2779 752 2803 saxa
787 2766 922 2804 virum

192 2835 380 2875 spumosa
414 2821 527 2860 imm
537 2834 558 2858 e
569 2836 591 2860 r
601 2836 618 2859 s
630 2835 649 2859 e
659 2836 680 2860 r
692 2829 743 2861 at
771 2824 921 2862 unda.“

191 2879 283 2920 Vid.
304 2880 466 2920 omnino
488 2878 537 2917 <le
556 2878 636 2918 hoc
654 2894 732 2918 usu
751 2881 921 2920 coniun-

983 1544 1080 1588 55‘9.
1117 1542 1237 1599 Wr.)
1297 1545 1337 1585 7.
1373 1544 1451 1584 Vir
1469 1543 1610 1595 gregis
1626 1544 1712 1595 {pse

982 1617 1128 1654 caper.-
1171 1600 1297 1641 habet
1329 1615 1352 1639 a
1384 1600 1587 1640 Theocrit.
1606 1601 1711 1652 VIII,

982 1660 1061 1711 493
1091 1662 1178 1712 ipse
1197 1674 1322 1712 caper
1339 1659 1614 1710 deerraverat,
1635 1659 1713 1698 ad-

980 1732 1108 1774 eoque
1140 1724 1181 1756 et
1215 1717 1336 1757 haedi
1367 1723 1560 1769 totusque
1593 1731 1712 1771 gre13

978 1776 1076 1817 hinc
1093 1790 1218 1816 versu
1237 1779 1263 1819 9
1283 1790 1408 1828 caper
1424 1774 1499 1814 tibi
1515 1775 1655 1815 salvus
1676 1784 1714 1814 et

978 1835 1113 1874 haedi.
1154 1832 1254 1888 (vid.
1282 1834 1333 1883 Q.
1364 1834 1413 1873 V.
1434 1833 1579 1884 XVIII,
1602 1836 1645 1885 2,
1671 1834 1712 1874 b.

984 1895 1051 1934 W
1048 1892 1095 1948 r.)
1147 1892 1504 1932 Animadverterat
1526 1905 1593 1931 eos
1612 1898 1653 1931 et
1668 1892 1713 1931 in

979 1958 1118 1991 tutum
1127 1951 1262 1990 locum
1271 1950 1523 2004 compulerat
1532 1949 1712 2004 Daphnis

979 2024 1020 2050 v.
1046 2012 1088 2052 9.
1155 2009 1235 2048 Sed
1260 2009 1368 2047 idem
1397 2008 1616 2049 Meliboeus
1643 2023 1713 2048 ar·-

979 2074 1118 2107 menta
1145 2068 1334 2120 pascebat
1341 2082 1352 2118 ;
1388 2067 1535 2119 quibus
1563 2067 1712 2106 adiun-

981 2132 1092 2166 ctum
1119 2126 1364 2179 capellarum
1388 2131 1430 2163 et
1451 2125 1593 2164 ovium
1619 2138 1713 2178 gre-

979 2198 1067 2237 gem
1083 2183 1271 2223 habebat.
1303 2184 1410 2223 conf.
1437 2197 1478 2222 v.
1502 2185 1550 2224 11
1579 2190 1621 2222 et
1645 2183 1711 2227 15.

981 2241 1199 2297 (Iuvencos
1231 2242 1310 2281 dici
1345 2240 1587 2294 Daphnidis,
1629 2255 1713 2280 non

979 2301 1174 2350 Meliboei,
1193 2300 1250 2339 ait
1267 2300 1451 2350 Vossius,
1481 2299 1598 2338 addit
1613 2313 1712 2338 cau-

979 2374 1064 2398 sam
1085 2358 1306 2412 SpohniUS,
1334 2357 1449 2410 quod
1470 2357 1615 2410 singuli
1637 2371 1714 2411 pa·-

979 2424 1107 2457 stores
1134 2417 1254 2456 unius
1275 2416 1427 2469 generis
1454 2428 1611 2467 gregem
1637 2429 1713 2469 pa-

980 2489 1089 2515 scere
1113 2476 1301 2514 solerent.
1330 2473 1412 2512 Sed
1429 2473 1510 2512 Ecl.
1529 2474 1594 2523 111,
1612 2477 1651 2516 3.
1670 2477 1711 2517 6.

979 2537 1070 2584 29„
1101 2547 1221 2585 quem
1240 2532 1376 2571 locum
1391 2531 1475 2584 ipse
1497 2531 1712 2584 Spohm‘us,

979 2598 1139 2631 mutata
1153 2590 1342 2630 ⁷vide‘lioet
1354 2589 1556 2628 sententia
1566 2620 1576 2639 ‚
1601 2604 1714 2629 mar-

979 2651 1061 2703 gini
1089 2648 1321 2702 adscripsit,
1365 2647 1474 2686 idem
1503 2654 1643 2700 pastor
1672 2654 1714 2687 et

980 2709 1119 2748 ovium
1165 2719 1440 2762 agnorumque
1492 2712 1533 2745 et
1587 2707 1713 2745 boum

976 2767 1084 2819 gregi
1102 2771 1273 2819 praeest.
1332 2765 1385 2803 Et
1410 2764 1495 2817 ipse
1519 2764 1713 2803 orationis

979 2825 1089 2864 color
1108 2823 1293 2864 Meliboei
1313 2823 1506 2862 iuvencos
1529 2821 1571 2862 h,
1593 2823 1620 2861 l.
1632 2822 1714 2861 'in-

967 2883 1102 2936 Jtelligi
1119 2882 1245 2922 iubet.
1270 2882 1463 2921 >ceterum
1477 2880 1598 2919 docet
1609 2880 1714 2919 Vos-

193 2938 338 2978 ctionis
362 2938 460 2977 dum
476 2937 685 2976 Heindorf.
708 2937 760 2976 ad
777 2938 953 2985 Horat..
978 2941 1070 2991 sius,
1092 2954 1243 2993 capraS,
1262 2944 1478 2993 postquam
1496 2937 1713 2978 Novembri

191 2997 277 3037 Sat.
296 2996 327 3047 I,
346 2996 387 3048 5,
404 2999 473 3039 72.
498 3001 540 3034 et
558 2995 605 3035 V.
623 2995 665 3035 L.
689 2996 742 3035 ad
770 2997 839 3037 Ge.
856 2997 921 3047 IV,

978 2999 1275 3052 concepissent,
1305 2996 1454 3037 Martio
1476 3009 1612 3036 mense
1636 3010 1714 3050 pa-
