1768 3320
174 217 240 266 56

500 215 555 262 P.
593 210 952 262 VIRGILII
995 203 1371 256 MARONIS

171 344 417 406 Namque
438 337 537 388 erit
555 337 647 387 ille
667 335 800 386 mihi
822 349 1036 399 semper
1056 330 1214 392 deus;
1251 329 1387 380 illius
1413 345 1558 381 aram

177 412 349 475 Saepe
368 417 523 458 tener
543 407 735 456 nostris
763 405 826 455 ab
849 402 1072 453 ovilibus
1096 401 1285 450 inbuet
1305 415 1482 465 agnus,

173 479 269 530 Ille
292 495 438 528 meas
461 493 637 527 errare
656 476 848 538 boveS,
884 481 944 522 ut
967 471 1137 521 cernis
1153 511 1166 535 ,
1206 478 1259 520 et
1281 470 1459 537 ipsum

172 547 409 612 Ludere,
447 563 583 614 quae
605 545 823 608 vellem,
862 541 1063 592 calamo
1086 540 1329 607 permisit
1349 538 1551 605 agresti.
1626 544 1690 590 10

175 635 230 670 M.
240 622 364 669 Non
380 616 633 684 equidem
653 613 870 664 invideo
884 636 897 674 3
918 611 1088 660 miror
1108 610 1293 675 magis:
1311 609 1555 676 undique
1565 609 1690 658 totis

223 725 246 760 7
280 723 320 756 In
341 735 481 769 semper
499 741 543 747 —
568 721 659 754 deus
680 724 852 762 nugantur
871 715 1108 751 Grammatici.
1141 715 1212 749 vid.
1235 714 1328 750 Pier.
1344 714 1555 748 Benedictus
1571 712 1610 746 in
1626 713 1690 747 Ed.

176 770 270 805 Flor.
296 770 398 806 1520.
495 770 517 804 8
540 765 665 801 imbuit
681 765 847 799 Rottend.

176 817 260 852 lich.
271 843 281 859 ,
314 814 465 850 sollenni
483 826 614 848 errore.

178 888 435 945 appellarent.
496 887 606 944 (Qui
643 888 706 927 dei
740 887 902 926 nomine

179 950 443 1002 significatur,
470 961 552 986 non
572 952 631 984 est
648 945 809 999 proprie
831 944 901 983 Ti-

177 1008 261 1061 tyri
282 1007 476 1046 dominus.
514 1004 656 1057 Tityri,
685 1003 791 1042 servi
811 1016 900 1041 ma-

178 1065 362 1114 numissi,
398 1064 477 1102 iam
502 1062 688 1111 senioris,
729 1074 899 1114 persona

178 1123 361 1174 Virgilius
378 1122 498 1170 latet,
549 1119 640 1169 sed,
678 1125 726 1158 ut
747 1118 832 1157 dixi
854 1118 898 1157 in

178 1181 373 1231 Prolegg.,
402 1192 485 1217 non
502 1178 578 1227 ita,
608 1183 656 1216 ut
673 1176 828 1229 singula
848 1176 901 1214 ad

177 1238 318 1277 vivum
337 1236 504 1275 resecari
526 1235 707 1274 debeant.
766 1235 797 1272 F
798 1234 901 1286 ingi-

178 1302 248 1335 tur
266 1300 399 1333 autem
420 1294 581 1345 Tityrus
602 1292 714 1344 quasi
733 1292 901 1341 villicus,

176 1353 202 1392 i.
221 1366 253 1391 e.
274 1352 342 1404 qui
358 1357 555 1404 praeesset
576 1351 655 1389 toti
673 1350 844 1389 familiae
859 1350 902 1388 in

175 1410 273 1450 villa
299 1409 466 1458 domini,
507 1408 575 1460 qui
600 1408 642 1446 in
669 1408 811 1447 urbem
843 1408 903 1446 ire

177 1467 329 1506 solebat
345 1467 477 1518 ibique
503 1466 702 1516 vendere,
740 1480 799 1506 VS.
820 1468 902 1515 36„

179 1525 243 1564 cui
268 1524 468 1577 peculium
497 1530 604 1574 erat,
644 1538 703 1563 vs.
733 1527 821 1574 33.,
862 1529 903 1562 et

178 1581 495 1631 contubernalis,
555 1595 613 1622 vs.
652 1582 691 1624 5.
741 1588 781 1620 et
821 1583 902 1631 31„

180 1653 351 1692 quacum
367 1640 510 1678 liberos
519 1639 675 1692 gignere
693 1639 729 1677 ei
745 1639 905 1678 licebat.

182 1699 260 1737 Cfr.
278 1697 392 1736 Varr.
410 1698 457 1735 R.
476 1698 524 1736 R.
542 1697 571 1747 Ι,
605 1699 670 1747 17,
701 1697 739 1740 5.
768 1700 808 1747 2,
838 1695 903 1738 14.

180 1756 336 1805 Talem,
382 1768 510 1806 neque
543 1768 639 1794 vero
664 1769 824 1794 servum
853 1768 903 1793 ex

179 1813 316 1852 infimo
356 1812 515 1862 ordine,
566 1812 679 1864 elegit
706 1813 903 1865 Virgilius,

182 1871 247 1910 cui
265 1883 338 1908 sua
353 1870 561 1909 tribueret.
620 1871 804 1922 Virgilius
830 1871 903 1909 ab—

181 1929 285 1967 ierat
293 1928 471 1967 Romam.
500 1928 655 1967 Interea
664 1929 838 1981 Tityrus,
856 1935 905 1967 ut

183 1987 233 2025 ab
249 1985 348 2035 hoc,
380 1985 553 2035 domino,
583 2000 706 2035 manu
721 1987 905 2025 mittere-

182 2050 274 2093 tur,
303 2043 385 2096 ipse
404 2044 590 2094 Romam,
628 2044 697 2083 ubi
716 2045 781 2083 ille
806 2051 904 2094 erat,

184 2101 342 2150 abiisse,
372 2100 563 2152 simulque
583 2101 631 2141 de
650 2102 751 2154 agris
773 2102 904 2141 domi-

182 2173 237 2198 no
270 2172 342 2197 suo
371 2159 625 2198 restituendis
655 2161 772 2212 egisse
789 2160 907 2212 fingi-

184 2223 261 2256 tur
291 2215 399 2268 apud
418 2216 702 2268 Octavianum3
738 2218 801 2257 uti
826 2219 907 2256 Ecl.

183 2274 254 2314 ΙΧ,
280 2273 492 2312 Meliboeus
509 2275 658 2327 Virgilii
673 2275 761 2315 heri
778 2276 911 2314 nomi-

185 2344 236 2371 ne
265 2331 340 2370 alia
386 2331 476 2382 agit.
532 2332 637 2371 Hinc
660 2333 740 2371 iam
767 2333 911 2372 desinit

186 2389 335 2428 mirum
359 2401 459 2438 esse,
490 2390 599 2440 quod
617 2405 814 2443 nusquam
834 2391 910 2429 do-

184 2446 283 2486 mini
317 2445 366 2484 fit
384 2448 546 2486 mentio.
578 2447 664 2502 Sp.)
724 2449 797 2487 Per
828 2451 910 2487 otia

185 2503 371 2555 intelligit
398 2505 651 2543 securitatem
682 2507 787 2545 inter
815 2513 910 2544 tan—

185 2567 249 2600 tas
275 2561 416 2600 turbas
445 2567 485 2598 et
511 2563 710 2601 tumultus
738 2564 909 2603 bellicos.

187 2622 227 2661 7.
257 2618 438 2658 Observa
457 2621 652 2671 poeticam
677 2622 910 2670 orationem,

186 2690 283 2730 pro,
332 2678 369 2714 ei
396 2679 501 2714 sacri
516 2678 648 2726 beabo,
696 2679 911 2717 sollennem

186 2741 342 2784 tamen3
382 2739 431 2772 ut
461 2735 570 2786 apud
592 2734 758 2775 Theocr.
781 2737 910 2789 Epigr.

188 2792 229 2842 I,
277 2791 303 2834 5
336 2788 481 2863 Bwpdv
513 2788 546 2832 δ’
577 2788 739 2844 αἷμοῖξει
774 2791 913 2846 κεραὸς

188 2845 337 2904 τράγος
370 2863 488 2896 ουτος
520 2848 544 2889 o‘
573 2846 727 2902 μαλλός.
777 2854 814 2892 8.
862 2851 913 2888 ab

188 2906 379 2955 ovilibus,
421 2907 548 2945 nostri
579 2907 711 2957 ovilis;
758 2915 798 2946 et
826 2914 913 2946 tum

190 2964 291 3003 ovile
301 2978 374 3017 pro
385 2976 512 3015 grege.
532 2965 578 3003 cf.
589 2965 724 3004 Burin.
747 2963 912 3018 (Spohn.

941 765 963 799 9
988 764 1076 796 meis
1098 762 1269 797 Rottend.

707 814 750 849 11
775 812 864 845 totis
884 811 987 857 agris
1009 811 1060 844 Io.
1083 810 1270 845 Schrader.
1291 809 1330 846 in
1350 822 1432 844 msS.
1463 807 1555 842 coni.
1579 808 1690 842 notis.

1366 764 1411 799 10
1429 761 1602 809 promisit
1619 762 1691 794 Zu—

957 886 1101 926 laudat
1118 886 1205 925 Tib.
1222 885 1277 936 H,
1311 888 1357 937 1,
1390 886 1480 936 57.,
1509 885 1582 925 ubi
1606 885 1691 925 vid.

958 945 1079 983 etiam
1106 943 1311 994 Huschk.,
1352 950 1394 982 et
1421 944 1459 994 Ι,
1502 946 1576 994 10,
1615 946 1692 986 26:

957 1002 1126 1053 „Hostia
1148 1002 1225 1041 erit
1238 1002 1358 1056 plena
1373 1002 1526 1041 rustica
1544 1014 1692 1055 porcus

954 1060 1067 1100 hara.
1080 1062 1104 1083 “
1121 1083 1179 1090 —
1208 1059 1376 1110 Inbuet,
1422 1073 1475 1100 sc.
1503 1059 1694 1112 sanguine

956 1133 1050 1169 suo;
1080 1118 1247 1157 collecto
1274 1118 1380 1156 enim
1406 1124 1606 1157 mactatae
1625 1118 1692 1158 vi-

959 1177 1102 1216 ctimae
1131 1176 1322 1229 sanguine
1352 1190 1423 1215 ara
1454 1189 1693 1229 consperge-

958 1235 1094 1274 batur.
1168 1235 1358 1273 Ceterum
1393 1234 1495 1273 bene
1531 1235 1694 1273 Ruaeus

960 1298 1099 1342 notat,
1149 1292 1311 1345 publica
1345 1292 1535 1345 religione
1564 1292 1692 1331 Oeta-

959 1350 1126 1391 vianum
1155 1350 1234 1389 coli
1253 1350 1416 1389 demum
1444 1350 1494 1389 ab
1511 1364 1572 1389 ao·
1594 1352 1692 1392 718.

961 1408 1121 1448 devicto
1139 1410 1249 1447 Sext.
1268 1407 1456 1461 Pompeio
1485 1413 1694 1461 coeptum5

961 1468 1009 1507 cf.
1030 1465 1201 1519 Appian.
1218 1467 1246 1505 1.
1265 1466 1314 1506 V.
1340 1467 1412 1507 W
1404 1481 1435 1505 r.
1455 1487 1512 1497 —
1549 1467 1695 1504 nostris

961 1525 1144 1574 ovilibus,
1158 1525 1214 1563 sic
1222 1524 1380 1564 villicus
1391 1524 1440 1563 de
1448 1524 1508 1575 iis,
1520 1537 1695 1576 quorum

961 1597 1060 1622 cura
1078 1583 1164 1632 sibi,
1194 1582 1387 1636 possessio
1412 1582 1575 1621 domino
1594 1587 1694 1631 erat,

960 1641 1100 1681 utEcl.
1118 1641 1190 1690 IX,
1214 1642 1255 1682 2.
1267 1647 1307 1679 et
1322 1643 1387 1682 11.
1418 1642 1534 1682 Voss.
1547 1645 1588 1679 et
1605 1637 1693 1694 ὑφ.)

961 1702 1000 1742 9.
1040 1699 1298 1738 Burmannus
1324 1698 1443 1738 valde
1471 1697 1694 1747 contendit,

960 1758 1018 1796 ita
1038 1756 1150 1809 iungi
1170 1755 1335 1806 debere,
1373 1762 1423 1796 ut
1450 1756 1522 1807 sit,
1560 1757 1696 1807 ipsum

960 1815 1036 1854 hoc
1049 1845 1060 1865 ,
1103 1814 1213 1867 quod
1228 1816 1358 1853 animi
1381 1828 1528 1852 caussa
1546 1822 1583 1852 et
1610 1821 1696 1851 tam

961 1887 1120 1911 securas
1139 1880 1271 1910 canto.
1334 1873 1412 1911 Cic.
1432 1872 1527 1911 XIII
1546 1871 1601 1911 ad
1618 1870 1696 1910 At-

961 1931 1029 1970 tic.
1058 1932 1115 1972 28
1154 1938 1198 1968 ut
1223 1932 1354 1969 vivere
1390 1932 1526 1981 ipsum
1563 1937 1691 1981 turpe.

961 1988 1092 2027 Multo
1127 1994 1265 2027 tamen
1295 1987 1512 2040 simplicius
1549 1993 1591 2027 et
1619 2001 1695 2040 pa-

963 2053 1072 2087 store
1101 2045 1280 2098 dignius,
1320 2047 1455 2097 ipsum
1479 2059 1543 2083 me
1563 2046 1697 2084 ludere

960 2105 1155 2157 permisit.
1188 2103 1287 2142 Mox
1297 2103 1430 2142 ludere
1440 2103 1560 2142 animi
1579 2117 1696 2142 caus-

965 2177 1009 2201 sa
1044 2168 1219 2201 cantare.
1288 2161 1458 2212 Ludere,
1494 2161 1601 2200 enim
1646 2160 1696 2199 de

967 2220 1078 2260 omni
1113 2233 1158 2259 re
1185 2233 1269 2258 non
1294 2219 1408 2272 gravi
1439 2226 1480 2259 et
1515 2232 1695 2272 operosa,

969 2293 1015 2316 ac
1044 2278 1094 2317 de
1130 2277 1306 2316 carmine
1335 2277 1450 2317 tenui
1482 2278 1574 2316 infr.
1612 2277 1695 2316 Ecl.

965 2336 1040 2386 VI,
1077 2338 1096 2376 1
1131 2337 1273 2374 Prima
1293 2335 1501 2387 Syracosio
1522 2335 1697 2387 dignala

967 2402 1022 2432 est
1041 2393 1173 2433 ludere
1191 2407 1320 2432 versu.

1028 2453 1094 2492 11.
1149 2452 1248 2491 Non
1294 2450 1477 2503 equidem
1521 2450 1692 2489 invideo.

970 2505 1125 2550 Κοῦτοι
1142 2523 1182 2549 τι
1198 2507 1369 2560 φθονέω
1388 2507 1556 2547 Theocr.
1577 2507 1608 2557 I,
1629 2510 1697 2556 62,

968 2579 1069 2617 quae
1100 2567 1205 2605 sorte
1242 2566 1367 2605 verba
1403 2565 1500 2605 hinc
1539 2564 1699 2604 defendi

967 2630 1136 2676 possunt
1162 2629 1370 2675 tamquam
1395 2623 1554 2662 Maroni
1580 2623 1698 2662 lecta.

968 2683 1088 2719 miror
1099 2683 1235 2733 magis
1252 2695 1327 2734 pro
1345 2681 1521 2733 vulgari:
1540 2681 1612 2720 sed
1619 2695 1697 2734 po-

968 2739 1069 2788 tius,
1119 2736 1270 2792 (magis
1296 2739 1321 2778 i.
1349 2752 1386 2791 q.
1402 2741 1564 2790 potitos,
1598 2741 1695 2787 imo,

971 2798 1070 2834 Stat.
1081 2796 1206 2835 Theb.
1220 2796 1250 2846 I,
1273 2795 1367 2838 141.
1393 2795 1481 2851 Sp.)
1512 2810 1596 2835 non
1614 2802 1698 2834 tam

969 2852 1146 2903 invideo,
1158 2868 1279 2905 quam
1297 2855 1442 2893 miror:
1464 2853 1698 2906 usqueadeo

972 2912 1060 2948 telis
1072 2913 1183 2962 agris
1192 2911 1379 2951 turbatur.
1393 2910 1519 2966 (recte
1529 2911 1698 2965 Spohni-

973 2980 1039 3005 us:
1056 2969 1226 3008 turbant
1234 2970 1379 3010 milites
1395 2970 1528 3009 omnia
1537 2984 1548 3020 3
1567 2970 1699 3008 minus
