1734 3320
0 249 22 318 ξ
258 238 745 291 nizone—icon
780 237 922 311 1¹!ss-
958 237 1026 301 11,
1061 243 1356 291 300—301
1465 243 1567 292 447

13 317 21 336 a

0 322 19 413 i
46 369 249 418 Tantus
267 382 422 417 amor
440 374 641 427 terrae3
677 380 788 415 neu
807 361 956 433 ferro
973 363 1131 415 laede
1148 373 1332 415 retuso

115 455 232 502 301.
265 449 387 500 ΝΠ]

44 562 112 589 tur.
133 553 191 589 Sic
209 553 233 587 tl
245 552 537 600 eplantatur‚
556 551 652 597 quod
663 551 787 598 exigua
799 551 835 586 vi
852 551 1042 594 decutitur,
1068 551 1163 597 apud
1172 549 1263 585 Plin.
1272 551 1318 584 H.
1328 551 1374 585 N.
1385 551 1500 593 XVII,
1512 552 1568 586 16.

45 608 152 636 exta:
177 601 246 643 „Et
267 611 358 646 quae
374 599 508 634 cortice
533 598 692 632 nituntur
709 605 848 633 tantum
861 626 870 641 ,
904 599 979 632 vel
1013 598 1114 632 levi
1147 610 1259 632 aura
1294 597 1456 631 ocissime
1491 598 1569 631 de—

42 649 365 695 phnntanturf‘
390 653 427 680 et
443 659 499 692 ap.
520 646 654 679 Colum.
674 648 716 688 II,
743 648 779 688 2,
802 647 880 682 26.:
915 658 1027 688 „neve
1050 652 1110 679 aut
1129 657 1237 679 cornu
1257 646 1322 678 bos
1345 645 1390 678 ad
1409 644 1569 690 stipitem

43 694 283 731 vehementius
305 693 473 735 offendat,
498 699 559 726 aut
580 700 737 727 extremo
757 693 841 738 iugo
863 700 1025 727 truncum
1049 692 1241 726 delibet
1263 704 1467 737 ramumque
1491 691 1568 725 de—

77 743 269 776 lantet.“
315 742 439 786 Itaque
457 747 624 786 apparet,
661 741 884 787 deplancare
901 746 938 774 et
957 740 1172 787 defringere
1195 739 1246 773 sic
1263 739 1407 773 differre
1420 765 1429 780 ,
1463 745 1502 771 ut
1518 738 1569 771 il-

42 756 105 824 sud
122 788 316 830 leniorem,
360 788 431 821 hoc
456 787 563 834 paulo
590 787 839 821 violentiorem
866 787 997 821 surculi
1022 786 1170 833 petendi
1201 787 1344 820 modtun
1381 785 1567 831 significet.

43 837 116 870 Iam
135 846 221 870 vero
239 835 269 869 is
289 841 345 869 est
369 834 541 868 orationis
561 834 807 868 varronianae
824 834 940 875 color,
973 839 1013 867 ut
1038 833 1107 868 hoc
1137 833 1217 878 ipso
1251 833 1275 867 d
1287 834 1335 867 ef
1339 846 1357 867 r
1369 833 1445 878 ing
1458 845 1511 866 en
1523 833 1569 866 di

43 883 154 918 verbo
170 882 312 917 solitam
330 881 441 916 fuisse
461 893 537 915 eam
560 893 636 914 rem
656 881 835 927 designari
858 880 1057 927 suspiceris.
1106 882 1228 926 Itaque
1253 892 1325 914 non
1345 879 1569 926 vituperabi—

42 943 118 964 mus
137 929 346 975 Virgilium,
372 929 468 975 quod
492 928 650 962 defrin
661 941 684 974 g
696 929 802 962 endi
827 929 937 962 verbo
955 940 1037 961 usus
1061 934 1125 961 est.
1160 929 1253 961 Nam
1270 934 1332 961 aut
1350 939 1569 962 communem

42 976 214 1024 loquendi
227 977 371 1010 modum
390 982 529 1010 secutus
547 981 612 1018 est,
638 982 709 1019 aut,
733 975 763 1009 si
781 975 894 1009 minus
911 975 1058 1021 proprie
1076 974 1212 1009 locutus
1232 974 1422 1017 videbitur,
1447 974 1568 1021 potuit

42 1031 162 1058 tamen
190 1024 374 1058 commode
400 1023 439 1057 h.
463 1023 488 1057 l.
523 1023 846 1068 defringendi
878 1022 1024 1057 verbum
1051 1034 1241 1068 usurpare,
1286 1034 1390 1068 quum
1420 1033 1493 1056 non
1520 1022 1567 1056 de

41 1071 163 1115 modo,
182 1082 264 1117 quo,
288 1070 354 1104 sed
373 1070 418 1104 de
435 1069 531 1112 loco,
556 1070 650 1104 unde
666 1070 876 1104 auferendus
895 1069 942 1103 sit
959 1069 1128 1112 surculus,
1151 1068 1359 1116 praecipiat.
1394 1069 1566 1115 Denique,

43 1119 140 1165 quod
157 1130 296 1152 omnem
313 1117 513 1163 scrupulum
534 1129 577 1151 ex
599 1117 821 1150 dubitantum
840 1115 967 1151 animis
991 1116 1142 1159 eximet,
1178 1129 1282 1162 quum
1301 1128 1373 1150 non
1391 1117 1566 1159 iubeatur,

9 1165 13 1168 ⁴
43 1165 108 1199 sed
126 1171 272 1199 'vetetur
305 1164 456 1199 rustIcus
490 1163 587 1198 istud
614 1164 751 1198 facere:
795 1164 1071 1209 defringere
1103 1163 1303 1210 plantas
1346 1175 1366 1197 e
1399 1175 1567 1198 summa

43 1213 233 1247 arbore:
264 1211 355 1246 nihil
384 1211 572 1254 obstabat,
606 1211 790 1257 quominus
814 1223 858 1245 eo
879 1217 1040 1245 uteretur
1066 1211 1177 1245 verbo
1194 1217 1325 1256 poeta,
1361 1211 1458 1256 quod
1489 1223 1565 1244 rem

43 1259 186 1294 sinistre
211 1259 343 1294 factam
374 1258 561 1293 indicaret.
608 1259 731 1304 Itaque
761 1258 925 1292 revocavi
957 1256 1141 1304 defringe.
1182 1259 1239 1292 W
1233 1257 1279 1301 ν.)
1324 1258 1450 1304 platea·
1474 1257 1565 1292 Gud.

43 1306 205 1342 Tandem
220 1313 289 1341 aut
304 1318 445 1340 summa
462 1306 584 1339 Heins.
606 1312 692 1350 post
707 1305 860 1339 Pierium
882 1318 900 1339 e
917 1304 1084 1339 Mediceo
1095 1330 1106 1348 ‚
1131 1306 1290 1339 Romano
1313 1311 1349 1338 et
1370 1305 1447 1338 aliis
1468 1305 1566 1339 anti—

43 1353 226 1400 quioribus
238 1353 433 1399 praetulit3
458 1365 536 1387 cum
557 1352 690 1386 editum
709 1359 803 1386 esset
823 1361 891 1386 aut
910 1365 1089 1395 summas,
1114 1358 1153 1385 ut
1172 1351 1208 1385 in
1226 1363 1295 1385 uno
1312 1352 1418 1385 Mead
1439 1359 1475 1386 et
1492 1352 1565 1386 Erf.

41 1400 184 1446 legitur.
279 1401 348 1436 301
373 1401 460 1435 Non
484 1402 612 1434 Moret.
632 1400 677 1433 fr.
724 1400 784 1434 Ne
800 1399 937 1433 Bodlei.
986 1408 1140 1433 retunso
1159 1399 1325 1433 scribitur
1347 1398 1384 1432 in
1402 1399 1564 1433 Mediceo

44 1455 81 1483 et
98 1447 217 1482 multis
246 1447 353 1482 etiam
377 1447 560 1481 Pierianis.
606 1447 774 1480 laederet
801 1459 876 1480 uno
900 1447 1002 1481 Rom.
1051 1446 1199 1480 laedere
1221 1455 1307 1480 tuso
1337 1447 1466 1480 Moret.
1494 1459 1564 1481 sec.

44 1502 81 1529 et
106 1495 216 1530 Goth.
243 1507 336 1536 sem,
369 1501 407 1528 at
432 1496 520 1539 Reg.
548 1494 643 1540 apud
671 1493 812 1527 Martin.
838 1494 923 1527 Neu
942 1493 1054 1539 serto
1079 1493 1186 1527 laede
1215 1502 1382 1536 vetusto,
1419 1500 1455 1527 et
1477 1506 1564 1528 unus

42 1542 158 1576 Mead.
206 1542 295 1577 Neu·
305 1540 417 1589 serto
437 1542 519 1588 lege
539 1553 688 1582 recu-303
712 1541 941 1575 librariorum
957 1540 1125 1574 deliciae!

43 1625 94 1664 de
112 1624 303 1664 insitione
320 1625 535 1677 cogitabat.
593 1622 667 1678 (De
684 1630 774 1664 toto

42 1683 84 1723 h.
105 1683 133 1722 l.
160 1683 277 1722 aliter
306 1689 464 1733 statuo,
509 1696 632 1734 quam
651 1696 773 1735 supe-

41 1741 171 1781 riores
190 1741 447 1794 }nterpretes.
486 1741 575 1780 Duo
592 1740 660 1779 hic
669 1755 774 1793 pro-

41 1799 140 1853 poni
170 1805 408 1853 praecepta,
456 1805 546 1838 tum
581 1812 602 1837 e
628 1799 774 1851 partic.

45 1866 134 1906 aut,
165 1863 256 1896 tum
272 1871 294 1896 e
311 1857 486 1911 repetito
503 1870 595 1897 voc.
612 1871 774 1896 summa

40 1916 290 1968 intelligitur.
355 1915 487 1955 Arbor
511 1921 647 1954 autem
676 1914 717 1954 h.
746 1916 774 1955 l.

42 1987 171 2026 neque
199 1973 286 2027 ipsa
311 1980 373 2013 est
397 1974 514 2024 vitis3
529 1995 590 2004 —-
618 1973 775 2012 fallitur

42 2032 149 2071 enim
164 2032 347 2085 Heynius
357 2062 368 2082 ‚
399 2031 555 2071 arboris
573 2031 773 2071 vocabulo

41 2090 249 2137 interdum
269 2090 394 2130 vitem
414 2090 599 2128 denotari
610 2096 773 2142 putans,

42 2155 91 2187 ut
110 2162 233 2201 supra
250 2162 308 2188 vs.
322 2150 390 2191 89.
409 2149 508 2190 278.
519 2162 531 2198 3
561 2147 672 2199 quod
691 2161 773 2186 non

43 2207 159 2245 aliter
179 2206 247 2255 fit,
277 2219 400 2257 quam
422 2206 501 2254 ita,
531 2211 580 2244 ut
599 2219 690 2244 voc.
706 2220 775 2243 ar-

41 2265 136 2314 bor,
185 2270 381 2315 tanquam
422 2263 576 2315 generis
614 2276 775 2312 nomen,

41 2323 189 2371 vit-n,
223 2328 274 2361 ut
290 2321 474 2375 speciem,
502 2321 698 2370 includat,
725 2326 775 2360 ut

43 2395 105 2434 ap.
133 2380 278 2420 Horat.
309 2380 387 2419 od.
415 2379 445 2429 l,
469 2381 536 2429 18,
559 2382 617 2421 1.:
645 2379 775 2429 „Nul-

41 2440 151 2489 lam,
190 2439 316 2487 vare,
357 2451 470 2477 sacra
509 2438 624 2476 vite
658 2438 773 2490 prius

42 2497 192 2536 severis
230 2496 615 2546 arborem;“—
643 2508 776 2547 neque

44 2555 209 2594 arbor
250 2554 292 2594 h.
316 2554 343 2593 1.
381 2568 429 2593 ea
472 2553 552 2592 dici
596 2553 775 2603 videtur,

43 2626 153 2665 quae
178 2613 367 2652 maritata
393 2618 455 2651 est
480 2611 575 2661 viti,
606 2618 654 2651 ut
672 2612 778 2650 Vos-

49 2671 133 2709 sius
162 2671 386 2721 existimat5
426 2683 507 2722 qua
539 2670 583 2709 in
618 2670 777 2708 ratione

42 2729 178 2768 minus
213 2729 383 2768 fortasse
419 2727 644 2781 displicebit
674 2727 778 2767 illud

44 2799 263 2836 „summa
310 2799 362 2825 ex
400 2788 605 2836 arbore‚“
653 2800 775 2838 quam

43 2844 131 2896 ipsa
147 2844 367 2882 sententiae
388 2844 613 2884 obscuritas
633 2850 675 2882 et
687 2848 791 2883 ora-⁷

44 2902 104 2941 tio
140 2915 224 2940 non
259 2901 353 2940 satis
387 2902 577 2942 distincta
587 2932 598 2951 ‚
648 2916 775 2954 quum

45 2973 237 2999 summa
274 2960 493 3011 flagella
522 2966 564 2998 et
594 2960 680 3012 ipsa
696 2973 775 2999 vo-

45 3018 129 3057 cari
144 3018 313 3071 possint,
340 3030 442 3069 quae
462 3031 514 3056 ex
532 3030 687 3056 summa
705 3031 775 3056 ar-

831 1624 931 1663 bore
961 1629 1171 1676 petuntur.
1231 1624 1374 1675 Itaque
1392 1623 1445 1663 ad
1466 1624 1565 1664 sim-

831 1682 1036 1735 pliciorem
1059 1682 1366 1734 explicationem
1385 1682 1566 1722 redeun-

833 1741 932 1779 dum
951 1740 1129 1780 videtur.
1187 1740 1431 1792 Flagella
1464 1755 1565 1794 pro-

829 1799 939 1851 prie,
979 1805 1028 1837 ut
1056 1797 1098 1837 h.
1125 1798 1179 1846 l.,
1216 1798 1365 1838 vitium
1392 1799 1565 1838 extremi

830 1856 990 1896 ramuli.
1059 1855 1172 1905 Quid
1196 1856 1251 1895 sit
1271 1857 1453 1909 flagella
1485 1872 1565 1909 pe-

833 1922 911 1953 tere
925 1945 936 1964 ,
973 1927 1025 1953 ex
1052 1914 1182 1953 altera
1217 1915 1407 1954 versiculi
1447 1922 1565 1968 parte

833 1972 1109 2025 cognoscitur:
1136 1985 1220 2011 neu
1234 1973 1400 2025 flagella,
1417 1974 1564 2014 vitium

831 2037 933 2084 puta
950 2031 1072 2070 modo
1090 2037 1422 2082 memoratarum,
1451 2047 1564 2072 sum-

832 2103 898 2127 ma
919 2095 1033 2142 pete,
1064 2102 1167 2140 quae
1187 2089 1357 2141 plantes.
1397 2089 1564 2130 Arbor

830 2145 872 2185 h.
891 2147 919 2185 l.
938 2147 1103 2198 quaevis
1126 2147 1248 2185 arbor
1270 2147 1482 2199 frugifera3
1511 2162 1564 2188 ex

833 2218 880 2242 ea
918 2217 1101 2256 quoque,
1139 2210 1188 2243 ut
1216 2217 1238 2242 e
1262 2205 1369 2256 vite,
1417 2206 1561 2257 media,

831 2276 917 2301 non
936 2268 1131 2312 extrema,
1161 2263 1357 2315 petendas
1373 2264 1427 2303 ait
1442 2265 1563 2318 plan-

830 2326 904 2359 tas.
972 2321 1094 2359 Cuius
1139 2320 1486 2374 interpretationis
1528 2323 1562 2362 si

829 2378 1135 2431 locupletiorem
1161 2379 1335 2432 aliquem
1352 2387 1561 2420 auctorem

831 2437 1122 2490 circumspicis,
1169 2450 1218 2476 en
1252 2438 1328 2478 tibi
1364 2438 1560 2490 Plinium,

830 2494 912 2534 hoc
944 2495 1077 2548 ipsum
1110 2494 1263 2548 Virgilii
1301 2504 1562 2550 praeceptum

830 2553 1108 2605 respicientem
1147 2553 1197 2592 H.
1238 2554 1286 2593 N.
1316 2556 1452 2605 XVII,
1474 2554 1560 2597 14.:

833 2611 967 2662 „Oleis
988 2611 1093 2650 circa
1122 2612 1274 2651 medias
1293 2627 1455 2653 succus:
1484 2614 1561 2652 in-

835 2669 894 2708 de
924 2676 976 2708 et
1005 2670 1233 2709 surculi:
1277 2672 1486 2711 cacumina
1504 2672 1560 2710 si-

832 2728 1091 2767 tiunt.——---
1118 2727 1379 2781 Virgilius
1409 2743 1560 2768 exca—

833 2786 1034 2825 cumine
1058 2786 1226 2825 inseri
1254 2794 1418 2826 vetat.
1460 2788 1558 2826 Cer-

830 2850 1000 2896 tumque
1028 2850 1107 2894 est,
1138 2843 1188 2882 ab
1220 2843 1460 2885 humeris
1489 2858 1559 2882 ar-

830 2902 979 2941 borum
1003 2902 1199 2941 orientem
1239 2904 1436 2942 aestivum
1465 2915 1558 2954 spe-

833 2960 1037 2999 ctantibus
1082 2959 1264 2998 surculos
1313 2960 1557 3012 petendos.“

831 3017 911 3068 At,
950 3017 1126 3069 inquies,
1168 3017 1219 3055 de
1249 3018 1401 3056 vitibus
1432 3016 1555 3057 modo
