1768 3320
221 225 296 259 Lu
416 210 510 259 EX
547 209 786 259 PRAEF.
826 207 1000 258 TOM.
1031 207 1122 258 ΙΙΙ.
1159 206 1341 255 EDIT.
1378 204 1568 286 PRIM.

221 345 585 401 succurratur,
622 352 727 404 qua
751 342 1065 385 resecentur
1090 330 1293 383 inutilia
1312 341 1365 382 et
1393 349 1422 381 a
1447 332 1620 382 nostri
1644 337 1761 383 sae-

224 408 327 458 culi
367 406 516 458 cultu
551 424 610 457 ac
643 407 805 472 genio
843 405 1037 470 aliena,
1096 403 1411 453 adiiciantur
1452 411 1635 453 autem
1682 419 1761 469 ea,

224 495 363 546 quae
399 477 525 527 huic
554 477 853 527 litterarum
880 476 1007 539 luci,
1045 474 1170 524 huic
1202 473 1445 541 poetices
1475 482 1529 524 et
1564 474 1762 524 artium

225 548 561 616 expolitioni,
600 547 831 598 acumini
857 544 1235 613 philosophiae
1252 543 1493 594 melioris
1514 553 1568 594 et
1588 544 1761 595 histo—

223 620 333 669 riae
355 618 600 669 subtilius
621 626 893 680 tractatae,
929 616 1166 666 varietati
1194 623 1247 665 et
1268 615 1456 682 copiae
1480 615 1760 667 doctrinae

226 698 586 740 consentanea
617 690 749 751 sint3
791 688 892 737 nisi
927 687 1242 736 minuantur
1276 702 1446 753 porro
1469 695 1679 737 sumtus
1703 687 1759 737 in

224 770 306 810 tot
329 759 619 821 editioneS‚
659 776 787 827 quas
810 758 909 807 nisi
933 773 1126 807 omnes
1148 756 1216 806 ad
1236 773 1462 808 manum
1486 756 1759 823 habueriS,

224 847 411 898 sapere
446 846 559 880 non
588 830 742 892 licet,
793 830 959 896 inque
994 836 1206 877 tantum
1240 827 1508 879 librorum
1540 828 1758 879 auxilia-

223 902 365 951 rium
393 910 703 968 apparatum
721 898 978 960 faciendi;
1013 910 1343 950 revocentur
1360 916 1492 950 vero
1514 900 1759 950 virorum

226 972 512 1022 doctorum
547 971 718 1022 studia
753 969 821 1020 ad
856 978 1065 1019 certum
1101 986 1159 1020 ac
1185 969 1477 1021 definitum
1501 969 1675 1022 finem
1705 980 1759 1021 et

222 1059 405 1106 usum,
443 1043 940 1108 constituanturque
962 1041 1145 1090 onmia
1164 1041 1262 1106 sic,
1299 1050 1361 1092 ut
1382 1051 1435 1092 et
1450 1043 1514 1092 iis
1539 1042 1756 1111 capien-

225 1112 304 1163 dis
336 1130 433 1180 par
464 1112 530 1161 sit
560 1113 767 1162 animus
799 1121 852 1162 et
884 1128 1015 1162 vero
1046 1112 1208 1162 etiam
1240 1113 1433 1163 ceteris
1463 1112 1757 1180 disciplinis

221 1182 580 1251 percipiendis
598 1183 718 1232 satis
737 1191 884 1233 recte
905 1199 1093 1233 vacare
1112 1183 1303 1250 possit:
1333 1183 1484 1248 haec,
1514 1183 1755 1252 inquam,

223 1253 321 1303 nisi
347 1262 556 1304 mature
587 1253 998 1321 provideantur,
1045 1270 1244 1304 vereor
1271 1271 1341 1305 ne
1375 1255 1616 1310 stuffium
1647 1254 1755 1305 hoc

220 1339 528 1389 graecarum
567 1333 621 1374 et
657 1323 940 1374 latinarum
975 1324 1273 1375 litterarum
1307 1325 1483 1376 indies
1502 1326 1559 1376 in
1581 1326 1755 1376 maio-

219 1411 337 1445 rem
365 1403 699 1444 contemtum
732 1395 1030 1445 adducatur
1049 1413 1077 1445 a
1094 1397 1218 1446 viris
1242 1396 1621 1463 prudentibuS,
1658 1413 1755 1448 seu

221 1465 312 1532 qui
340 1465 438 1514 sibi
470 1465 767 1532 prudentes
800 1466 1080 1529 videntur,
1138 1467 1232 1535 qui
1278 1468 1466 1518 omnia
1508 1467 1575 1518 ad
1614 1468 1753 1518 vitae

220 1552 377 1585 usum
406 1534 613 1586 referre
643 1536 857 1602 volunt,
893 1554 996 1587 nec
1025 1537 1238 1602 litteris,
1287 1538 1389 1589 nisi
1416 1556 1478 1590 ex
1513 1538 1753 1589 utilitatis

217 1622 422 1669 messe,
462 1623 599 1673 quae
630 1624 754 1657 cum
777 1608 890 1674 ipsa
926 1609 1131 1659 satione
1157 1610 1336 1659 statim
1361 1611 1649 1660 coniuncta
1670 1611 1752 1674 sit,

218 1677 454 1743 pretium
485 1686 733 1729 statuunt.
805 1682 886 1730 Ne
923 1678 1054 1729 illud
1099 1696 1246 1730 nunc
1289 1698 1584 1746 moneam,
1642 1680 1752 1732 hoc

219 1755 405 1796 nostro
430 1746 631 1812 vulgari
658 1747 751 1798 has
774 1748 973 1799 litteras
993 1750 1254 1801 tractandi
1273 1769 1431 1803 more
1449 1751 1751 1803 videndum

221 1833 360 1881 esse,
394 1833 465 1867 ne
490 1818 545 1866 in
569 1835 687 1868 eam
706 1819 916 1870 molem
941 1837 1033 1871 eae
1058 1832 1388 1888 excrescant,
1428 1824 1512 1875 cui
1531 1839 1751 1874 versan-

221 1886 321 1936 dae
342 1904 400 1937 ac
418 1887 715 1940 volvendae
738 1890 1006 1942 humanae
1029 1893 1168 1943 vires
1184 1894 1266 1943 viX
1288 1895 1394 1944 sint
1414 1911 1584 1962 pareS.
1624 1897 1748 1958 Quo

219 1957 334 2024 ipso
361 1956 505 2008 effici
536 1975 754 2010 necesse
790 1970 895 2026 est,
941 1971 1002 2012 ut
1030 1964 1085 2012 in
1114 1966 1364 2015 extremis
1387 1974 1601 2017 tantum
1625 1965 1768 2028 oris,-

220 2036 308 2076 aut
334 2028 385 2076 in
421 2028 705 2095 superficie
735 2031 993 2082 haereant
1021 2034 1292 2103 plerique,
1331 2046 1422 2087 aut
1442 2036 1511 2087 ad
1529 2053 1749 2087 merum

219 2096 395 2147 lusum
436 2100 599 2150 totius
645 2102 805 2151 studii
856 2105 1196 2156 severitatem
1237 2117 1514 2160 revocent.
1596 2110 1748 2171 Quae

219 2169 401 2218 omnia
443 2171 558 2237 quis
587 2188 700 2221 non
742 2173 1000 2240 intelligat
1030 2192 1095 2225 eo
1126 2194 1246 2228 rem
1282 2196 1398 2229 esse
1433 2177 1748 2242 adductura,

216 2246 277 2286 ut
296 2237 403 2288 hoc
426 2238 720 2292 litterarum
742 2242 1103 2296 humanarum
1119 2249 1360 2300 studium
1381 2267 1409 2300 a
1424 2250 1608 2317 paucis
1624 2249 1748 2300 ido-

216 2309 331 2357 neis
364 2310 486 2359 viris
523 2312 819 2378 excultum,
866 2316 1003 2366 intra
1035 2318 1201 2370 breve
1230 2329 1449 2388 tempus
1481 2320 1619 2371 adeo
1646 2337 1768 2379 ne-,

214 2377 451 2442 glectum
474 2398 532 2430 ac
557 2382 872 2434 derelictum
894 2387 1080 2452 iaceat,
1117 2399 1179 2439 ut
1201 2390 1458 2442 deficiant
1478 2408 1592 2442 non
1620 2387 1768 2451 mo-‘fi

217 2448 314 2513 do,
354 2450 445 2517 qui
469 2454 752 2511 Gronoyiis
791 2456 874 2505 vel
906 2459 1135 2509 Heinsiis
1156 2461 1358 2513 similes
1383 2463 1515 2526 sint,
1551 2479 1746 2513 verum

216 2518 376 2568 etiam
406 2521 440 2569 ii
475 2522 596 2588 ipsi,
636 2526 727 2591 qui
763 2524 949 2577 litteris
978 2528 1059 2578 his
1102 2533 1294 2598 puerili
1330 2533 1606 2602 disciplina
1637 2542 1744 2583 tra-

215 2587 407 2639 dendis
430 2593 550 2641 satis
579 2593 762 2645 idonei
794 2595 1106 2653 habeantur.
1182 2605 1457 2672 Scriptum
1487 2605 1542 2655 in
1569 2606 1743 2655 Geor-

212 2659 294 2724 gia
317 2663 549 2726 Augusta
586 2680 688 2717 XXX.
709 2668 860 2718 Mart.
883 2684 1229 2726 clmochXXv.
