1734 3320
287 182 780 269 GEo'RGlcoN
812 218 1065 282 mum,
1093 222 1391 276 151—162
1495 227 1596 278 531

71 347 142 396 Et
161 361 300 412 quos
317 353 408 394 aut
422 345 609 412 pecori
629 343 819 393 malint
841 344 1159 396 submittere
1183 346 1459 416 habendO,

2 442 3 445 ¹
72 418 181 466 Aut
201 412 303 465 aris
326 429 537 464 servare
563 430 765 478 sacrm,
804 423 893 464 aut
913 415 1160 466 scindere
1179 425 1380 468 terram

0 537 1 541 ,
71 486 141 536 Et
162 500 414 552 campum
434 483 756 535 horrentem
778 482 956 535 fractis
975 485 1244 537 invertere
1265 487 1458 553 glebi53

30 575 36 578 ·
74 557 266 607 Cetera
287 564 582 622 pascuntur
599 554 782 605 viridis
807 564 1047 606 armenta
1068 574 1169 624 per
1188 557 1395 612 herbas.

146 650 259 701 159.
293 649 374 698 ΕΤ
387 688 402 713 ,

120 765 194 802 159
216 765 379 800 Turbata
398 765 516 800 oratio
545 765 583 800 in
602 766 752 811 copula:
788 770 839 802 Et
856 779 928 802 nou
946 767 1057 803 habet
1074 767 1243 810 alterum,
1267 769 1364 814 quod
1389 769 1422 803 ei
1447 782 1600 816 respon—

1499 427 1599 474 160

7 841 11 844 .
71 811 179 853 deat3
210 824 284 847 non
307 815 401 847 enim
418 813 504 847 satis
526 821 582 847 est
598 813 740 857 dicere,
773 827 850 849 esse
871 815 1052 849 ordinem:
1086 823 1187 849 notas
1205 816 1368 850 inurunt:
1402 826 1441 851 et
1458 818 1601 852 nomina

69 859 189 904 gentis
202 885 213 902 ,
247 868 285 894 et
304 872 393 906 quos
415 867 488 894 aut.
507 867 579 894 aut.
600 868 671 894 aut.
707 860 862 907 (dixerat
882 862 1043 896 Vossius.
1074 865 1130 898 W
1125 862 1171 907 r.)
1219 863 1418 898 Difficultas
1438 872 1601 898 versatur

0 925 2 931 ι
68 906 108 940 in
125 905 338 960 hoc‚·qnod
354 908 406 941 ita
424 914 520 941 esset
547 909 783 953 supplendum
804 918 840 943 et
865 911 1025 943 inurunt
1050 921 1133 950 eos,
1167 909 1316 953 vitulos,
1341 924 1443 957 quos.
1492 912 1600 958 Atqui

70 953 195 988 rustici
217 963 379 988 mutant
405 963 518 989 notas
543 956 695 997 vitulis,
728 967 801 990 non
819 963 935 990 autem
954 957 1096 990 inurunt
1128 957 1278 991 vitulos.
1326 961 1396 991 Aut
1419 957 1526 1003 igitur
1541 959 1601 993 di-

71 1001 221 1035 cendum
237 1007 312 1043 est,
337 1001 433 1047 quod
448 1001 486 1035 in
510 1008 597 1035 nota
622 1002 750 1047 posui,
784 1010 846 1036 aut
868 1004 1065 1037 accuratius
1092 1003 1236 1037 deloco
1267 1010 1322 1037 est
1353 1006 1600 1051 quaerendum.

68 1048 121 1083 Ex
149 1047 382 1093 coniecturis,
415 1061 502 1095 quas
529 1048 614 1082 olim
646 1050 854 1091 attuleram,
891 1051 989 1084 nulla
1014 1063 1105 1085 nunc
1137 1050 1267 1095 placet.
1309 1052 1599 1096 (Wunderlich.:

69 1097 144 1138 „Et
160 1106 229 1140 pro
246 1103 286 1128 ee
304 1095 449 1142 quidem
467 1095 681 1130 declarando
703 1097 889 1131 inservit.“
922 1098 1082 1132 Iahnius:
1105 1097 1393 1143 „simplicissima
1412 1099 1503 1133 ratio
1522 1113 1600 1135 esse

68 1141 230 1184 videtur,
263 1148 304 1175 nt
333 1142 378 1176 ad
406 1154 482 1176 voc.
512 1146 564 1176 Et
576 1155 630 1177 ‘ex
657 1144 888 1188 praecedenti
918 1157 1022 1178 versu
1050 1145 1148 1178 verb.
1180 1147 1337 1193 signant
1357 1146 1599 1193 suppleatur.“

68 1189 148 1223 Hoc
168 1187 313 1231 durum,
348 1197 533 1237 utu-umque
556 1190 773 1235 languidum.
821 1191 912 1225 Mihi
940 1192 991 1226 sic
1012 1192 1171 1226 videtur:
1196 1199 1307 1237 poeta
1322 1205 1426 1239 quum
1450 1194 1520 1228 hoc
1539 1195 1600 1228 di-

69 1241 191 1270 cturus
210 1242 322 1270 esset:
348 1244 385 1270 et
413 1250 506 1283 quos
533 1238 667 1272 malint
696 1237 926 1281 submittere,
952 1248 989 1273 et
1007 1252 1100 1286 quos
1118 1241 1197 1273 aris
1215 1252 1369 1273 servate
1387 1247 1455 1275 etc.
1480 1241 1600 1276 statim

69 1281 193 1325 aliam,
217 1282 482 1326 disiunctivam,
516 1284 638 1318 intulit
657 1285 889 1331 particulam,
921 1295 1010 1328 aut,
1036 1286 1134 1332 quasi
1160 1286 1291 1320 oblitus
1310 1288 1511 1333 praegressi
1530 1292 1599 1330 Εἰς

67 1329 153 1365 hinc
174 1341 310 1364 comma
329 1337 415 1376 post
431 1334 482 1364 Et
503 1331 640 1366 sustuli.
688 1333 793 1379 Apud
822 1333 978 1367 Nonium
1008 1346 1042 1367 v.
1070 1334 1293 1367 latrocinari
1315 1333 1448 1379 legitur
1473 1336 1599 1381 fragm.

67 1376 190 1412 Ennii:
237 1376 519 1425 „fortunasque
550 1391 646 1432 quas
676 1393 829 1427 coepere
854 1381 1023 1414 latrones
1049 1382 1157 1414 Inter
1189 1393 1230 1414 se
1258 1386 1494 1416 memorare.“
1541 1383 1601 1418 Sic

69 1424 157 1459 odit.
174 1425 337 1467 Meroen,
362 1426 427 1458 sed
447 1425 486 1458 in
509 1426 596 1459 ed1t.
616 1427 791 1472 Fragmm.
809 1428 912 1460 Ennii
931 1427 1069 1461 Hessel.
1094 1439 1174 1473 pag.
1200 1427 1279 1463 131.
1312 1427 1522 1474 „fortunas
1538 1443 1600 1463 ec-

68 1474 214 1519 quas;“
256 1478 446 1518 praeterea
475 1472 533 1506 vix
564 1480 687 1518 potest
713 1474 890 1517 dubitari,
926 1475 1010 1520 quin
1039 1487 1189 1521 cepere,
1221 1486 1291 1508 non
1312 1487 1483 1522 coepere,
1508 1477 1600 1511 scri-

68 1518 185 1565 pserit
201 1518 344 1553 Ennius.
383 1520 455 1553 Iam
472 1519 503 1553 si
520 1520 675 1565 genuina
698 1528 755 1554 est
771 1521 880 1555 lectio
895 1521 1083 1568 fortuna-5
1099 1534 1245 1567 ecquos,
1265 1522 1379 1555 videri
1395 1530 1517 1567 potest
1537 1537 1600 1557 eo—

68 1577 164 1613 quas
185 1567 322 1601 Graeco
343 1560 392 1607 ἃς
411 1562 463 1600 ἄν
480 1568 712 1612 respondere.
763 1569 890 1610 Unde,
914 1569 973 1614 qui
990 1568 1158 1602 audacior
1180 1581 1258 1602 esse
1278 1569 1386 1611 velit,
1421 1571 1599 1612 coniiciat,

67 1612 164 1659 apud
184 1614 370 1647 Maronem
386 1613 575 1659 legendum
600 1627 695 1649 esse:
729 1619 875 1662 Ecquos
893 1625 961 1649 aut
976 1617 1107 1662 pecori
1114 1629 1123 1655 ς
1156 1615 1253 1649 cuius
1273 1617 1408 1650 socium
1431 1618 1599 1652 audaciae

67 1659 204 1694 habeat
220 1660 403 1694 Barthium
418 1661 464 1695 ad
482 1664 571 1695 Stat.
591 1662 676 1696 Silv.
692 1664 718 1704 Ι,
743 1664 778 1705 3,
802 1664 835 1698 2.
885 1662 956 1697 Sed
975 1670 1028 1696 est
1048 1662 1154 1696 etiam
1173 1662 1243 1696 alia
1264 1664 1379 1706 ratio,
1405 1676 1473 1710 qua
1493 1672 1600 1699 tuea-

67 1706 119 1742 ris
135 1720 288 1753 ecqum,
313 1714 353 1742 ut
373 1720 415 1742 ea
433 1708 482 1742 sit
499 1709 696 1743 sententia:
721 1710 864 1743 inurunt
883 1716 1007 1751 notas,
1024 1722 1080 1743 sc.
1108 1709 1490 1755 investiganteS,
1527 1724 1599 1746 ec-

69 1754 149 1803 qui
171 1754 263 1798 sint,
288 1766 376 1801 quos
395 1755 520 1789 malint
537 1763 628 1797 etc-3
663 1758 707 1790 cf.
735 1759 822 1791 Not.
845 1757 890 1790 ad
910 1757 983 1790 Ecl.
1010 1758 1067 1798 111,
1091 1755 1150 1792 41.
1196 1757 1297 1791 Hanc
1321 1765 1357 1791 et
1376 1759 1600 1794 emendatio—

67 1813 148 1835 nem
168 1808 205 1835 et
222 1801 494 1848 explicationem
539 1804 668 1837 ceteris
692 1804 964 1849 praeferendam
991 1810 1090 1849 puto.
1138 1805 1276 1849 Ecquis
1296 1811 1332 1837 et
1351 1813 1389 1838 et
1414 1807 1497 1851 quis
1515 1819 1600 1840 sex—

68 1848 203 1883 centies
230 1849 397 1891 conflisa,
432 1856 472 1883 ut
499 1849 639 1895 inipso
659 1851 787 1885 Medic.
816 1854 903 1884 Aen.
930 1853 999 1892 ΙΙΙ,
1023 1850 1105 1887 341.
1131 1859 1244 1896 etqua
1267 1863 1334 1897 pro
1355 1864 1396 1886 ec
1421 1865 1492 1893 ηας
1526 1853 1598 1887 vid.

67 1896 165 1930 cort.
194 1897 241 1930 ud
263 1897 350 1931 Luc.
372 1898 445 1939 IV,
470 1898 551 1933 542.
599 1899 646 1931 Et
667 1901 791 1945 ecquis
817 1898 854 1931 in
884 1898 1058 1932 indirecta
1086 1897 1370 1942 interrogatione
1408 1900 1523 1944 egitur
1541 1913 1598 1946 ap.

66 1942 140 1977 Gic.
172 1945 279 1978 Tusc.
309 1945 372 1986 IV,
395 1945 455 1987 23,
479 1945 536 1980 52.
567 1945 663 1989 Wr.)
712 1947 859 1979 malunt
877 1947 1005 1979 Moret.
1027 1957 1083 1989 pr.
1114 1957 1200 1978 unus
1219 1946 1336 1980 Mead.
1385 1947 1489 1981 malit
1508 1949 1599 1982 Ven-

69 1996 106 2024 et
137 1990 229 2024 alter
253 1991 373 2025 Mead.
491 1993 560 2026 160
602 2005 731 2027 sacres·
763 2004 884 2026 omnes
916 1992 1059 2026 vetusti.
1115 1993 1234 2025 sacris
1259 1992 1376 2037 vulgg.
1408 1994 1490 2028 edd.
1518 2002 1600 2028 ante

67 2037 191 2071 Heius.
211 2050 290 2072 cum
306 2038 483 2071 nonnullis
503 2039 607 2072 codd.
705 2041 775 2075 162
805 2047 1016 2086 pascantur
1037 2039 1143 2072 voss.
1164 2050 1220 2083 pr.
1245 2039 1347 2072 Leid.
1364 2052 1419 2085 pr.
1468 2042 1600 2086 Iunge-

66 2084 198 2118 bantnr
214 2084 253 2118 in
283 2084 364 2118 edd.
391 2085 609 2119 sententiae:
636 2106 681 2111 —
714 2088 902 2119 invertere
921 2084 1056 2131 glebis3
1098 2088 1227 2118 Cetera
1240 2095 1451 2132 pascuntur
1469 2089 1601 2122 viridis

69 2140 327 2178 amentaffler
347 2131 492 2166 herbas.
540 2132 607 2166 Hic
630 2140 746 2166 autem
766 2132 965 2178 quaeritur,
990 2132 1133 2177 quinam
1159 2131 1213 2164 illi
1240 2132 1311 2165 sint
1330 2140 1389 2166 aut
1409 2145 1486 2167 esse
1508 2147 1599 2180 pos-

69 2179 141 2212 sint
154 2178 277 2220 vituli,
302 2185 446 2223 praeter
463 2179 533 2213 tria
550 2192 683 2224 genera
700 2180 771 2213 iam
789 2186 995 2212 memorata.
1043 2180 1135 2211 Nam
1149 2178 1253 2211 vituli
1268 2186 1329 2212 aut
1349 2180 1487 2214 feturae
1498 2207 1507 2223 ,
1538 2189 1599 2215 aut

67 2225 165 2260 lanio
189 2226 235 2259 ad
255 2225 405 2259 cultrum
420 2226 477 2260 vel
495 2227 540 2259 ad
557 2239 672 2268 aram,
698 2234 759 2260 aut
776 2222 929 2260 arationi
951 2226 1196 2259 destinantur:
1221 2237 1294 2259 non
1321 2235 1483 2281 apparet,
1509 2241 1598 2274 quae

69 2273 142 2306 sint
157 2281 293 2306 cetera.
342 2272 596 2307 Difficultatem
617 2274 686 2307 iam
705 2281 864 2307 senserat
883 2273 1007 2314 Cerda,
1033 2279 1109 2305 tum
1131 2273 1294 2318 Martyn,
1319 2286 1380 2319 qui
1406 2274 1458 2308 ita
1479 2283 1598 2310 sustu—

68 2319 132 2363 lit,
167 2327 206 2354 ut
218 2331 357 2354 versum
387 2321 456 2356 162
481 2323 611 2354 Cetera
623 2330 834 2368 pascuntur
860 2340 906 2345 —
934 2332 1012 2354 cum
1030 2331 1128 2365 seqq.
1154 2320 1403 2366 coniungeret;
1444 2330 1483 2356 ut
1499 2323 1598 2356 locus

858 2422 1024 2468 torpere
1059 2415 1213 2455 vident.
1256 2416 1340 2455 vid.
1369 2416 1421 2455 ad
1452 2430 1493 2455 v.
1529 2420 1597 2459 73.

859 2474 1043 2513 habendo
1056 2490 1068 2512 :
1101 2479 1243 2523 ornat,
1274 2474 1386 2526 quod
1410 2474 1596 2526 habetur,

67 2422 179 2466 tero,
214 2415 327 2468 quod
352 2416 535 2468 sequitur
562 2423 604 2455 et
637 2416 688 2455 de
717 2417 803 2455 eius

67 2475 262 2514 iunctura
286 2477 449 2513 inurunt
474 2483 592 2513 notas
620 2484 657 2513 et
683 2489 798 2527 quo-3.

70 2533 231 2572 Scilicet
260 2533 390 2571 altero
420 2533 510 2571 loco
533 2533 802 2585 supplendum

70 2597 150 2631 est:
187 2596 229 2629 et
252 2591 427 2633 inurunt
455 2597 575 2630 notas
597 2593 670 2640 iis,
705 2606 804 2644 quos

70 2649 240 2697 malint,
281 2648 324 2688 h.
344 2662 377 2688 e.
397 2645 531 2699 notas,
563 2649 709 2700 quibus
730 2650 805 2688 de-

0 2718 11 2722 *
71 2706 230 2758 signent
252 2719 340 2756 eos,
371 2721 472 2759 quos
499 2708 642 2746 malint
664 2717 807 2746 aut—-

70 2773 156 2803 aut.
215 2761 372 2817 (Notas
390 2768 553 2804 inm-unt
568 2796 579 2814 ,
613 2780 711 2818 quos
730 2780 806 2820 pro

70 2829 238 2869 notant,
268 2836 393 2873 qu0s;
434 2823 476 2861 in
507 2837 587 2874 quo
619 2838 702 2862 non
734 2830 806 2873 est,

71 2879 185 2931 quod
220 2877 408 2930 haereas;
456 2881 527 2918 sed
562 2881 647 2920 vid.
684 2882 731 2921 V.
762 2883 805 2920 L.

76 2935 197 2991 Wr.)
263 2937 358 2979 159.
398 2937 621 2976 submittere
659 2939 705 2977 in
740 2939 807 2977 lo—

74 3008 167 3034 cum
196 2996 357 3044 eorum,
408 3007 510 3046 quos
548 2995 601 3033 ad
631 2997 807 3036 feturam

861 2533 996 2571 alitur.
1026 2538 1075 2571 ut
1097 2533 1167 2571 Ge.
1195 2532 1227 2581 1,
1249 2535 1288 2574 3.
1346 2532 1413 2571 Ad
1432 2540 1597 2572 senten-

862 2591 962 2629 tiam
991 2591 1096 2629 cons.
1124 2589 1279 2629 Colum.
1302 2589 1387 2641 VH,
1405 2593 1445 2640 9,
1471 2595 1524 2633 12
1546 2591 1597 2630 de

864 2649 1015 2688 suibus.
1070 2651 1155 2687 aris
1194 2663 1363 2686 servare
1389 2648 1596 2687 decentius

864 2714 953 2746 erat
969 2737 980 2757 ,
1011 2720 1132 2759 quam
1148 2706 1256 2745 lanio
1273 2707 1449 2745 tradere.
1502 2709 1596 2748 161.

863 2780 1060 2816 campum
1087 2765 1331 2814 horrentem,
1361 2764 1596 2816 simpliciter

865 2824 1078 2871 novalem,
1117 2837 1193 2876 pro
1224 2835 1464 2873 quocunque
1501 2835 1596 2873 agro

863 2882 998 2934 glebas
1023 2881 1147 2920 duras
1167 2887 1208 2919 et
1228 2893 1387 2931 asperas
1409 2878 1596 2917 habente.

867 2942 964 2981 162.
1013 2939 1151 2977 Cetera
1195 2945 1376 2975 armenta
1389 2966 1401 2985 ,
1449 2936 1597 2988 reliqui

864 2996 1029 3048 quidem
1043 3009 1181 3035 omnes
1193 2993 1314 3033 vituli
1331 2993 1374 3032 in
1393 2994 1597 3033 communi

1204 3063 1311 3108 34*
