1768 3320
214 215 319 264 302

537 210 593 260 P.
640 210 1002 262 VIRGILII
1043 199 1421 263 MARONIS

211 341 281 389 Et
302 339 417 406 qui,
454 338 718 406 proscisso
742 354 880 406 quae
901 338 1114 397 suscitat
1134 355 1373 407 aequore
1394 348 1558 404 terga,

211 412 417 461 Rursus
437 409 492 459 in
516 408 802 476 obliquum
817 425 974 458 verso
995 410 1300 476 perrumpit
1321 418 1511 474 aratro,

211 482 547 547 Exercetque
566 478 826 547 frequens
844 478 1100 530 tellurem
1112 521 1125 544 ‚
1164 489 1324 547 atque
1346 481 1576 547 imperat
1594 479 1741 532 arvis,

282 549 519 600 Humida
541 549 763 600 solstitia
787 558 948 616 atque
969 549 1180 600 hiemes
1201 559 1350 600 orate
1371 566 1602 615 serenaS‚
1641 555 1742 602 100

213 620 516 687 Agricolae3
553 620 787 671 hiberno
811 619 1096 670 laetissima
1116 619 1342 688 pulvere
1361 618 1518 686 farra,

260 741 307 776 97
329 740 482 773 suscitet
500 740 627 772 Moret.
650 750 705 784 pr.
740 738 804 784 qui
822 739 980 771 suscitat
999 737 1090 771 Gud.

1175 739 1223 774 98
1251 736 1431 784 obliquom
1452 738 1583 772 Medic.
1603 745 1638 772 et
1651 738 1742 772 Gud.

207 785 420 835 prorumpit
434 786 534 820 multi
550 785 676 831 scripti
697 792 732 818 et
750 784 867 818 excusi
884 797 941 830 ap.
962 784 1053 818 Pier.
1073 791 1110 818 et
1126 785 1250 819 Heins.
1260 811 1270 827 ‚
1293 785 1344 819 sic
1365 793 1400 819 et
1417 785 1522 819 Aldd.
1540 796 1595 831 pr.
1619 793 1654 820 et
1672 798 1743 820 sec.

207 837 384 883 perrupit
401 835 507 868 Voss.
526 845 581 879 pr.
602 839 639 866 et
655 832 793 866 Bodlei.
803 845 858 878 ap.
874 831 1033 886 Martia..
1046 840 1271 879 perrumpat
1288 832 1451 867 Cantabr.
1469 832 1557 867 ibid.
1590 834 1631 867 in
1648 832 1743 868 obli-

158 899 159 902 *
213 886 291 916 tum
310 883 401 916 Ven.
438 889 569 915 arator
588 879 699 914 Goth.
726 891 781 924 pr.

865 880 912 916 99
938 891 1052 913 armzs
1071 879 1209 914 Bodlei.

1292 882 1362 916 100
1388 888 1514 935 optate
1534 881 1664 914 Moret.
1685 892 1743 926 qu.

213 942 234 963 a
253 942 298 963 m.
321 941 390 962 sec.
408 928 577 961 Arundel.
599 939 657 972 ap.
682 926 826 960 Martin.
854 926 940 960 edit.
965 927 1017 960 La
1041 926 1172 968 Cerda,
1210 933 1247 961 et
1272 926 1325 960 ita
1344 927 1474 972 legisse
1493 927 1635 961 videtur
1652 927 1742 961 Plin.

212 977 328 1018 XVII,
347 977 382 1017 Ξ,
410 975 479 1008 nisi
499 974 618 1020 potius
647 986 689 1007 ex
713 973 1012 1019 interpretatione
1032 973 1142 1018 dixit,
1178 982 1216 1009 ut
1236 974 1341 1008 etiam
1363 987 1385 1009 a
1411 974 1535 1010 Servio
1556 975 1688 1009 factum
1705 974 1743 1008 in

212 1025 310 1058 Nota
329 1023 375 1057 ad
395 1022 431 1056 h.
451 1022 475 1056 1.
524 1020 676 1066 Recepit
693 1027 813 1055 tamen
833 1021 978 1057 Wakef.

214 1130 320 1169 conf.
338 1134 552 1182 praecepta
574 1142 636 1182 ap.
658 1129 813 1168 Colum.
840 1128 890 1179 H,
908 1131 950 1179 2,

212 1189 282 1231 25.
300 1188 401 1227 Plin.
431 1188 577 1237 XVIII,
607 1186 676 1237 49,
698 1190 765 1239 18,
786 1202 816 1226 S.
832 1186 902 1238 49,
922 1190 950 1229 2

213 1253 255 1285 et
289 1247 497 1299 disputata
521 1260 544 1284 a
572 1245 750 1284 Dickson
781 1246 826 1284 T.
852 1245 883 1295 I,
910 1259 950 1298 p.

213 1304 372 1347 434—
390 1303 470 1347 491
497 1318 554 1356 sq.
582 1304 629 1343 T.
656 1304 716 1354 Π,
744 1318 784 1357 p.
816 1301 871 1347 54
891 1316 950 1355 sq.

163 1386 170 1392 ·
212 1363 512 1415 Frequentibus
552 1368 689 1401 autem
728 1361 793 1402 his
830 1362 950 1400 sulcis

211 1421 424 1475 perficitur
443 1421 611 1460 tandem
632 1420 724 1470 hoe,
747 1420 859 1473 quod
873 1420 948 1458 de-

212 1494 326 1519 mum
346 1488 448 1518 recte
476 1479 689 1517 subactum
716 1494 798 1517 esse
819 1479 946 1529 aiunt,

213 1547 258 1577 ut
280 1553 360 1577 non
389 1538 664 1590 intelligatur,
708 1546 795 1576 utro
815 1552 952 1577 vomer

213 1599 302 1635 ierit
316 1627 326 1646 ,
360 1596 444 1635 vid.
466 1596 566 1635 Plin.
585 1595 683 1635 ibid.
704 1594 774 1646 49,
798 1598 825 1638 2
841 1602 948 1635 extr.

214 1656 319 1694 cons.
335 1655 490 1693 Colum.
511 1654 559 1704 II,
579 1653 619 1704 4,
640 1657 676 1695 1.
707 1662 822 1706 terga
840 1669 950 1692 reso-

213 1714 302 1752 luta
326 1727 419 1765 agro
439 1713 587 1751 tribuit
602 1712 656 1751 id.
674 1713 728 1762 X,
753 1716 792 1754 7.
841 1712 952 1751 Idem

211 1771 395 1811 imitatus
414 1777 475 1809 est
492 1770 605 1809 hunc
622 1771 758 1809 locum
773 1770 877 1810 libro
896 1771 950 1820 X,

212 1844 294 1869 VSS.
308 1832 423 1871 91—-
433 1832 501 1871 93.
553 1832 620 1871 99.
640 1829 950 1881 Exercetquefr.

212 1893 380 1938 tractat,
398 1893 548 1927 versat.
579 1887 733 1925 Colum.
756 1887 823 1937 IV,
844 1886 950 1937 14,2

215 1946 266 1985 de
298 1946 471 1985 fossione
495 1946 657 1985 vineae:
695 1960 795 1983 nam
813 1947 950 1998 utique

202 2004 440 2057 frequenter
456 2005 589 2042 solum
605 2003 868 2042 exercendam
881 2012 949 2043 est.

212 2063 287 2102 Ins.
316 2062 372 2113 II,
395 2062 479 2105 356
509 2070 583 2100 aut
603 2077 744 2114 presso
775 2076 950 2100 exercere

212 2122 345 2159 solum
379 2120 451 2158 sub
485 2135 654 2160 vomere.
725 2121 822 2159 Post
847 2119 951 2159 haec

212 2178 328 2229 illud,
346 2187 467 2231 atque
483 2180 655 2231 imperat
669 2181 791 2230 arvis,
805 2193 951 2231 quam-

214 2251 336 2290 quam
364 2238 564 2289 eleganter
596 2237 773 2287 dictum,
811 2238 950 2290 paullo

215 2296 379 2335 otiosius
422 2296 602 2348 positum
635 2295 770 2335 videri
803 2302 950 2350 potest.

214 2354 295 2393 Sed
312 2353 436 2392 habet
453 2351 496 2394 τὸ
513 2357 710 2405 imperare
728 2354 812 2394 vim
832 2368 950 2393 coer-

215 2412 393 2462 citionis,
427 2413 658 2451 acerbitatis
689 2419 730 2451 et
750 2413 949 2465 iniquita-

213 2471 291 2510 tis:
328 2470 434 2522 cogit
460 2470 574 2522 quasi
598 2470 666 2509 ille
694 2485 854 2523 agrum,
901 2477 949 2511 ut

214 2529 267 2568 sit
293 2528 502 2567 secundus.
563 2529 628 2567 Sic
656 2532 856 2581 imperant
882 2532 949 2569 vi—

214 2587 319 2626 tibus
344 2601 405 2640 ap.
429 2586 583 2626 Colum.
604 2587 669 2637 III,
691 2590 730 2637 3,
756 2591 794 2630 6.
811 2590 949 2627 Senec.

215 2645 266 2684 de
293 2645 516 2696 Tranquill.
542 2659 605 2684 an.
634 2659 667 2684 e.
695 2644 749 2687 14
791 2647 951 2685 Danda

214 2712 273 2742 est
291 2705 472 2742 remissio
504 2705 655 2742 animis
669 2726 726 2732 —
760 2705 815 2742 Ut
821 2705 951 2756 serti-

214 2761 319 2800 libus
337 2763 452 2814 agris
469 2776 549 2799 non
568 2770 625 2799 est
642 2762 924 2812 imperandum
937 2778 948 2800 :

215 2822 295 2859 cito
326 2822 434 2858 enim
456 2819 666 2857 exhauriet
695 2819 787 2857 illos
825 2834 949 2858 num-

215 2893 342 2931 quam
364 2879 590 2916 intermissa
595 2877 851 2929 fecunditas.
871 2878 948 2916 Inf.

214 2936 264 2987 II,
284 2939 367 2979 369
399 2944 485 2975 tum
503 2935 675 2988 denique
692 2934 796 2974 dura
814 2950 948 2975 exerce

215 2997 404 3047 imperia.

1081 1131 1163 1171 100
1181 1151 1239 1158 -
1262 1131 1357 1171 103.
1407 1129 1465 1168 De
1502 1134 1743 1183 tempestate

1008 1193 1168 1237 monet,
1212 1200 1315 1239 quae
1343 1194 1562 1227 sementem
1593 1189 1743 1227 iactam

1008 1245 1180 1298 excipit;
1226 1259 1301 1298 pro
1325 1252 1476 1286 natura
1501 1253 1639 1286 tamen
1668 1246 1744 1285 soli

1006 1304 1148 1343 Italici.
1205 1305 1398 1343 Humida
1433 1306 1605 1344 solstitia
1621 1335 1632 1355 ,
1673 1318 1743 1343 ae-

1007 1368 1153 1413 states,
1193 1368 1243 1400 ut
1270 1363 1352 1402 Ecl.
1381 1363 1465 1414 VII,
1486 1362 1556 1406 47.
1597 1364 1742 1403 Solsti-

1007 1423 1109 1459 tium
1139 1420 1304 1473 proprie
1342 1421 1392 1460 de
1434 1423 1587 1462 aestivo
1616 1422 1743 1461 latine

1008 1479 1178 1530 dicitur3
1207 1478 1380 1518 hiemale
1398 1479 1540 1519 bruma
1558 1486 1743 1521 vocatur.

1006 1537 1103 1577 vide
1125 1550 1225 1589 quos
1245 1538 1297 1577 ad
1311 1538 1352 1577 h.
1375 1539 1402 1578 l.
1433 1539 1577 1578 laudat
1600 1539 1743 1591 Cerda,

1006 1596 1192 1650 inprimis
1214 1597 1316 1636 Plin.
1343 1597 1391 1647 Π,
1407 1599 1473 1648 19,
1493 1612 1523 1637 s.
1548 1601 1615 1648 17,
1638 1598 1743 1637 adde

1009 1655 1155 1704 XVIII,
1184 1655 1253 1704 25,
1273 1670 1318 1694 s,
1349 1655 1418 1698 58.
1446 1656 1553 1695 conf.
1576 1656 1742 1696 Salmas.

1009 1713 1152 1752 Exere.
1179 1713 1280 1752 Plin.
1297 1728 1337 1766 p.
1361 1716 1444 1757 175
1465 1720 1506 1753 et
1524 1714 1574 1753 al.
1603 1714 1743 1754 humi-

1009 1771 1108 1809 dum
1138 1777 1322 1824 tempuS,
1353 1777 1402 1810 ut
1429 1772 1664 1825 pluviarum
1682 1773 1743 1820 ir-

1007 1829 1205 1881 rigatione
1225 1829 1372 1869 fervidi
1391 1831 1535 1869 caloris
1554 1832 1616 1870 vis
1638 1838 1743 1870 tem-

1006 1893 1184 1941 peretur.
1252 1888 1441 1941 Exagitat
1468 1888 1582 1928 hunc
1613 1890 1744 1929 nostri

1006 1959 1171 1986 versum
1188 1946 1314 1985 nobili
1332 1948 1422 1986 loeo
1439 1947 1541 1987 Plin.
1559 1948 1685 1999 XVII,
1700 1950 1742 1998 2,

1007 2005 1080 2044 ubi
1117 2004 1286 2043 tandem
1323 2005 1506 2045 subiicit:
1559 2006 1742 2046 Hiber-no

1008 2063 1172 2116 quidem
1210 2064 1385 2115 pulvere
1422 2065 1607 2103 laetiores
1641 2064 1744 2115 fieri

1007 2136 1153 2160 messes
1166 2151 1177 2171 ,
1214 2123 1460 2161 luxuriantis
1484 2125 1642 2176 ingenii
1644 2123 1743 2176 ser-

1008 2181 1153 2218 tilitate
1169 2180 1324 2218 dietum
1341 2189 1409 2220 est.
1470 2181 1624 2220 Contra
1639 2193 1742 2234 quae

1008 2244 1147 2276 tamen
1171 2238 1333 2277 defendi
1356 2245 1479 2292 poeta
1504 2245 1661 2293 potest,
1701 2245 1743 2278 et

1010 2296 1243 2336 defenditur
1270 2311 1293 2335 a
1320 2297 1450 2336 Cerda
1470 2298 1524 2336 ad
1543 2297 1585 2337 h.
1605 2298 1646 2349 l.‚
1674 2297 1743 2337 in·-

1007 2355 1146 2408 primis
1163 2369 1215 2394 ex
1234 2355 1399 2407 antiquo
1418 2356 1607 2407 carmine,
1630 2355 1743 2408 quod

1007 2414 1118 2466 apud
1149 2413 1256 2452 Fest.
1283 2414 1327 2452 in
1354 2415 1610 2464 Flaminius,
1642 2415 1742 2454 item

1007 2472 1118 2524 apud
1135 2471 1314 2511 Macrob.
1332 2474 1415 2511 Sat.
1434 2473 1482 2522 V,
1500 2475 1557 2514 20
1576 2478 1681 2513 extr.
1700 2479 1742 2512 et

1008 2531 1122 2570 Serv.
1146 2530 1199 2569 ad
1218 2529 1260 2569 h.
1277 2530 1305 2569 l.
1331 2530 1529 2569 habetur:
1558 2531 1741 2570 .Hiberno

1001 2589 1171 2639 pulvere
1194 2617 1205 2637 ,
1249 2602 1368 2627 verno
1406 2590 1490 2628 luto
1503 2618 1514 2638 ,
1558 2590 1741 2642 grandia

995 2646 1125 2698 sarra
1141 2676 1151 2695 ,
1195 2646 1366 2685 Camille
1384 2677 1394 2696 ,
1428 2655 1561 2687 metes.
1622 2648 1741 2687 Scili-

1010 2710 1074 2742 cet
1093 2703 1227 2742 omnia
1254 2702 1355 2743 haec
1376 2719 1452 2757 pro
1469 2706 1680 2758 regionum
1699 2712 1742 2746 et

1009 2776 1200 2814 agrorum
1233 2762 1335 2813 situ,
1366 2764 1472 2802 sorte
1502 2770 1544 2803 et
1575 2771 1736 2818 tempo-

1005 2834 1100 2858 rum
1129 2819 1325 2871 decursu,
1365 2822 1538 2862 variant.
1606 2823 1740 2876 Virgi-

1005 2877 1083 2916 lius
1111 2877 1164 2916 ad
1194 2892 1335 2930 agrum
1372 2879 1643 2920 Mantuanum
1670 2894 1739 2920 re-

1006 2936 1158 2989 spicere
1193 2937 1415 2988 putandus
1458 2941 1536 2981 101
1557 2962 1616 2969 —
1644 2942 1738 2982 103.

1005 2995 1117 3033 nullo
1153 3003 1312 3034 tantum
1348 3011 1390 3034 εε
1438 2999 1584 3049 Mysia
1609 2998 1733 3036 cultu.
