1768 3320
209 204 376 242 vam
430 188 671 240 PRAEF.
711 187 1000 238 SECUND.
1027 185 1209 237 EDIT.
1231 182 1543 234 LXXXVIII

214 315 623 381 emendandum
659 313 971 381 relinquere
1001 312 1085 376 iis,
1136 311 1227 378 qui
1255 309 1501 360 madidas
1532 325 1562 360 e
1590 310 1768 378 prelo!

214 389 421 439 chartas
442 382 711 451 corrigere
730 401 1002 450 recepere.
1073 380 1445 432 Redeundum
1465 380 1648 448 itaque
1673 390 1754 431 est

213 458 362 509 haud
414 457 578 508 dubie
634 455 702 505 ad
752 455 1015 505 editiones
1049 452 1374 504 HeinsianaS.
1454 451 1751 502 Enimvero

216 530 378 581 etiam
405 528 509 579 hae
540 526 699 577 valde
735 527 876 575 inter
908 541 964 574 se
999 523 1327 588 discrepant,
1378 538 1505 571 cum
1537 522 1594 572 in
1623 524 1751 572 scri-

214 600 428 669 ptione,
476 616 573 649 seu
617 594 1024 662 orthographia,
1072 602 1190 643 tum
1218 593 1453 643 maxime
1498 592 1553 642 in
1582 593 1759 644 inter-'

214 670 523 740 punctione.

357 742 638 802 Ceterum,
676 736 894 786 fortuna
915 734 1087 802 aliqua
1115 733 1372 800 propitia,
1396 733 1546 785 ,mihi
1576 735 1750 785 conti-

215 812 315 878 git,
363 820 425 861 ut
455 809 698 860 lectionis
730 805 1045 872 Virgilianae
1081 804 1300 854 annales
1333 804 1574 856 condere
1602 822 1749 856 nunc

215 898 434 950 possem
459 879 690 930 meliore
724 894 845 927 cum
870 875 981 926 fide
1013 892 1071 924 ac
1092 874 1328 942 pleniuS.,
1368 893 1533 944 quam
1554 876 1610 926 in
1634 876 1749 926 edi-

215 953 365 1002 tione
394 952 588 1018 priore.
662 950 803 1000 Cum
835 948 980 997 enim
1006 945 1271 996 editiones
1291 946 1513 998 Aldinas
1542 947 1610 997 ad
1631 964 1749 997 ma-

216 1039 318 1072 nus
369 1022 631 1071 haberem
691 1034 883 1068 omnes
907 1059 920 1080 ,
987 1017 1393 1084 comparatione
1442 1017 1753 1084 diligentius,

214 1092 351 1143 facta
381 1091 602 1142 tandem
638 1089 720 1150 id,
767 1088 918 1156 quod
948 1089 1244 1155 suspicatus
1282 1104 1454 1154 eram,
1493 1088 1746 1154 intellexi,

215 1163 428 1213 tertiam
447 1180 474 1212 a
492 1161 759 1226 Naugerio
783 1158 1130 1210 emendatam
1151 1160 1401 1210 omnium
1421 1176 1537 1210 esse
1558 1177 1747 1210 emen-

217 1233 556 1296 datissimam,
595 1241 648 1281 et
666 1230 870 1281 Heinsii
893 1247 1060 1297 opera
1080 1247 1181 1280 nos
1202 1229 1533 1299 plerumque
1557 1248 1747 1299 super-

215 1303 406 1354 sedere
434 1303 699 1370 potuisse,
749 1303 790 1351 si
823 1318 943 1351 eam
975 1300 1275 1351 editionem
1310 1303 1612 1369 exprimere
1630 1320 1746 1352 ma-

213 1374 434 1424 luissent
457 1373 690 1423 editores
713 1371 1058 1439 sequentium
1077 1382 1393 1439 temporum
1408 1414 1421 1437 ,
1468 1390 1633 1441 quam
1654 1372 1746 1424 Al-

217 1444 365 1494 dinas
400 1444 607 1510 priores
653 1452 706 1493 et
742 1443 1081 1493 Florentinas
1125 1460 1187 1492 ex
1232 1443 1292 1492 iis
1340 1443 1525 1494 ductas
1566 1444 1746 1512 operis

216 1514 551 1564 excudendas
583 1513 825 1579 tradere,
874 1523 963 1563 aut
996 1531 1057 1564 ex
1088 1513 1282 1565 Aldina
1301 1515 1486 1582 priore
1510 1523 1564 1565 et
1588 1515 1745 1566 tertia

213 1601 411 1635 novam
443 1584 733 1635 lectionem
763 1583 1062 1634 miscellam
1095 1582 1346 1638 conflare,
1433 1589 1642 1639 Verum
1674 1585 1744 1637 de

213 1654 296 1704 his
320 1654 443 1704 vide
466 1654 603 1704 infra
626 1655 693 1705 de
709 1655 847 1707 Edd.
925 1657 1033 1708 Ser.
1055 1656 1341 1722 Gottingae
1363 1659 1434 1709 M.
1451 1657 1744 1709 Decembri

217 1740 652 1777 cmmccmzxxvfl.
