1768 3320
278 325 284 331 ,
338 235 748 303 BecoLic'A
783 253 947 303 Em..
975 255 1063 316 v1,
1093 259 1320 308 62—72

1501 254 1596 313 18‘1

76 379 255 427 Aonas
276 377 333 428 in
349 378 554 428 montis
574 387 635 428 ut
655 377 864 428 duxerit
883 396 991 429 una
1014 396 1293 443 sororum;
1532 390 1600 438 65

75 449 257 515 thue
279 448 396 498 viro
418 447 628 498 Phoebi
650 447 847 498 chorus
867 448 1223 500 adsurrexerit
1244 454 1446 513 omnis;

75 518 147 568 Ut
164 517 329 567 Linus
349 517 483 568 haec
501 518 602 582 illi,
642 517 823 568 divino
847 520 1083 570 carmine
1102 530 1301 586 pastor,

73 584 323 652 Floribus
342 597 469 656 atqu

474 605 501 638 e
526 589 647 655 apio
673 589 829 638 crinis
853 598 1072 639 ornatus
1099 607 1300 655 amam,

70 657 294 725 Dixerit:
328 660 443 708 Hos
474 658 570 708 tibi
595 658 726 708 dant
751 659 1009 723 calamOS,
1050 677 1118 710 en
1153 661 1358 728 accipe,
1396 666 1598 721 Musae,

72 731 302 780 Ascraeo
324 745 462 796 quos
482 738 605 778 ante
627 730 768 790 seni;
808 730 1002 797 quibus
1024 730 1115 780 ille
1134 731 1342 782 solebat
1529 738 1597 784 70

73 798 354 851 Cantando
373 798 567 864 rigidas
589 798 860 850 deducere
884 799 1164 850 montibus
1190 818 1369 854 ornos

70 870 165 921 His
183 869 281 920 tibi
302 869 501 935 Grynei
524 871 765 920 nemoris
787 869 993 920 dicatur
1016 871 1193 936 origo:

115 1010 165 1050 65
188 1012 333 1047 Aonios
353 1022 440 1044 unns
459 1009 565 1044 Pierii
578 1017 615 1044 et
625 1011 763 1044 Heinsii
777 1017 851 1045 tres
868 1023 946 1045 cum
959 1010 1044 1046 edit.
1056 1011 1203 1045 Mediol.
1225 1024 1267 1045 ex
1287 1011 1595 1057 interpretatione.

44 1093 46 1095 ,
68 1059 188 1095 lorias
209 1058 265 1093 ed.
286 1059 376 1092 ven.
404 1055 507 1094 1472.
555 1057 693 1092 dixerit
716 1058 845 1092 Medic.
880 1058 989 1104 (idem
1011 1068 1164 1094 montes.
1204 1059 1301 1103 Wr.)

1396 1061 1444 1096 66
1474 1063 1597 1106 Atque

69 1119 106 1141 v.
132 1105 293 1140 nonnulli
319 1111 355 1139 et
378 1117 436 1150 ap.
458 1103 619 1139 Arusian.
641 1105 818 1139 Messium.
867 1107 927 1151 (At
953 1107 1137 1139 commode
1162 1106 1350 1140 Wunderl.
1379 1107 1424 1140 ad
1449 1119 1498 1140 vs.
1517 1106 1594 1142 67.:

69 1152 270 1197 „Numida
288 1158 368 1186 sunt
384 1152 494 1185 verba
520 1159 563 1184 ut
579 1153 721 1195 Linus,
747 1153 822 1186 sine
845 1152 973 1198 copula
995 1153 1144 1187 adiecta.
1186 1153 1238 1187 cf.
1258 1154 1331 1187 Ecl.
1353 1155 1397 1194 V,
1417 1154 1474 1189 77.
1509 1154 1595 1187 dum

69 1216 117 1226 —·
246 1211 293 1233 ue
309 1218 355 1224 —
376 1199 495 1232 dum.“
527 1198 624 1242 Wr.)

67 1246 191 1282 nis'hl
237 1246 282 1280 ic.
322 1248 374 1282 W
373 1245 419 1290 r.)

67 1295 192 1343 aspice
213 1293 324 1328 Goth.
345 1305 416 1327 sec.

66 1345 166 1377 Serv.
190 1340 316 1375 Dresd.
354 1341 451 1384 Wr.)

66 1389 239 1424 aben-att.
285 1387 356 1422 Sed
378 1393 434 1421 est
455 1383 655 1432 Γρύνειον.

65 1520 139 1569 lx,
165 1532 207 1572 p.
234 1519 334 1562 615.
393 1517 552 1572 (Aonas
575 1532 672 1571 pro:
709 1518 799 1556 Ao-

65 1579 184 1629 nio-⁸3
219 1577 291 1616 cfr.
331 1590 431 1629 quos
454 1576 619 1615 laudavi
644 1576 695 1615 ad
725 1576 800 1614 Ni-

66 1633 231 1688 cephor.
257 1635 424 1674 Blemm.
464 1648 552 1687 pag.
581 1637 650 1677 22.
692 1633 796 1688 Sp.)

63 1693 204 1734 Finxit
221 1699 356 1732 autem
383 1699 500 1746 poeta
526 1692 627 1731 haec
648 1692 702 1731 ad
723 1706 799 1731 ex-

64 1751 243 1805 emplum
258 1751 423 1790 Hesiodi
433 1751 477 1790 in
492 1751 684 1790 Helicone
702 1764 799 1789 oves

62 1809 261 1863 pascenh's
293 1816 333 1848 et
358 1809 402 1848 in
428 1809 562 1848 Musas
585 1809 797 1848 incidentis

64 1867 212 1920 Theog.
228 1870 285 1910 22
295 1868 482 1920 sqq.add.
493 1867 660 1906 Nicand.
676 1866 796 1906 Ther.

66 1929 133 1968 11.
166 1928 221 1968 12
259 1927 296 1968 εἰ
329 1922 440 1967 ἐτεόν
470 1941 546 1979 περ
573 1921 797 1976 Ἆσκραῖος,

60 1980 260 2083 &zizone
279 1979 561 2091 μελιὲἷτὲεντος
578 1983 622 2054 ἐπ”
635 1981 795 2082 ὅχὲἒαιέἷ

150 2058 173 2083 ο
201 2058 247 2091 ος
287 2059 361 2083 κατ
408 2058 423 2082 ε
451 2058 469 2082 ε
514 2058 573 2082 πα
670 2058 697 2082 υ
727 2059 752 2082 α

67 2102 316 2154 Περμησοῖο.
376 2098 497 2155 (Una
512 2058 690 2137 sorgrum
700 2115 716 2146 ,·
738 2099 795 2137 sic

61 2171 180 2210 saepe
221 2172 412 2197 sororum
448 2157 612 2196 nomine
653 2157 794 2209 appel-

60 2215 199 2254 lantm-
225 2215 384 2266 Musae3
422 2215 506 2254 vid.
531 2214 714 2254 Huschk.
741 2215 794 2253 ad

61 2273 149 2312 Tib.
174 2273 253 2323 111,
282 2272 332 2323 4,
362 2272 431 2316 45.
469 2272 598 2327 Wr.)
668 2273 794 2321 Quod

61 2345 196 2369 omnes
213 2333 366 2370 Musas
383 2331 509 2369 Gallo
526 2331 795 2369 adsum-exisse

60 2389 133 2439 ait,
161 2388 329 2429 honoris
346 2389 568 2428 testificatio
597 2394 655 2426 est
671 2419 681 2438 ,
708 2403 790 2427 non

59 2453 142 2485 tam
168 2460 221 2486 ex
249 2461 342 2486 suae
376 2448 511 2486 aetatis
553 2447 742 2498 elegantia
769 2461 792 2484 a

58 2511 178 2558 poeta·
196 2505 327 2555 illata,
358 2519 479 2556 quam
498 2518 596 2544 aevo
614 2505 694 2543 iam
714 2504 792 2542 he-

58 2563 170 2602 roico
189 2564 448 2615 frequentata.
508 2564 574 2602 Sic
600 2563 687 2603 Iovi
714 2576 791 2602 ve-

58 2621 184 2660 nienti
207 2628 421 2674 assurgunt
442 2621 498 2660 dii
507 2621 620 2660 Iliad.
641 2638 679 2669 α,
692 2621 789 2663 533.

59 2677 157 2720 534·
174 2680 271 2722 535.
329 2683 397 2722 67.
435 2681 491 2718 Ut
520 2681 664 2718 Linus.
702 2679 790 2717 Du-

58 2735 154 2788 plici
183 2737 307 2776 modo
338 2736 438 2776 haec
467 2737 577 2789 iungi
598 2743 789 2789 possunt:

59 2799 150 2843 aut,
189 2800 238 2832 ut
265 2796 402 2834 divino
431 2797 608 2833 carmine
644 2803 791 2846 pastor

58 2851 108 2888 sit
131 2851 277 2902 Linus,
313 2866 391 2904 pro
426 2853 585 2905 vulgari
598 2883 609 2902 ‚
648 2859 786 2905 pastor

58 2908 187 2947 divini
206 2910 392 2948 carminis
419 2924 490 2949 seu
512 2917 673 2960 cantus3
702 2924 785 2959 seu,

57 2972 104 3004 ut
123 2966 269 3004 dixerit
295 2966 395 3005 haec
416 2968 552 3007 divino
580 2970 758 3007 carmine
772 2985 783 3005 .-

57 3023 168 3076 quod
201 3025 434 3077 praeferam.
503 3023 573 3078 (At
607 3026 789 3079 displicet

719 1201 766 1236 67
789 1201 860 1234 Ιιοι·
875 1200 935 1233 illi
952 1201 1041 1234 Ven-

515 1247 561 1282 69
597 1247 755 1280 Dixerat
783 1247 907 1291 fragm.
934 1247 1063 1281 Mox-et.
1111 1248 1171 1281 eia
1198 1260 1234 1281 a.
1266 1247 1359 1282 coni.
1390 1247 1512 1282 Heius.
1547 1261 1594 1281 en

510 1294 558 1329 70
590 1302 679 1326 ante
704 1293 848 1328 solebat
875 1295 965 1327 Ven.
993 1293 1156 1328 Parrhas.
1214 1295 1367 1339 (Asc-reo
1394 1295 1523 1329 Medic.
1557 1301 1594 1327 et

547 1340 590 1375 71
618 1341 761 1387 rigidos
785 1348 897 1387 quart.
916 1342 1046 1375 Moret.

1135 1201 1182 1237 68
1207 1209 1376 1235 armatus
1394 1200 1476 1234 duo.
1503 1202 1594 1245 (cri-

1139 1342 1187 1378 72
1212 1343 1345 1376 Grinei
1369 1348 1407 1375 et
1426 1343 1595 1388 Grynaei

856 1517 915 1556 sic
931 1517 1042 1557 nude
1060 1518 1259 1557 adiectum
1265 1526 1413 1570 pastor
1416 1533 1433 1565 ;
1455 1517 1591 1569 itaque

854 1576 970 1628 prior
997 1576 1100 1615 ratio
1133 1577 1283 1615 verior.
1327 1578 1398 1616 W
1392 1574 1448 1630 r.)
1510 1579 1589 1614 Li-

854 1649 965 1684 num,
996 1648 1120 1686 supra
1137 1634 1204 1684 IV,
1225 1635 1281 1678 56
1312 1648 1406 1672 cum
1424 1633 1589 1686 Orpheo

854 1692 1061 1742 iunctm,
1099 1698 1317 1742 memorat,
1347 1705 1495 1731 nomen
1522 1692 1589 1730 in-

854 1757 917 1789 ter
935 1750 1224 1789 vetustissimae
1242 1750 1461 1789 memoriae
1477 1756 1589 1788 vates

858 1809 1034 1859 clarum,
1076 1815 1282 1847 servatum
1307 1808 1413 1846 illud
1438 1808 1588 1860 partim

854 1868 960 1905 fama
988 1881 1035 1905 ac
1059 1866 1232 1919 mythis,
1261 1866 1410 1919 partim
1439 1867 1587 1904 carmi-

853 1925 992 1975 nibus,
1025 1938 1128 1977 quae
1147 1925 1231 1964 eius
1242 1937 1326 1963 esse
1344 1925 1586 1963 serebantur.

854 1984 889 2022 N
892 1997 972 2022 unc
988 1983 1056 2021 ille
1074 1997 1167 2022 cum
1174 1983 1299 2022 Musis
1315 1983 1470 2022 versari
1490 1997 1586 2021 nar-

853 2047 969 2080 ratur
1001 2048 1042 2080 et
1076 2055 1216 2080 earum
1259 2041 1372 2080 iussu
1411 2041 1586 2079 fistulam

851 2099 1018 2138 Hesiodi
1050 2100 1167 2138 Gallo
1203 2099 1311 2138 dare.
1379 2098 1462 2137 Cui·
1493 2099 1585 2151 apio

851 2163 1088 2196 coronatum
1127 2157 1297 2207 dixerit,
1338 2171 1477 2195 caussa
1502 2171 1584 2195 non

852 2221 1038 2254 constat:
1089 2215 1164 2253 nisi
1211 2215 1265 2254 ad
1303 2221 1584 2267 argumentum

849 2273 1031 2326 lugubris
1065 2279 1206 2312 cantus
1228 2273 1272 2312 in
1301 2272 1386 2311 eius
1412 2279 1584 2311 mortem

850 2337 1024 2383 spectat:
1055 2330 1105 2369 de
1127 2345 1207 2383 quo
1222 2336 1344 2369 cantu
1365 2331 1492 2369 multa
1511 2346 1582 2369 oc—

849 2395 1022 2428 currunt
1032 2390 1098 2427 vel
1110 2389 1155 2427 in
1163 2389 1370 2428 Pausania.
1379 2389 1584 2427 Ascraeus

846 2462 966 2485 senex
996 2447 1196 2486 Hesiodus
1228 2461 1252 2485 a
1279 2447 1369 2486 vico
1397 2447 1582 2486 Boeotiae

847 2504 982 2543 Ascra.
1041 2505 1203 2543 Novum
1221 2518 1320 2544 vero
1337 2503 1440 2554 hoc,
1470 2505 1582 2557 quod

847 2577 958 2602 nuuc
975 2562 1151 2601 Hesiodo
1169 2563 1375 2611 tribuitur,
1404 2563 1448 2602 id
1469 2562 1582 2614 quod

848 2621 899 2659 de
926 2620 1090 2673 Orpheo
1127 2621 1306 2660 sollenne
1338 2626 1418 2669 est,
1462 2621 1580 2660 silvas

847 2679 932 2718 eius
952 2684 1115 2717 cantum
1137 2692 1219 2717 esse
1236 2684 1434 2730 sequutas.

904 2740 972 2779 72.
1002 2739 1070 2778 73.
1104 2738 1302 2788 Grynium
1328 2749 1400 2774 seu
1422 2736 1579 2787 Grynia

846 2795 1045 2847 oppidum
1081 2794 1258 2833 Aeolidis
1293 2794 1337 2832 in
1370 2793 1462 2831 Asia
1499 2793 1577 2830 mi-

843 2866 969 2902 nore,
999 2854 1094 2891 sano
1125 2858 1164 2890 et
1185 2852 1349 2891 oraculo
1368 2850 1576 2902 Apollinis,

844 2911 956 2962 quod
973 2911 1017 2949 in
1045 2911 1138 2948 luco
1161 2909 1438 2948 amoenissimo
1456 2908 1576 2944 situm

844 2974 948 3017 erat,
988 2968 1133 3006 nobile.
1177 2967 1259 3006 vid.
1298 2966 1440 3004 Strabo
1467 2963 1576 3011 XIII,

844 3041 884 3078 p.
903 3028 986 3068 923
1017 3026 1060 3064 B.
1089 3023 1221 3079 (622).
1270 3025 1385 3063 Paus.
1410 3022 1448 3070 I,
1473 3024 1525 3062 21
1546 3020 1573 3058 f.

1734 313 1742 332 Ι
