1768 3320
312 220 719 288 Booouca
754 219 919 269 ECL.
955 201 1027 283 x,
1064 220 1256 272 5-12
1438 202 1555 275 237'

14 353 356 416 Namneque
372 347 588 399 Parnasi
604 346 758 396 vobis
777 346 922 410 iuga,
960 362 1089 395 nam
1107 361 1291 412 neque
1308 346 1466 397 Pindi

14 420 134 472 Ulla
151 435 366 470 moram
381 416 590 483 fecere,
626 433 808 485 neque
827 415 1003 466 Aonie
1022 415 1314 482 Aganippe.

16 537 114 584 qnod
129 530 339 583 exquisitior
354 534 420 576 sit,
444 541 486 568 ut
501 535 616 580 Heyn.
632 540 753 581 putat,
776 532 986 568 Iudicativus
997 559 1007 575 ‚
1029 532 1095 566 sed
1110 532 1193 578 quia
1210 531 1440 566 necessarius.
1474 531 1546 566 Cic.

14 585 121 620 Verr-
143 584 206 626 lv,
230 583 310 620 21.:
350 582 498 625 „Credo
527 589 620 624 tum,
655 593 788 627 quum
816 580 937 615 Sicilia
965 580 1177 614 florebat
1204 579 1333 624 opibus
1361 586 1397 613 et
1420 579 1547 625 copiis,

15 643 144 677 magna
162 630 314 666 artificia
330 629 440 663 fuisse
457 629 496 663 in
514 641 557 663 ea
575 628 731 670 insula;“
755 628 873 663 solent
890 627 995 669 euim,
1020 627 1082 661 ubi
1101 638 1189 672 opes
1210 627 1339 661 adsunt
1356 634 1392 660 et
1408 626 1547 671 copiae,

15 685 114 714 artes
130 677 278 712 florere.
321 677 401 711 Cic:
416 677 462 711 de
490 677 588 721 Lege
612 680 696 721 Agr.
710 677 760 718 11,
789 674 872 712 24:
905 681 1030 718 ,‚tum,
1065 686 1193 721 quum
1218 679 1354 708 erant
1382 673 1547 716 Catones,

14 725 130 769 Phili,
151 724 287 768 Laelii,
322 736 469 770 quorum
494 723 707 769 sapientiam
724 722 1061 768 temperantiamque
1086 721 1124 755 iu
1150 720 1302 767 publicis
1328 720 1547 767 privatisque

14 773 122 807 rebus
140 771 424 818 perspexeratis,
447 778 566 815 tamen
583 770 828 804 huiuscemodi
845 782 903 804 res
922 769 1107 804 comissa
1129 768 1260 802 nemini
1279 775 1333 802 est
1341 773 1375 809 3⁸⁶
1399 780 1471 802 non
1491 774 1548 802 est

15 819 202 867 commissa
216 819 433 861 Catonibus,
455 817 567 852 Philis
580 844 589 858 ‚
611 817 767 859 Laeliis,
802 817 929 864 quibus
956 823 1077 850 tamen
1095 822 1194 850 recte
1218 815 1336 861 potuit
1355 815 1546 857 committi;

15 866 235 902 coniunctivi
251 866 290 900 in
305 866 412 900 simili
431 864 630 908 sententia,
655 865 716 911 qui
731 865 783 898 ibi
800 864 1006 910 praecedit,
1032 863 1101 898 alia
1119 862 1212 897 ratio
1234 870 1298 897 est.
1346 863 1416 897 Cic.
1439 865 1546 897 Tusc.

15 915 60 957 11,
75 916 154 952 20.:
189 913 411 960 „Dionysius
432 919 602 958 tyrannus
632 925 675 946 ea
700 911 799 957 ipsa,
835 924 925 957 quae
952 910 1200 956 concupierat,
1232 922 1277 944 ne
1295 916 1371 944 tum
1391 910 1546 956 quidem,

16 973 150 1009 quum
176 961 294 996 omnia
315 973 355 994 se
376 972 484 1006 posse
510 960 759 1000 censebat,
783 958 1118 1005 consequebatur;“
1151 957 1176 992 i.
1200 970 1230 991 e.
1257 969 1297 991 re
1318 969 1361 991 eo
1383 958 1547 999 adducta,

15 1016 58 1043 ut
74 1008 166 1043 haec
180 1008 348 1043 facillime
365 1006 534 1061 consequi
553 1018 661 1052 posse
680 1006 871 1040 videretur.
905 1006 975 1040 Cic.
997 1006 1063 1039 Off.
1082 1006 1143 1047 111,
1167 1008 1242 1041 10.:
1268 1007 1331 1047 „Q
1344 1017 1440 1038 uum
1460 1005 1547 1038 col-

15 1055 131 1091 latino
155 1056 316 1102 collegae
334 1056 459 1089 Brutus
484 1054 672 1099 imperium
701 1054 813 1088 abro
821 1053 906 1099 gab
917 1066 938 1087 a
950 1060 983 1094 t,
1019 1059 1164 1099 poterat
1184 1052 1298 1086 videri
1316 1053 1435 1086 facere
1451 1052 1548 1086 iniu-

18 1111 93 1144 ste3
107 1106 131 1123 “
153 1103 177 1137 i.
196 1115 228 1138 e.
248 1102 437 1148 abrogat-io
455 1101 570 1135 videri
590 1107 737 1146 poterat
752 1100 895 1134 iniusta.
944 1099 1035 1134 Hinc
1052 1100 1181 1145 partim
1203 1100 1371 1144 supplere
1383 1125 1392 1140 ‚
1416 1099 1548 1145 partim

19 1150 202 1196 corrigere
232 1150 372 1196 poteris
397 1161 459 1191 ea,
490 1161 580 1195 quae
608 1148 731 1182 docuit
758 1148 968 1182 Ramshorn.
990 1149 1051 1181 Gr.
1070 1148 1152 1182 Lat.
1181 1148 1212 1192 §.
1234 1149 1311 1184 189.
1339 1147 1419 1189 111.‚
1454 1147 1547 1181 unde

17 1197 110 1232 haec
127 1197 229 1243 ipsa,
261 1208 351 1244 quae
381 1196 504 1242 posui,
540 1195 700 1240 exempla
724 1195 828 1240 petii;
865 1194 934 1229 alia
963 1207 1046 1228 sane
1075 1195 1181 1228 aliter
1205 1194 1446 1239 expedienda,
1474 1195 1547 1228 vid.

18 1242 166 1279 doctiss.
182 1245 326 1279 Ramsh.
346 1244 371 1278 l.
392 1243 417 1277 l.
448 1243 543 1287 Wr.)
627 1245 669 1278 11
696 1244 862 1277 Parnasi
876 1254 943 1287 per
960 1242 1110 1287 simplex
1125 1255 1144 1275 s
1163 1241 1286 1275 Heius.
1305 1254 1382 1276 cum
1402 1242 1547 1287 optimis

18 1292 127 1326 codd.
144 1292 278 1326 scribit.
313 1291 358 1326 cf.
383 1290 477 1325 Pier.
509 1290 594 1336 (vid.
614 1289 687 1324 Ecl.
709 1291 769 1331 VI,
787 1291 847 1326 29.
879 1289 974 1334 Wr.)
1022 1288 1128 1323 nobis
1145 1290 1237 1323 Ven.
1335 1290 1379 1324 12
1402 1291 1549 1323 Aoniae

17 1341 242 1388 Aganippae
260 1338 383 1373 Heius.
401 1344 631 1383 reposuerat3
662 1337 712 1371 ita
733 1338 779 1371 ad
797 1339 889 1384 iuga
906 1344 982 1370 erat
1000 1336 1243 1370 referendum:
1269 1336 1367 1382 atqui
1390 1343 1548 1370 montem

18 1386 228 1432 Aganippen
254 1397 359 1422 nemo
380 1385 501 1426 novit3
534 1386 670 1419 fontem
698 1384 869 1418 Boeotiae
894 1384 1052 1418 novimus
1084 1395 1216 1417 omues·
1266 1385 1393 1427 Magna
1414 1383 1471 1417 hic
1492 1389 1549 1417 est

18 1433 182 1468 lectionis
200 1433 369 1467 varietas:
393 1433 574 1466 videamus
591 1431 707 1476 primo
729 1432 775 1465 de
793 1431 910 1465 editis.
958 1430 1064 1475 Legit
1083 1430 1193 1475 igitur
1210 1432 1357 1465 Aoniae
1372 1432 1549 1478 Aganip-

14 1493 92 1530 pae
110 1481 167 1515 ed.
185 1480 265 1515 Ald.
282 1493 339 1526 pr.
356 1490 434 1514 cum
454 1481 542 1514 lunt.
564 1480 657 1516 1520
685 1486 721 1512 et
738 1478 816 1513 aliis
839 1479 922 1512 hinc
941 1477 1079 1519 ductis,
1105 1479 1232 1512 Aonia
1246 1480 1446 1526 Aganippe
1464 1490 1548 1521 sec.,

18 1530 166 1563 Aoniae
183 1529 401 1576 Aganippes
418 1533 534 1561 autem
550 1527 668 1560 tertia.
718 1528 810 1560 Tum
827 1526 1005 1559 Manutius
1023 1525 1163 1558 induxit
1177 1527 1323 1559 Aoniae
1337 1527 1548 1573 Aganippe,

21 1575 120 1621 qnod
148 1574 219 1609 iam
243 1582 330 1608 vett.
358 1575 438 1608 edd.
455 1574 602 1608 Mediol.
620 1576 711 1608 Ven.
740 1581 776 1607 et
796 1573 841 1607 al.
866 1573 1064 1614 habebant;
1096 1572 1241 1606 taudem
1262 1583 1346 1606 vero
1366 1572 1549 1607 Pulmanu.

20 1619 227 1657 Gommelin.
245 1622 371 1667 steph.
393 1629 427 1655 et
442 1621 526 1655 hinc
548 1622 735 1666 profectae
745 1622 870 1656 Aonia
878 1622 1077 1674 Aganippe
1092 1619 1131 1652 in
1149 1619 1274 1664 vulgus
1293 1626 1548 1664 propagarunt.

21 1669 129 1712 Quod
150 1670 197 1703 ad
219 1669 324 1703 codd.
342 1668 491 1710 attinet,
513 1670 659 1703 Aoniae
681 1669 900 1715 Aganippes
921 1667 1084 1701 Heinsius
1107 1668 1270 1713 (excepto
1289 1674 1408 1700 tamen
1428 1667 1550 1701 Medi-

21 1716 100 1761 ceo)
120 1728 204 1750 suos
217 1728 339 1750 omnes
357 1715 492 1749 habere
512 1722 680 1756 testatur3
702 1717 825 1749 Aonie
841 1716 1042 1768 Aganippe
1061 1716 1150 1759 Reg.
1169 1715 1274 1748 Voss.
1294 1720 1331 1747 et
1345 1714 1389 1747 fr.
1419 1715 1549 1749 Moret.

21 1765 168 1798 Aoniae
184 1765 384 1811 Aganippe
399 1763 529 1797 Medic.
549 1775 626 1797 cum
646 1763 810 1808 Longob.
859 1764 917 1796 Sic
937 1761 1122 1807 Aganippe
1140 1761 1288 1803 Aoniae,
1311 1760 1346 1794 h.
1366 1762 1549 1804 Boeotiae,

19 1811 101 1845 fons
127 1810 244 1844 dictus
273 1818 386 1851 esset3
419 1823 544 1856 parum
571 1809 734 1854 poetice,
768 1808 936 1843 arbitror.
986 1809 1135 1842 Omnino
1158 1821 1200 1842 ex
1220 1808 1357 1842 lubrica
1377 1809 1551 1843 librorum

19 1858 60 1892 in
85 1857 203 1892 vocali
226 1857 381 1903 simplici
404 1864 442 1891 et
459 1856 593 1902 duplici
616 1857 688 1891 fide
708 1857 798 1890 nihil
818 1856 936 1890 decidi
954 1863 1097 1901 potest,
1131 1868 1197 1890 nec
1224 1855 1336 1900 magis
1363 1868 1406 1889 ex
1423 1858 1551 1890 Gram-

20 1904 180 1946 maticis;
204 1905 429 1939 Grammatici
447 1913 598 1947 veteres,
622 1904 801 1938 Charisius
820 1911 856 1938 et
874 1904 1010 1937 Probus
1022 1930 1031 1945 ,
1057 1916 1133 1937 cum
1152 1903 1231 1937 aliis
1251 1917 1307 1949 ap.
1327 1903 1449 1937 Heius.
1467 1907 1551 1938 Ao-

21 1954 110 1987 niae
122 1954 359 2000 Aganippes,
383 1952 441 1986 vel
458 1954 604 1986 Aoniae
619 1954 844 1999 Aganippae
865 1957 1071 1995 agnoscunt.
1119 1951 1156 1984 Si
1173 1951 1219 1984 ad
1234 1950 1391 1984 rationes
1410 1951 1550 1985 criticas

21 1999 112 2033 haec
131 1999 306 2041 excutias,
331 1999 453 2044 potior
471 1999 586 2033 videri
602 1999 710 2033 debet
730 2001 773 2033 e'a
789 1999 908 2040 lectio,
929 2011 949 2032 a
966 2010 1034 2044 qua
1051 1997 1209 2043 reliquae
1231 1999 1419 2032 aberrasse
1436 1998 1552 2032 videri

20 2054 188 2092 possunt:
221 2059 263 2080 ea
290 2053 407 2080 autem
434 2054 487 2081 est
506 2046 602 2080 haud
623 2046 730 2080 dubie
750 2047 935 2081 Serviana:
960 2047 1086 2079 Aonia
1102 2046 1312 2093 Aganippe.
1361 2046 1467 2079 Casus
1489 2058 1552 2079 se-

22 2094 157 2128 cundus
172 2095 320 2129 Aoniae
346 2094 439 2128 male
461 2093 532 2127 fuit
554 2094 728 2136 adscitus,
759 2101 864 2139 atque
881 2094 1132 2139 Aganippes,
1155 2092 1215 2137 qui
1234 2093 1315 2126 fons
1340 2093 1426 2135 fuit,
1459 2095 1552 2140 iuga

22 2140 107 2175 hinc
126 2141 254 2175 efficta.
302 2142 429 2175 Restat
454 2153 568 2183 nunc,
599 2148 639 2174 ut
667 2148 726 2174 aut
750 2142 872 2175 Aonie
890 2142 1088 2186 Aganippe
1113 2139 1308 2182 scribatur,
1340 2147 1402 2174 aut
1425 2142 1552 2175 Aonia

16 2190 233 2235 ‚Aganippe.
279 2188 437 2222 Alteram
461 2187 554 2221 hanc
578 2187 788 2231 lectionem,
830 2199 919 2233 quae
944 2187 1113 2220 Serviana
1141 2193 1217 2229 est,
1255 2187 1418 2233 equidem
1446 2194 1552 2222 antea

24 2235 272 2281 praeferebam
298 2235 344 2268 de
371 2234 503 2269 caussis
530 2235 637 2268 modo
666 2235 789 2276 dictis,
822 2234 1021 2268 suaviorem
1043 2245 1183 2279 quoque
1203 2234 1250 2268 ad
1265 2246 1379 2269 aures.
1427 2235 1552 2269 Enim-

23 2293 111 2316 vero
128 2282 229 2328 prior
246 2289 300 2316 est
315 2294 462 2327 prorsus
483 2294 526 2316 ex
546 2293 674 2327 graeco
692 2282 796 2316 ducta
814 2288 851 2315 et
872 2279 1047 2314 rationem
1066 2281 1178 2314 habet
1194 2280 1340 2316 ultimae
1356 2283 1552 2328 productae

24 2325 144 2374 ’Λονίη
163 2325 375 2374 Ἀγανίππη,
423 2328 483 2364 sic
508 2335 544 2363 et
561 2329 668 2364 Silius
684 2330 846 2376 >Ortygie
859 2328 1051 2363 Arethusa
1078 2328 1141 2361 lib.
1162 2329 1264 2371 XIV,
1283 2330 1356 2365 515
1385 2338 1421 2364 et
1446 2330 1496 2363 sic
1514 2330 1553 2363 in

23 2376 158 2410 multis.
206 2378 404 2421 Receperat
422 2388 562 2422 quoque
582 2377 730 2410 Bruuck.
776 2378 939 2422 (Fontem
968 2374 1081 2408 omnis
1111 2375 1216 2409 huius
1245 2375 1481 2419 diversitatis,
1514 2385 1554 2410 ut

25 2423 232 2469 saepissime
260 2423 371 2466 alias,
408 2423 590 2457 Mediceus
617 2423 758 2458 videtur
790 2431 1007 2464 monstrare,
1046 2421 1084 2455 in
1108 2434 1178 2468 quo
1209 2423 1381 2468 scriptum
1407 2425 1554 2458 Aoniae

24 2473 237 2518 Aganipse,
302 2483 410 2516 supra
428 2484 448 2505 s
462 2470 607 2515 scripta.
655 2473 771 2515 Saepe
791 2478 905 2504 autem
926 2481 992 2514 pro
1014 2468 1141 2514 longa,
1176 2470 1281 2504 etiam
1298 2483 1364 2516 pro
1387 2471 1507 2513 brevi,
1533 2484 1554 2504 e

25 2518 124 2552 finali
140 2518 177 2551 in
196 2484 322 2551 eodem
342 2518 485 2559 codice,
518 2525 558 2550 ut
575 2518 614 2551 in
633 2517 730 2560 aliis,
764 2531 810 2551 ae
827 2517 1016 2550 invenitur.
1064 2518 1155 2550 Tum
1170 2518 1334 2551 mendum
1346 2545 1355 2560 ,
1381 2518 1478 2564 quod
1499 2525 1554 2551 est

25 2564 64 2598 in
83 2572 240 2599 exn-emo
258 2565 370 2599 altero
387 2565 550 2606 nomine,
581 2564 732 2598 lectioni
750 2566 969 2612 Aganippes
984 2563 1126 2596 videtur
1141 2564 1259 2598 locum
1278 2565 1406 2599 fecisse
1418 2592 1427 2608 ,
1463 2564 1553 2607 aliis,

26 2619 66 2646 ut
87 2612 159 2646 hoc
182 2624 259 2646 voc.
286 2613 520 2647 concordaret
542 2612 692 2646 lectioni
716 2614 882 2653 Aoniae,
915 2611 1151 2645 scribentibus
1181 2614 1415 2660 Aganippae.
1454 2613 1552 2658 Wr.)

29 2717 106 2757 dus
126 2724 315 2771 respectu
334 2718 512 2758 fontium
529 2732 763 2758 memoran-
822 2716 897 2773 (—
918 2720 985 2759 11.
1004 2717 1047 2756 Si
1064 2718 1224 2770 quaeris
1236 2749 1247 2768 ,
1272 2732 1346 2758 cur
1362 2732 1440 2757 nec
1452 2719 1554 2757 Par-

27 2782 122 2826 tur3
160 2782 209 2814 ut
233 2777 277 2816 in
313 2777 506 2816 Helicone
534 2779 762 2829 Aganippe
819 2789 983 2825 nassus,
1014 2789 1090 2814 nec
1106 2776 1259 2815 Pindus
1289 2791 1447 2815 moram
1474 2776 1555 2814 illis

28 2839 103 2872 est.
141 2831 244 2887 (vid.
278 2834 409 2887 Heyn.
437 2841 524 2874 not.
551 2835 605 2874 ad
631 2849 692 2875 vs.
724 2838 761 2877 1.
818 2834 973 2883 fecerit,
1003 2840 1126 2887 puta,
1156 2833 1232 2873 hos
1252 2847 1413 2886 quoque
1433 2847 1553 2872 mou-

26 2891 193 2930 Vossius
211 2891 317 2944 ipsas
346 2892 482 2931 Musas
498 2892 541 2931 h.
558 2893 585 2932 l.
613 2893 762 2932 Naidas
818 2899 900 2942 tes,
930 2898 979 2931 ut
1002 2892 1110 2931 infra
1134 2906 1195 2931 vs.
1221 2893 1288 2935 15.
1323 2891 1554 2930 Maenalum

29 2949 108 2988 dici
139 2950 296 2988 statuit.
330 2949 452 3005 Wr.)
514 2950 646 2990 Aonas
666 2952 763 2990 olim
818 2957 860 2989 et
875 2951 1090 3003 Lycaeum,
1108 2949 1259 2989 luxisse
1273 2950 1419 2989 duram
1436 2947 1554 2998 Galli,

26 3007 237 3047 Boeotiam
245 3007 461 3047 incoluisse
474 3008 595 3049 obvia
611 3022 677 3049 res
688 3015 760 3048 est.
818 3016 962 3062 poetae
980 3038 992 3059 ,
1049 3008 1336 3047 conditionem.
1414 3006 1554 3056 Quare
