1734 3320
164 178 267 228 570

504 177 559 227 P.
597 175 952 227 VIRGILII
987 174 1363 225 MARONIS

162 308 270 356 Aut
291 308 401 354 t'ect
459 302 711 352 adsuetus
735 302 961 352 coluber
979 301 1270 352 succedere
1295 310 1349 351 et
1366 301 1618 366 umbrae,
1657 329 1664 344 ι

162 376 332 427 Pestis
352 392 410 424 ac
473 373 541 423 ba
561 374 759 437 boum,
789 374 1086 440 pecorique
1110 371 1434 440 adspergere
1455 372 1622 435 virus,

161 447 319 497 Fovit
356 445 604 497 humum.
688 446 833 511 Cape
882 460 997 493 saxa
1034 459 1202 493 manu
1220 484 1232 508 ‚
1298 459 1429 511 cape
1472 443 1698 506 robora,

959 522 1144 580 pastor
1154 555 1166 574 ,
1596 518 1699 566 420

165 584 589 652 Tollentemque
613 583 787 632 minas
815 592 867 632 et
892 583 1043 633 sibila
1069 583 1203 633 colla
1227 591 1534 633 tumentem

161 657 373 718 Deiice3
412 656 630 720 iamque
656 652 780 718 fuga
803 653 1059 704 timidum
1083 662 1242 720 caput
1264 653 1469 704 abdidit
1492 652 1611 718 alte,

165 730 350 791 Quum
365 724 534 777 medii
556 740 723 774 nexus
745 733 1126 792 extremaeque
1150 725 1360 790 agmina
1383 723 1583 775 caudae

210 858 281 893 418
305 857 483 891 adsuetos
502 855 593 889 Gud.
617 862 651 888 et
666 855 796 888 Moret.
817 866 872 899 pr.
921 854 1083 889 colubris
1103 854 1272 889 Rottend.
1289 853 1393 889 alter.
1439 853 1511 890 419
1531 855 1700 913 pecioris—

163 919 233 952 que
254 905 345 938 Gud.
395 904 627 950 adspargere
642 902 790 935 Mentel.
811 915 866 947 pr.
902 902 1030 948 (Nimis
1054 910 1134 936 sunt
1154 902 1274 936 tenuia
1293 903 1397 936 huius
1417 902 1613 948 scripturae
1634 913 1701 935 ve—

162 953 288 997 stigia,
314 951 344 985 si
365 951 512 990 recedas
541 950 584 983 ab
606 953 693 983 Aen.
724 951 782 990 111,
819 950 900 985 534.
950 951 1141 984 Praeterea
1173 962 1355 997 exsparsa
1374 950 1411 983 in
1430 949 1589 994 margine
1617 946 1698 982 cod.

161 1001 270 1036 Witt.
283 1002 369 1033 Aen.
388 1000 447 1040 ΙΙΙ,
473 998 554 1033 625.
605 997 688 1032 Vid.
708 999 752 1032 V.
772 997 812 1030 L.
835 997 880 1030 ad
898 1010 945 1031 vs.
969 998 1027 1033 57.
1078 1000 1315 1039 Consacrare,
1336 1003 1374 1030 ut
1390 997 1461 1030 hoc
1479 996 1619 1038 addam,
1643 995 1700 1029 bis

159 1048 290 1092 legitur
311 1046 348 1079 in
370 1047 531 1079 Monam.
554 1048 682 1090 Ancyr.
714 1058 750 1090 p.
771 1045 852 1080 371.
882 1052 917 1078 et
934 1046 1016 1081 373.
1042 1045 1127 1078 edit.
1155 1048 1298 1079 Sueten.
1327 1044 1442 1079 Wolf.
1490 1044 1574 1077 vid.
1596 1043 1702 1076 etiam

161 1096 258 1129 Cort.
279 1094 323 1128 ad
340 1095 470 1128 Lucan.
493 1095 520 1135 Ι,
553 1092 635 1128 384.
662 1099 699 1125 et
725 1091 790 1133 III,
817 1091 898 1127 658.
947 1093 1110 1126 Ceterum
1141 1091 1271 1126 bovum
1289 1091 1429 1130 Medic„
1453 1091 1525 1126 vid.
1547 1092 1611 1125 Ge.
1640 1091 1700 1132 lv,

162 1143 264 1183 555.;
299 1148 339 1174 ut
366 1154 423 1186 ap.
455 1141 525 1175 Cic.
557 1140 601 1173 de
630 1141 719 1185 Rep.
751 1141 802 1181 ΙΙ,
829 1140 864 1174 9.
886 1152 906 1173 a
937 1153 983 1174 m.
1014 1152 1069 1186 pr.
1103 1140 1198 1183 Wr.)

162 1204 216 1237 ap.
244 1190 357 1232 Pier.‚
391 1189 477 1222 item
496 1189 623 1222 venet.
651 1188 702 1233 (et
722 1186 874 1220 Parisini
893 1187 926 1222 4.
944 1189 978 1223 7.
1003 1189 1034 1223 8.
1058 1187 1112 1223 14.
1146 1187 1273 1232 Wr.);

161 1251 236 1272 cam
255 1236 433 1271 rationem
449 1236 544 1269 haud
561 1235 667 1268 dubie
687 1235 855 1268 deterius.
891 1235 1023 1268 Eadem
1046 1235 1231 1269 diversitas
1252 1236 1384 1278 Georg.
1406 1235 1468 1276 IV,
1492 1233 1551 1269 43.

1295 1137 1368 1175 420
1392 1139 1503 1173 Fodit
1538 1137 1701 1172 nonnulli

1319 1186 1383 1220 sed
1411 1187 1482 1220 hoc
1503 1186 1548 1220 ad
1577 1186 1701 1232 poeti-

1624 1232 1693 1270 421

161 1287 347 1320 timentem
369 1286 510 1328 Menag.
530 1295 584 1328 pr.
635 1291 798 1316 tuentem
818 1282 928 1316 Goth.
947 1295 1001 1328 pr.
1030 1295 1106 1316 cum
1134 1283 1190 1316 ed.
1210 1283 1301 1317 Ven.
1350 1282 1446 1315 Idem
1470 1293 1593 1315 versus
1612 1283 1698 1314 Aen.

160 1335 203 1376 11,
228 1333 309 1368 381.

406 1330 477 1367 422
501 1343 654 1377 eumque
675 1328 779 1377 fuga
797 1329 928 1364 Medic.
959 1343 978 1363 a
999 1342 1045 1363 m.
1068 1343 1138 1364 sec.
1187 1341 1346 1376 namque
1363 1328 1500 1362 Zulich.
1532 1334 1569 1362 et
1588 1328 1699 1362 Goth.

159 1394 213 1427 pr.
264 1380 443 1414 tumidam
461 1379 556 1412 idem
577 1390 654 1412 cum
674 1377 787 1410 tribus
804 1377 882 1410 aliis
897 1404 905 1418 ,
939 1377 1076 1411 Bodlei.
1098 1385 1134 1411 et
1153 1383 1240 1411 vett.
1263 1376 1343 1411 edd.
1365 1376 1530 1410 Norimb.
1554 1381 1590 1409 et
1608 1377 1699 1409 Ven.

162 1427 265 1464 1475.
315 1427 464 1461 addidit
480 1425 651 1460 Rottend.
668 1437 736 1458 sec.
769 1432 803 1458 et
820 1425 930 1459 Goth.
951 1438 1006 1471 pr.
1043 1426 1157 1472 (deice
1175 1424 1305 1459 Medic.
1326 1423 1396 1458 vid.
1418 1436 1468 1458 vs.
1489 1424 1569 1460 389.
1599 1424 1658 1458 W
1653 1422 1699 1467 r.)

159 1476 230 1512 423
255 1479 351 1510 Dum
381 1480 496 1520 quart.
518 1475 648 1507 Moret.
703 1475 796 1506 Tum
826 1473 935 1507 Goth.
966 1485 1037 1507 sec.
1087 1481 1274 1507 extremae
1300 1472 1452 1519 agmina
1478 1478 1513 1505 et
1537 1483 1559 1505 a
1578 1484 1624 1505 m.
1643 1483 1699 1517 pr.

161 1524 307 1571 agmine
328 1522 475 1556 Mentel.
502 1533 556 1568 pr.
582 1527 618 1554 et
645 1522 836 1555 Romanus.

161 1630 316 1669 Colum.
345 1629 440 1679 VII,
461 1629 509 1680 4,
549 1631 574 1671 6
617 1626 790 1666 Stabula
809 1640 901 1666 vero

147 1690 389 1742 frequenter
409 1687 624 1727 everrenda
655 1695 693 1724 eb
710 1699 902 1738 purgan-

160 1748 366 1786 da—nec
390 1755 549 1785 tantum
568 1759 688 1784 coeno
711 1751 784 1782 aab
801 1751 902 1781 ster-

161 1821 261 1856 core,
281 1806 354 1844 sed
367 1807 545 1843 exitiosis
563 1817 721 1857 qnoque
737 1816 901 1853 serpen-

160 1865 265 1903 tibus
285 1873 389 1902 tecla
410 1863 634 1902 liberentur.
698 1860 901 1899 Adiicitur

159 1923 274 1962 locus
292 1922 422 1962 nostri
444 1927 600 1974 poetae.
618 1920 757 1972 sagit,
772 1918 900 1970 fovit,

161 1996 213 2020 ex
226 1995 350 2030 more,
366 1980 504 2019 aoristi
521 1980 662 2018 forma.
693 1977 902 2033 (Ceterum

159 2041 243 2081 vid.
263 2041 313 2089 Q.
336 2040 381 2079 V.
401 2038 611 2089 XXXIIII,
639 2040 678 2079 3.
709 2034 829 2090 Wr.)

219 2099 317 2141 418.
363 2097 580 2136 Οοίιιόνανη
605 2127 614 2145 ,
658 2095 767 2134 idem
807 2107 901 2132 cum

160 2158 259 2208 boa,
293 2158 342 2196 de
363 2171 442 2209 quo
466 2156 567 2195 Plin.
588 2154 694 2204 VIII,
711 2153 777 2203 14,
799 2167 828 2191 S.
844 2151 897 2194 14

159 2223 382 2266 memorat,
424 2214 622 2268 serpentis
648 2226 773 2266 genus
802 2224 897 2260 esse,

160 2276 334 2328 putabat
371 2274 600 2313 Martinus:
648 2271 742 2324 quia
775 2270 823 2309 de
851 2270 900 2308 iis

160 2335 261 2374 Ptin.
302 2334 498 2385 „aluntur
514 2334 650 2384 primo
677 2329 816 2368 bubuli
833 2329 895 2366 la-

161 2395 236 2431 ctis
252 2407 370 2431 succo
383 2423 393 2442 ,
425 2391 530 2429 uncle
545 2404 691 2428 nomen
706 2388 901 2426 [νηπενθές

162 2451 276 2504 quod
300 2450 400 2490 mihi
427 2463 574 2503 parum
603 2447 812 2501 probabile
835 2445 901 2485 vi-

163 2510 303 2560 detur,
336 2510 434 2548 dum
455 2507 774 2560 magnitudinem
800 2505 902 2543 boae

161 2569 368 2609 recordor.
414 2567 497 2605 Nec
514 2566 611 2605 huic
632 2565 704 2604 uni
723 2562 902 2616 serpenti

161 2627 243 2667 hoc
273 2626 486 2681 proprium
514 2631 594 2675 est,
626 2630 675 2663 ut
692 2624 756 2661 lae
776 2635 899 2661 exsu—

162 2694 242 2741 gat.
301 2686 440 2724 Latius
460 2684 723 2723 colubrorum
752 2694 901 2719 nomen

162 2746 340 2801 patuisse
369 2744 555 2783 videtur:
596 2755 691 2779 nam
721 2740 841 2778 etiam
858 2739 902 2777 in

162 2805 278 2858 aquis
309 2804 451 2856 degere
481 2802 677 2840 dicuntur
707 2798 901 2837 colubro-

163 2879 258 2904 rum
286 2875 453 2917 genera,
494 2866 536 2899 et
563 2859 678 2897 mala
705 2858 902 2909 gramina

157 2932 309 2977 pastas
337 2919 498 2960 colaber
526 2916 706 2958 occurrit
735 2914 833 2954 Aen.
854 2914 901 2965 ΙΙ,

166 2980 263 3024 471.
305 2981 387 3020 Nec
402 2984 537 3019 tamen
555 2977 597 3016 h.
617 2976 644 3015 l.
668 2989 720 3014 ex
742 2974 903 3014 mitium

961 1634 1199 1681 serpentum
1243 1639 1387 1680 genere
1422 1638 1504 1665 esse
1541 1630 1699 1679 potest,

962 1688 1057 1739 quia
1078 1689 1221 1738 pecori
1237 1686 1479 1738 adspergere
1497 1686 1608 1723 virus
1629 1697 1699 1722 so·-

959 1746 1028 1785 let.
1078 1747 1177 1787 420.
1208 1746 1329 1784 Fovit
1347 1744 1529 1782 humum.
1576 1742 1701 1795 Magis

961 1804 1150 1858 explicite
1179 1804 1249 1842 Ge.
1268 1803 1343 1853 IV,
1369 1801 1438 1844 42.
1454 1802 1510 1844 43
1541 1800 1700 1854 effossis

961 1862 1124 1901 latebris
1154 1861 1227 1900 sub
1256 1870 1359 1900 terra
1377 1860 1524 1912 fovere
1553 1860 1695 1898 larem.

961 1923 1089 1960 Fovet
1126 1921 1259 1958 locum
1288 1920 1343 1970 is,
1384 1918 1454 1970 qui
1477 1917 1631 1956 multus
1658 1922 1700 1956 et

961 1979 1146 2018 assiduus
1191 1980 1234 2017 in
1281 1992 1327 2016 eo
1368 1982 1587 2027 moratur3
1643 1975 1700 2014 sic

959 2046 1095 2077 casira
1128 2037 1275 2089 sowere
1303 2035 1401 2075 Aen.
1432 2036 1512 2085 IX,
1547 2035 1626 2085 57,
1660 2039 1700 2072 et

959 2098 1036 2146 sic,
1074 2096 1220 2148 fovere
1253 2095 1429 2133 latebras
1465 2095 1509 2132 in
1544 2092 1696 2141 humo5

957 2155 1055 2195 hinc
1082 2154 1207 2206 magis
1235 2154 1413 2207 poetice,
1442 2152 1589 2204 fovere
1617 2151 1699 2189 Ῑιιι-

959 2229 1081 2253 mum.
1122 2213 1222 2252 Mox
1246 2213 1356 2264 Cape
1378 2225 1502 2250 saxa.
1542 2210 1601 2248 lta
1617 2217 1700 2263 p'u-

959 2278 1150 2326 gnantem
1187 2271 1351 2310 inducit
1400 2275 1609 2323 pastorem
1636 2268 1699 2306 in

961 2331 1097 2371 Culice
1120 2330 1200 2373 155
1212 2344 1296 2382 sqq.
1318 2331 1412 2372 190.
1472 2326 1571 2369 421.
1591 2327 1700 2366 colla

961 2390 1083 2429 sibila
1101 2420 1111 2439 ,
1146 2402 1250 2441 quae
1280 2387 1442 2426 sibilum
1470 2385 1611 2436 edunt,
1631 2393 1698 2423 tu—

961 2457 1156 2497 menlem,
1196 2461 1248 2486 ex
1274 2445 1479 2485 Nicandro
1514 2443 1698 2484 Theriac.

965 2509 1059 2549 179.
1097 2508 1180 2548 180
1214 2501 1416 2558 ψαφαρὸς
1446 2498 1488 2544 δ’
1509 2498 1698 2555 α’ναπίμ-

960 2569 1109 2606 πλαται
1137 2560 1268 2616 αὐχήν
1296 2560 1467 2616 ’Ἀκριτα
1511 2558 1698 2612 ποιφύσ-

962 2622 1115 2671 σοντος.
1142 2622 1192 2661 cf.
1210 2620 1331 2660 eund.
1350 2634 1390 2660 v.
1410 2623 1479 2662 21.
1539 2621 1697 2669 Deam,

958 2687 1185 2735 prosterne,
1217 2679 1312 2732 quia
1330 2679 1532 2717 tollentem
1550 2679 1697 2728 minas,

959 2740 1001 2779 h.
1030 2739 1188 2778 sublato
1214 2744 1379 2791 pectore
1414 2743 1455 2775 et
1472 2737 1600 2789 capite
1619 2735 1698 2774 mi—
1732 2762 1734 2767 -

960 2804 1140 2838 nantem.
1191 2797 1372 2836 variavit
1388 2809 1553 2835 versum
1576 2800 1699 2848 poeta

960 2856 1060 2896 Aen.
1094 2856 1152 2906 ΙΙ,
1189 2858 1271 2898 381
1322 2855 1583 2906 Λίίοίἰεηίειη
1614 2854 1698 2891 iras
1732 2852 1734 2855 ⁴

961 2924 998 2954 et
1018 2915 1184 2954 caerula
1202 2915 1310 2952 eolla
1334 2921 1564 2952 tumentem.
1598 2910 1696 2953 422.

961 2982 1088 3026 caput
1107 2972 1266 3012 abdidit
1285 2973 1367 3011 alte
1379 3002 1391 3022 ‚
1424 2971 1467 3011 in
1486 2976 1619 3010 terrae
1635 2970 1697 3007 la-
