1734 3320
275 145 760 230 GmRffl-GON
793 156 937 225 ΜΒ.
961 173 1012 238 1,
1050 178 1368 252 εει-3271
1465 185 1570 236 349

0 300 150 372 W'Sae
189 318 220 353 e
241 301 401 352 etiam
420 300 731 350 inmensum
747 298 902 350 coelo
920 299 1069 350 venit
1083 317 1277 367 agmen
1293 277 1568 373 aquarum,

15 373 19 376 ⁷
41 373 112 425 Et
151 369 354 425 oeffl
375 369 680 436 glomerant
701 378 1083 437 tempestatem
1106 371 1372 424 imbribus
1397 381 1520 426 atris

43 440 335 494 Conleetae
365 457 428 490 ex
451 440 557 490 alto
581 439 779 502 nubes;
815 441 924 491 ruit
947 439 1144 491 arduus
1167 441 1381 509 aether,

39 514 109 564 Et
131 511 310 588 pluvia
334 511 539 576 ingenti
563 519 671 560 sata
693 510 829 561 laeta
853 510 1025 561 houm

1107 529 1137 562 e
1164 511 1379 564 labores
1464 519 1569 570 325

38 580 231 649 Diluit3
266 579 542 648 inplentur
560 579 763 645 fossae,
803 589 856 631 et
877 598 999 631 cava
1062 583 1247 632 umina
1271 595 1521 635 crescunt

41 653 183 704 Cum
199 652 401 712 sonitu;
436 649 720 719 fervetque
744 649 895 702 fretis
914 652 1238 720 spirantibus
1259 670 1479 722 aequor,
1516 692 1521 698 .

84 771 157 807 322
180 783 226 805 ex
244 769 347 807 caelo
366 770 505 815 Menag.

37 816 157 853 Theb.
173 819 200 860 1,
218 817 290 854 356
299 830 309 858 ;
332 817 398 850 sed
413 817 486 851 vid.
504 816 619 851 Burm.

34 911 161 958 fragm.
181 912 311 946 Moret.

35 959 168 994 altero:
204 959 275 993 hoc
295 957 402 993 etiam
419 959 596 992 Romanus
616 969 659 992 ex

536 781 592 815 pr.
640 783 662 804 e
689 769 791 804 caelo
819 769 876 806 ed.
901 770 994 804 Ven.
1043 771 1122 805 ruit
1146 784 1170 805 a

691 816 760 852 325
784 819 872 851 Aen.
889 818 932 858 11,
952 817 1024 853 306
1045 818 1203 865 rapidus
1220 821 1567 867 montanoflunu'ne

37 873 187 900 torrem
203 865 348 899 Sternit
363 876 496 912 agros,
521 865 658 898 sternit
677 872 762 898 sata
778 864 880 898 laeta
897 862 1075 910 boumque
1092 864 1248 900 labores.

406 911 477 947 327
493 909 846 992 ferventzzffieffcth.
867 923 922 956 pr.

769 982 778 998 2

1253 784 1280 806 n
1309 771 1431 807 Schol.
1458 772 1568 808 statii

1342 867 1414 903 326
1436 868 1567 901 Deluit

963 910 1082 959 fretis
1102 912 1359 960 spumantibus
1375 913 1470 948 idem
1486 926 1565 948 cum

813 966 849 992 et
870 965 923 992 est
943 958 1100 1004 apertius
1112 972 1122 1002 ς
1153 960 1218 994 sed
1243 967 1298 995 est
1315 960 1428 995 minus
1456 962 1565 996 docta

33 1004 154 1041 lectio.
200 1005 316 1041 Etiam
330 1008 419 1041 Aen.
431 1005 484 1050 X,
503 1006 572 1042 291
604 1007 687 1050 Qua
703 1005 806 1040 vada
828 1017 906 1040 non
929 1007 1096 1054 spirant,
1126 1005 1337 1055 nee-stacta
1354 1021 1563 1044 remurmu—

34 1061 98 1088 rat
116 1054 230 1090 unda.

33 1163 57 1189 a
82 1150 233 1204 poetis,
265 1149 320 1192 ad.
345 1148 585 1190 variandam
610 1149 768 1190 oratio-

30 1221 146 1260 nem,
172 1210 248 1259 sic,
280 1210 357 1259 ita,
389 1208 508 1248 haud
521 1210 654 1258 aliter,
679 1223 765 1260 pa—

29 1268 147 1318 riter,
187 1267 235 1306 in
260 1265 342 1306 fine
374 1267 599 1307 sententiae
624 1267 767 1306 subiici

31 1325 163 1364 solent
177 1325 470 1379 comparative:
489 1324 630 1375 „haud
647 1325 766 1364 aliter

28 1381 168 1434 hiems,
195 1384 330 1436 gravis
347 1389 564 1437 tempestas
584 1397 630 1422 ea
647 1389 764 1436 parte

29 1442 126 1480 anni
144 1472 156 1491 ,
197 1455 278 1494 qua
302 1443 572 1495 procellosum
603 1448 764 1494 tempus

27 1512 111 1538 esse
130 1501 246 1550 solet,
267 1498 506 1554 (auctumno
527 1506 568 1539 et
587 1513 684 1539 vere
701 1513 762 1540 vs.

27 1560 109 1599 311
134 1580 193 1588 —-
211 1558 308 1602 315.
357 1572 443 1598 non
481 1571 584 1610 quae
627 1566 762 1596 nostra

25 1616 155 1654 hiems
172 1614 339 1670 dicitur)
369 1623 461 1656 orta
466 1616 622 1667 sert-et,
660 1615 762 1654 diri-

24 1680 162 1727 peret,
192 1674 381 1727 stipulas,
403 1688 527 1727 quam
543 1688 655 1714 nunc
674 1687 763 1712 me-

26 1732 93 1771 dia
107 1738 257 1772 aestate
266 1732 464 1772 radicitus
480 1733 624 1772 aristas
640 1733 761 1772 sert.“

23 1789 72 1830 In
107 1790 201 1837 hac-
226 1791 390 1830 demum
424 1791 762 1844 interpretatione

6 1849 275 1900 'acquiescere
320 1849 427 1889 licet.
498 1847 605 1903 (Sed
650 1847 761 1899 vide,

23 1920 127 1959 quae
143 1908 285 1960 scripsi
302 1907 347 1947 in
364 1907 412 1947 V.
428 1908 472 1946 L.
497 1906 618 1962 Wr.)
650 1908 760 1946 Con-

21 1965 138 2004 venit
153 1996 164 2016 ,
215 1979 268 2005 ex
308 1972 427 2019 parte
463 1971 600 2004 tamen
615 1996 626 2015 ‚
675 1979 760 2004 non

21 2037 204 2076 prorsus,
230 2024 376 2065 Horat.
395 2025 521 2063 Serm.
542 2024 592 2074 ΙΙ,
613 2027 653 2074 2,
676 2022 759 2065 124

21 2082 87 2120 Ae
120 2091 310 2122 venerata
341 2083 454 2122 Ceres
470 2112 482 2131 ,
526 2084 586 2120 ila
625 2082 759 2120 culmo

22 2149 199 2192 surgeret
219 2141 303 2178 alto
314 2141 527 2191 Explicuit
546 2141 640 2179 vino
660 2153 758 2177 con-

22 2205 175 2236 tractae
194 2200 300 2236 seria
316 2198 487 2251 frontis.
529 2197 601 2236 ubi
625 2197 757 2236 Bentl.

20 2255 79 2294 ita
97 2256 179 2295 scil.
198 2262 248 2295 ut
267 2256 346 2295 iam
368 2269 479 2295 nunc
495 2255 635 2308 surgit.
673 2255 759 2293 Im—

20 2327 88 2352 mo
116 2327 216 2353 vero
241 2320 302 2353 est
328 2314 503 2366 petitum
532 2328 556 2351 a
583 2314 759 2352 formula

19 2372 229 2424 precandi,
242 2372 491 2411 obtestandi:
513 2372 572 2410 ita
587 2378 635 2412 ut
646 2385 759 2411 nunc

4 2431 235 2482 precatur,
265 2431 371 2470 votis
394 2430 559 2483 expetit.

79 2491 176 2531 322.
206 2489 440 2528 Praeiverat
459 2489 573 2527 locus
593 2488 757 2540 insignis

19 2545 188 2585 Homeri
221 2546 268 2586 Π.
293 2564 344 2597 π,
378 2546 463 2590 385
496 2560 580 2599 sqq.
624 2542 754 2600 ἤματ’

20 2599 231 2659 ὀπωρινῷ,
284 2601 351 2646 ὅτε
391 2601 638 2659 λαβρότατον
674 2603 755 2658 χέει

19 2657 135 2713 ὕδωρ
163 2659 271 2710 Ζεύς
292 2676 348 2714 sq.
377 2677 470 2702 cum
498 2663 658 2702 Lucret.
686 2662 752 2713 Vl,

19 2719 105 2761 255
117 2732 203 2771 sqq.
233 2721 446 2759 Praeterea
458 2735 656 2772 persaepe
667 2734 752 2773 sqq.

19 2791 172 2828 agmen
187 2791 390 2829 aquarum
409 2779 458 2817 de
478 2779 608 2817 imbre
630 2779 754 2819 denso

18 2834 244 2886 ingruente.
299 2839 406 2874 venit
417 2867 429 2886 ,
471 2838 556 2875 ruit
562 2852 574 2886 3
621 2840 755 2876 venire

19 2892 127 2930 enim
144 2892 265 2931 etiam
283 2891 364 2930 hoc
382 2907 502 2933 sensu
519 2895 612 2933 satis
631 2908 754 2947 grave

18 2950 203 2991 verbum.
269 2951 316 2989 V
311 2952 446 2989 entant
471 2951 601 2990 hostes
614 2983 625 3002 ,
657 2952 753 2991 bar-

826 1149 917 1190 ban·
928 1181 940 1201 ,
983 1151 1056 1204 qui
1074 1151 1273 1204 impetum
1297 1152 1453 1192 faciunt
1469 1157 1560 1202 etc.‚

825 1215 876 1249 ut
923 1208 1066 1250 docuit
1102 1211 1242 1250 Burm.
1281 1209 1324 1250 h.
1364 1211 1392 1250 l.
1433 1216 1474 1249 et
1507 1210 1561 1249 ad

824 1267 1045 1318 Phaedr.1‚
1072 1270 1142 1310 21.
1181 1269 1229 1308 ef.
1259 1267 1358 1308 Aen.
1377 1269 1431 1319 X,
1460 1268 1559 1312 456.

825 1325 921 1368 324.
942 1340 991 1364 ex
1010 1327 1096 1364 alto
1111 1326 1236 1365 nubes
1250 1328 1452 1366 conlectae
1462 1327 1561 1366 Ser-

821 1385 890 1423 vio
910 1389 1009 1423 sunt
1026 1398 1050 1423 a
1070 1385 1378 1436 septemtrione:
1409 1398 1448 1424 v.
1468 1398 1558 1438 sup.

821 1456 861 1481 v.
891 1441 977 1484 240
997 1472 1008 1492 ,
1050 1442 1162 1494 quod
1195 1444 1302 1482 sorte
1330 1442 1450 1482 nimis
1481 1442 1559 1482 do-

822 1505 946 1539 ctum.
1005 1499 1107 1550 Alii,
1146 1507 1196 1539 ut
1222 1501 1346 1541 Iulius
1371 1501 1557 1552 Sabinus,

821 1571 842 1596 e
867 1558 989 1609 mari3
1019 1558 1130 1610 quod
1147 1558 1191 1597 in
1217 1565 1398 1598 mentem
1416 1560 1558 1599 venire

818 1623 971 1670 potest,
1002 1617 1035 1655 si
1054 1616 1215 1655 Italiam
1232 1618 1391 1670 cogites.
1449 1618 1557 1656 Sim-

818 1675 1081 1727 plicissimum
1108 1681 1186 1725 est,
1215 1676 1348 1714 altum
1372 1675 1423 1714 de
1444 1676 1556 1715 caelo

815 1733 1061 1785 intelligere,
1098 1746 1151 1772 ex
1181 1746 1272 1772 aere
1302 1733 1557 1773 descendunt

819 1797 1054 1831 contractae
1071 1791 1217 1843 nubes;
1245 1791 1319 1831 inf.
1336 1792 1421 1835 443
1439 1803 1556 1844 urget

818 1849 872 1888 ab
901 1850 986 1889 alto
1011 1851 1165 1888 Notus.
1205 1850 1345 1902 itaque
1374 1852 1456 1889 ruit
1481 1865 1555 1889 ae-

817 1908 906 1946 ther
926 1906 968 1947 h.
988 1908 1117 1947 nubes
1142 1908 1345 1948 collectae.
1381 1908 1482 1948 Aen.
1505 1908 1554 1959 V,

819 1966 903 2009 695
943 1967 1025 2005 ruit
1059 1966 1217 2005 aethere
1256 1975 1336 2006 toto
1374 1966 1555 2006 turbidus

817 2023 943 2062 imber
957 2039 1085 2076 aqua.
1119 2024 1294 2064 Martial.
1314 2025 1390 2075 IH,
1409 2028 1503 2075 100,
1526 2028 1553 2067 3

817 2081 1018 2121 Imbribus
1035 2084 1263 2122 immodicis
1278 2084 1439 2122 caelum
1453 2098 1554 2121 nam

803 2139 918 2191 sorte
934 2139 1085 2179 ruebat.
1135 2141 1372 2181 Praeiverat
1389 2142 1552 2181 Lucret.

816 2198 882 2248 VI,
912 2200 1011 2248 290,
1046 2201 1066 2241 1
1115 2199 1258 2238 Omnis
1285 2202 1348 2238 zai
1367 2199 1555 2238 videatur

816 2257 859 2293 in
880 2255 1045 2294 imbrem
1067 2257 1215 2304 solvier
1231 2258 1381 2296 aether.
1442 2257 1552 2297 Alias

815 2314 976 2351 caelum
1001 2316 1082 2352 ruit
1109 2316 1283 2365 tonilum
1315 2314 1426 2355 unde
1449 2315 1549 2355 Aen.

814 2371 846 2422 Ι,
879 2374 960 2413 129
1003 2373 1110 2411 caeli
1143 2375 1264 2412 ruina
1300 2374 1466 2414 omnino
1499 2375 1550 2414 de

814 2430 1004 2483 procella.
1074 2432 1171 2474 325.
1210 2432 1330 2471 boum
1367 2432 1545 2482 labores,

816 2488 911 2542 ἔργα
932 2489 1045 2542 βοῶν
1057 2488 1345 2545 Hesiodi’qu.
1357 2490 1426 2533 46.
1458 2491 1549 2530 Ho—

813 2559 912 2585 mer.
935 2547 962 2585 l.
983 2560 1016 2585 c,
1037 2547 1150 2587 Iliad.
1168 2564 1220 2599 π,
1245 2551 1351 2600 392,
1387 2555 1429 2587 et
1452 2548 1550 2588 hinc

814 2605 892 2643 alii.
923 2618 964 2644 v.
988 2605 1119 2644 Cerda
1148 2612 1190 2645 et
1215 2607 1333 2647 Fulv.
1364 2607 1547 2647 Ursinus.

814 2665 911 2705 326.
942 2677 1049 2702 σανα
1058 2665 1246 2715 flumina
1258 2695 1269 2715 ‚
1298 2678 1400 2717 quae
1419 2666 1463 2704 in
1484 2666 1547 2704 al-

812 2721 897 2760 veis
918 2722 1067 2760 cavatis
1086 2722 1270 2763 fluebant
1277 2738 1290 2774 5
1305 2736 1417 2763 nunc
1431 2723 1546 2762 littus

813 2786 977 2818 exeunt.
1015 2780 1098 2819 vid.
1116 2781 1254 2821 Burm.
1278 2782 1331 2820 ad
1347 2782 1495 2820 Lucan.
1513 2781 1544 2830 I,

813 2840 909 2879 396.
969 2840 1067 2880 327.
1081 2839 1199 2891 fieta
1225 2841 1427 2891 spirantia
1449 2845 1546 2876 sunt

812 2896 1050 2934 aestuantia.
1071 2896 1169 2936 Aen.
1182 2898 1235 2948 X,
1253 2900 1351 2946 291,
1371 2897 1442 2934 ubi
1459 2896 1543 2934 vid.

811 2953 950 2993 Heins.
1005 2957 1184 3006 spirant,
1237 2967 1340 3006 quae
1374 2953 1543 2992 efferve-
