1768 3320
343 216 766 302 BUCQLICA
806 219 971 271 ECL.
1006 221 1097 284 111,
1133 224 1359 277 75—80

1501 232 1598 282 115

1 398 13 403 ,γ
84 345 225 398 Cum
242 341 433 394 faciam
447 343 610 410 zitula
628 360 729 412 pro
754 343 1023 412 frugihm,
1062 348 1175 414 ipse
1195 350 1390 402 venitO.

81 430 138 467 u.
173 411 413 479 Phyllida
426 430 549 464 amo
571 422 694 465 ante
713 413 859 468 alias:
885 433 1013 466 nam
1034 433 1127 467 me
1140 416 1418 469 discedere
1438 418 1597 488 flevit,

80 486 150 536 Et
164 483 391 549 longum
408 486 697 546 Formose,
734 484 873 550 vale,
909 486 1049 550 vale,
1086 487 1284 554 inquit,
1319 488 1461 542 IoHa.

79 568 131 607 n.
166 554 341 604 Triste
358 554 516 621 lupus
532 553 763 619 stabuliS‚
797 557 1019 606 maturis
1038 554 1280 622 frugibus
1298 558 1512 624 imbres,
1534 567 1599 613 80

151 655 235 703 78.
269 666 488 712 ηῑνιτς

150 726 236 774 79.
268 722 371 785 ΕΤ,
407 723 642 771 LoNGuM
661 735 914 773 ronnosn
934 739 983 774 v,

127 828 177 867 77
199 828 355 864 vitulam
371 827 473 863 R'om.
501 836 537 862 et
553 829 682 864 Medic.
700 829 809 864 Pierii
824 854 833 870 ,
856 830 944 874 Reg.
963 830 1111 863 etVoss.
1131 841 1207 863 cum
1228 829 1285 865 ed.
1295 829 1385 863 Ven.
1397 827 1597 869 Burmanni3

83 874 187 911 etiam
201 876 297 911 Non.
312 875 471 911 Marcell.
490 875 528 909 in
538 875 680 924 facere.
729 876 801 911 Sed
817 875 910 910 istud
930 876 1034 910 etiam
1052 875 1219 912 Priscian.
1240 884 1276 910 et
1302 876 1459 910 Macrob.
1508 877 1599 921 (Fa-

82 932 184 967 cere,
209 922 258 958 de
274 935 314 958 re
331 923 469 965 divina,
495 930 531 957 et
547 923 734 957 ablativum
755 931 790 957 et
809 923 1037 957 accusativum
1055 923 1252 957 adiunctum
1270 923 1396 964 habet;
1418 923 1490 956 vid.
1507 924 1600 956 Dra-

80 970 188 1005 laub.
203 970 249 1005 ad
265 970 343 1005 Liv.
363 972 390 1014 Ι,
409 968 467 1006 45.
487 977 523 1004 et
538 971 587 1013 X,
603 968 662 1007 42.
709 970 781 1004 Sed
800 970 1032 1004 accusativum
1053 970 1088 1004 11.
1106 970 1143 1013 1.,
1168 978 1204 1004 ut
1225 969 1374 1004 Vossius
1396 969 1505 1011 vidit,
1536 981 1600 1003 so-

81 1016 120 1051 ni
139 1016 314 1064 elegantia
330 1016 476 1063 respuit.
511 1017 608 1062 Wr.)
654 1018 767 1051 Porro
784 1017 919 1051 Alcuin.
945 1018 1131 1051 Grammat.
1153 1024 1220 1051 vet.
1236 1018 1320 1063 ipsa
1340 1018 1483 1057 venito,
1510 1029 1550 1050 ac
1569 1015 1600 1049 si

81 1063 167 1099 Iole
186 1064 339 1099 feminae
356 1076 486 1098 nomen
507 1071 619 1098 esset:
642 1063 751 1097 male:
775 1076 808 1098 v.
826 1064 900 1098 Ecl.
922 1066 966 1106 11,
991 1064 1049 1100 57.

1155 1064 1201 1099 80
1226 1062 1340 1097 imber
1366 1071 1438 1097 tres
1471 1062 1600 1096 vetusti

83 1118 120 1146 et
136 1112 280 1154 rma,
303 1111 398 1158 quod
427 1113 544 1145 Burm.
576 1111 734 1156 praefert
750 1137 759 1152 ‚
790 1123 893 1156 quum
922 1123 1043 1145 omnes
1065 1110 1141 1144 fere
1166 1110 1269 1144 huius
1294 1122 1415 1143 versus
1436 1122 1541 1144 voces
1562 1109 1600 1143 in

82 1158 224 1193 sibilum
241 1165 375 1192 aeaut.
422 1157 568 1204 (sibilos
587 1157 706 1203 plures
724 1157 857 1202 pariter
885 1158 1077 1192 cumulatos
1106 1157 1177 1191 vid.
1210 1170 1265 1202 ap.
1294 1157 1376 1191 Tib.
1412 1159 1440 1200 1,
1467 1158 1502 1199 3,
1530 1154 1594 1193 54.

82 1203 203 1252 ibique
216 1205 317 1240 obss.
346 1206 452 1240 Wclz.
476 1204 548 1238 vid.
569 1204 665 1238 Iahn.
687 1204 732 1239 ad
749 1207 835 1238 Aen.
855 1206 916 1248 VI,
937 1206 1019 1241 310.
1049 1205 1144 1249 Wr.)

28 1314 37 1320 ·
85 1302 201 1351 1073
241 1306 314 1340 aut
341 1300 584 1350 Menalcam,
627 1305 813 1352 suscepta

81 1357 204 1398 Iollae
220 1371 412 1412 persona,
441 1358 544 1397 haec
556 1371 632 1411 pro
651 1357 724 1396 illo
743 1370 811 1396 re—

82 1416 302 1470 spondisse.
361 1416 478 1466 Quae
494 1429 620 1468 quum
639 1416 700 1454 ita
718 1415 811 1465 sint,

82 1488 168 1514 non
196 1474 405 1514 commode
438 1475 605 1526 longum
643 1473 812 1526 accipias

82 1531 125 1571 h.
141 1532 169 1572 1.
183 1546 261 1586 pro
279 1534 323 1570 in
341 1533 523 1585 long-mn.
575 1531 689 1580 Quos
705 1531 812 1569 enim

81 1590 248 1644 longum
281 1590 418 1630 valere
447 1589 530 1629 hoc
552 1602 671 1628 sensu
693 1589 812 1628 iube-

82 1662 185 1698 mus,
215 1661 283 1687 eos
301 1654 375 1687 aut
392 1661 494 1697 sero,
515 1653 587 1686 aut
602 1660 812 1699 nunquam

81 1705 287 1746 redituros
315 1712 518 1759 putamus.
578 1703 703 1754 Quod
736 1718 812 1743 cur

82 1763 125 1804 h.
144 1763 172 1803 1.
191 1769 428 1814 statuamus,
457 1763 686 1816 propinqua
704 1768 813 1801 certe

82 1821 172 1861 loca
187 1821 373 1875 Phyllide
398 1827 439 1860 et
457 1821 556 1860 Iolla
566 1851 577 1871 ‚
622 1821 706 1860 sive
723 1820 812 1859 Me-

82 1880 219 1930 nalca,
247 1878 548 1929 habitantibus,
585 1878 686 1918 nihil
713 1891 813 1918 cau-

84 1951 150 1977 sae
165 1937 297 1977 video.
326 1938 383 1977 Ut
400 1944 537 1977 autem
554 1937 696 1989 longos
712 1939 813 1975 ciere

87 1997 204 2035 aecus
214 1995 378 2046 dicitur,
395 2003 436 2035 et
454 1996 607 2045 similia,
624 1995 682 2033 sic
691 1995 814 2033 efiam

84 2054 253 2106 longum
269 2054 363 2093 vale
377 2053 505 2107 probe
524 2053 680 2092 dictum
702 2052 815 2091 arbi-

83 2117 196 2162 tror,
234 2112 474 2164 praesertim
496 2125 623 2164 quum
646 2111 814 2149 similem

83 2169 129 2209 in
151 2169 322 2209 modum
353 2169 463 2222 apud
491 2170 685 2222 probatos
712 2168 815 2207 scri-

84 2233 224 2280 ptores
254 2228 412 2281 legatur
447 2241 678 2279 supremum
702 2227 809 2265 vale.

86 2285 268 2335 Tib.1]I‚
302 2287 346 2336 1,
375 2287 464 2327 21.:
504 2284 621 2335 „Sed
637 2284 815 2337 primum

85 2342 307 2396 nympham
344 2343 497 2396 longa
526 2343 675 2381 donate
703 2342 815 2381 salu-

84 2403 175 2440 te.“
201 2401 286 2441 vid.
312 2401 369 2440 ibi
388 2400 571 2440 Huschk.
601 2401 708 2439 Hinc
724 2412 814 2439 voc.

85 2459 254 2511 long-um
268 2459 437 2509 minore,
458 2461 647 2498 For-mose
664 2457 816 2496 maiore

85 2517 206 2556 litera
230 2517 378 2556 initiali
406 2516 715 2570 exprimendum
741 2529 816 2555 cu-

86 2575 187 2614 ravi.
241 2574 360 2630 Wr.)
421 2578 489 2617 77.
530 2575 632 2613 Cum
646 2574 817 2627 faciam

87 2633 219 2671 vitula
250 2648 329 2685 pro
358 2633 571 2686 frugibus.
647 2634 817 2671 Sacrum

90 2689 330 2730 ambarvale.
390 2692 538 2743 Georg.-
554 2691 593 2740 Ι,
625 2689 721 2733 345.
767 2690 816 2728 cs.

91 2747 236 2786 Tibull.
256 2749 296 2799 1,
329 2751 376 2798 1,
406 2753 475 2791 21.
515 2749 574 2798 II,
609 2751 645 2789 1.
671 2748 817 2800 facere

85 2805 381 2858 profrugibus,
392 2807 505 2860 ῥέξαι
514 2803 620 2859 ὑπὲρ
635 2808 819 2846 Δαναῶν

91 2862 203 2901 Iliad.
222 2879 270 2913 α,
298 2862 394 2905 444.
434 2862 592 2918 (Festus
609 2877 632 2901 a
650 2863 818 2902 Taubm.

91 2919 301 2959 laudatus:
360 2951 385 2970 „
401 2920 652 2960 Ambarvalis
686 2920 819 2959 hostia

94 2983 174 3027 est,
218 2991 320 3029 quae
339 2980 399 3017 rei
417 2979 577 3018 divinae
596 2993 715 3017 causa
737 2979 818 3017 cir-

870 1314 963 1339 cum
990 1313 1090 1339 arva
1119 1298 1285 1338 ducitur
1319 1298 1370 1337 ab
1394 1298 1471 1348 iis,
1531 1298 1600 1350 qui

868 1371 959 1411 pro
1020 1357 1263 1409 frugibus
1320 1356 1551 1395 faciunt.
1574 1359 1598 1378 “

870 1416 957 1454 Tib.
987 1415 1027 1465 I,
1067 1415 1115 1464 5,
1156 1417 1225 1456 27.
1247 1427 1322 1466 sq.:
1362 1413 1474 1463 „deo
1503 1427 1598 1467 pro

868 1473 1075 1513 vitibus
1103 1485 1249 1522 uvam,
1295 1471 1393 1511 Pro
1423 1477 1599 1524 segete

869 1531 1016 1584 spicas,
1064 1544 1158 1583 pro
1198 1541 1346 1582 grege
1385 1530 1492 1568 ferre
1523 1529 1599 1568 da-

868 1602 972 1642 pem.
984 1591 1009 1611 “
1066 1587 1202 1627 vitula
1219 1593 1356 1626 autem
1373 1586 1502 1626 maior
1519 1586 1598 1626 ho-

869 1647 967 1698 8113,
1020 1646 1087 1684 alii
1110 1658 1301 1698 porcum,
1345 1644 1415 1683 alii
1444 1658 1598 1696 agnam,

868 1719 944 1757 pro
992 1704 1074 1742 suis
1121 1703 1288 1755 quisque
1326 1702 1597 1752 facultatibus,

868 1762 1144 1801 immolabant.
1205 1760 1292 1799 Tib.
1325 1759 1344 1798 Ι
1357 1789 1369 1809 ,
1416 1762 1437 1801 1
1456 1789 1468 1809 ,
1506 1763 1598 1802 21.:

869 1821 1023 1870 „Tunc
1058 1819 1229 1859 vitula
1265 1818 1497 1856 innumeros
1531 1817 1600 1856 lu-

868 1878 1027 1917 strabat
1064 1890 1178 1916 caesa
1212 1876 1426 1915 iuvencos:
1483 1875 1519 1914 N
1521 1888 1601 1914 unc

870 1949 999 1989 agna
1036 1934 1171 1987 exigui
1203 1940 1265 1972 est
1292 1932 1428 1972 hostia
1457 1946 1600 1985 magna

869 1994 983 2033 soli.“
1042 1994 1249 2041 Ceterum,
1279 1997 1328 2030 ut
1343 1991 1445 2029 bene
1461 1991 1600 2029 obser-

869 2051 1169 2099 vavitvossius,
1190 2063 1282 2088 cum
1299 2049 1485 2088 irrisione
1500 2048 1601 2087 haec

872 2110 983 2149 dicta
1002 2115 1099 2148 sunt
1122 2123 1145 2146 a
1164 2108 1379 2157 Damoeta3
1410 2107 1475 2145 die
1495 2106 1600 2145 enim

871 2167 997 2207 natali
1020 2167 1137 2219 genio
1166 2172 1288 2217 atque
1314 2164 1516 2203 amoribus
1533 2164 1600 2202 in-

873 2225 1112 2278 dulgebant,
1141 2223 1183 2262 in
1206 2222 1328 2261 sacris
1347 2228 1482 2262 autem
1501 2221 1599 2260 deo-

871 2297 965 2323 rum
981 2313 992 2332 ,
1041 2282 1092 2321 ad
1127 2294 1229 2333 quae
1257 2280 1399 2319 Iollam
1436 2279 1599 2328 invitat,

873 2341 1007 2380 omnia
1026 2340 1228 2379 debebant
1237 2351 1319 2376 esse
1339 2344 1461 2376 casta.
1480 2336 1598 2375 Ovid.

871 2398 961 2438 Am.
986 2398 1064 2448 III,
1099 2401 1172 2446 10,
1207 2399 1244 2438 1.
1262 2409 1347 2448 sqq.
1378 2396 1464 2435 Tib.
1482 2394 1531 2443 Π,
1561 2397 1598 2443 1,

875 2460 943 2499 11.
970 2470 1055 2508 sqq.
1108 2453 1235 2509 lVr.)
1294 2456 1362 2496 79.
1408 2455 1601 2503 Longum

871 2515 979 2564 vale,
1003 2509 1138 2566 μακραὶ
1155 2516 1287 2566 χαῖρε,
1317 2511 1456 2549 Claud.
1477 2511 1598 2561 Rapt.

871 2573 982 2612 Pros.
1002 2572 1048 2622 Π,
1068 2569 1166 2613 234.
1198 2570 1264 2610 Sis
1280 2583 1444 2618 memor,
1459 2582 1498 2617 ο,
1509 2567 1600 2604 lon-

869 2643 1049 2683 gumque
1065 2629 1172 2667 vale.
1204 2626 1434 2666 vid.Bu1-m.
1454 2631 1494 2663 et
1503 2625 1600 2662 Cer-

873 2689 938 2727 da.
969 2687 1097 2726 Simili
1113 2685 1235 2725 modo
1248 2684 1400 2723 Statius
1410 2683 1466 2722 IV
1476 2681 1599 2720 Theb.

875 2746 971 2789 158.
1001 2745 1035 2784 si
1050 2745 1170 2783 lectio
1185 2756 1285 2782 vera
1303 2748 1381 2780 est:
1397 2739 1601 2793 frondosa

873 2805 1043 2856 longum
1062 2802 1160 2841 deus
1177 2801 1295 2840 audit
1310 2799 1363 2837 ab
1386 2799 1502 2837 Oeta.

932 2864 1000 2903 80.
1030 2859 1262 2900 Secundum
1281 2855 1518 2895 Theocritea
1532 2851 1600 2890 ffla

874 2919 992 2971 Idyll.
1015 2918 1118 2967 vm,
1149 2918 1205 2960 57
1226 2928 1309 2967 sqq.
1368 2911 1515 2966 (Ji-iste
1532 2909 1599 2946 lu-

869 2992 954 3028 pus
967 3007 979 3025 ,
1028 2982 1151 3015 notus
1180 2971 1430 3012 Graecismus
1454 2966 1521 3006 vel
1547 2977 1600 3003 ex

1244 3043 1330 3097 3*
