1768 3320
178 186 284 235 332
526 183 581 233 P.
631 162 979 234 VIRGILII
1022 185 1394 236 MARoms

179 307 292 358 Sub
311 307 544 375 pedibus
571 310 695 374 Styx
718 319 825 360 atra
850 310 998 360 videt
1020 313 1318 380 Manesque
1345 312 1622 381 profundi.

175 381 456 429 Maxumus
482 378 735 430 hic‘flexu
757 381 976 430 sinuoso
1005 381 1232 432 elabitur
1258 385 1459 450 Anguis

178 449 396 501 Circum
416 466 625 517 perque
640 449 777 500 ‘duas
798 452 854 501 in
877 468 1096 502 morem
1116 450 1355 504 fluminis
1376 457 1581 520 ArctOS,
1602 457 1706 508 245
1739 494 1742 499 «

174 521 365 570 Arctos
390 521 594 571 Oceani
615 522 908 576 metuentis
932 539 1170 590 aequore
1193 524 1386 591 tingui:

245 615 363 667 245.
402 615 617 666 CIRCUM
628 655 642 680 ,

220 729 293 767 244
327 731 465 766 labitur
481 732 664 766 -Rottend.
695 731 805 775 alter,
836 732 961 777 fragm.
992 734 1143 777 Moreti,
1175 746 1266 769 unus
1293 733 1462 769 Arundel.
1507 734 1579 770 Sed
1609 733 1708 769 elabi
1756 759 1757 762 κ

174 785 231 813 est
248 779 456 824 simpliciter
475 778 568 821 labi,
601 780 749 820 venire,
783 782 870 814 Aen.
891 781 935 822 V,
954 781 1033 817 151.
1067 783 1133 824 IX,
1150 783 1231 818 632.
1264 784 1380 816 Burm.
1430 781 1618 829 (Elabitar
1633 782 1705 815 mi-

171 826 266 860 nime
286 826 399 869 idem,
425 826 521 872 quod
540 825 691 870 simplex
710 825 868 868 labitur-3
893 826 987 861 illud
1004 828 1049 861 de
1069 829 1353 873 porrecto-ultra
1373 835 1556 875 utramque
1577 831 1705 863 Ursam

171 876 295 919 Angue
314 873 569 919 accipiendum.
618 873 675 907 Sic
698 872 796 907 elabi
813 874 858 907 de
882 886 947 919 eo,
983 876 1078 920 quod
1107 876 1253 920 emicat,
1286 878 1350 911 Ge.
1369 878 1411 919 11,
1430 877 1532 913 305.:
1566 876 1704 922 „ignis,

173 921 243 963 Qui
261 921 381 954 furtim
400 920 522 968 pingui
540 920 691 965 primum
710 921 774 953 sub
795 920 927 955 cortice
948 928 1080 966 tectus,
1105 924 1250 958 Robora
1271 924 1515 969 comprendit,
1537 924 1704 958 frondes-

172 980 241 1014 que
268 969 455 1013 elapsus
487 967 524 1001 in
544 968 632 1002 altas
652 969 836 1012 Ingentem
857 969 957 1003 caelo
979 970 1133 1004 sonitum
1154 971 1289 1004 dedit.“
1322 971 1367 1005 de
1397 983 1458 1013 eo,
1486 971 1543 1025 qui
1565 979 1702 1005 ceteros

170 1022 257 1060 post
279 1028 317 1049 se
337 1015 525 1061 relinquit,
550 1017 637 1049 Aen.
655 1016 701 1058 V,
734 1016 829 1052 151.:
858 1017 978 1062 „Gyas
1003 1017 1133 1062 Effugit
1154 1026 1236 1052 ante
1259 1018 1362 1061 alios,
1394 1018 1588 1065 primisque
1607 1019 1703 1053 ela-

170 1063 300 1096 bitur
329 1062 445 1096 undis.
457 1065 478 1081 ‘⁴
513 1065 600 1096 Aen.
618 1063 684 1103 IX,
708 1063 789 1099 632.
823 1063 966 1097 minime
994 1065 1151 1098 debebat
1171 1066 1240 1100 huc
1265 1065 1395 1100 vocari.
1432 1066 1531 1110 lVr.)
1579 1067 1641 1100 hic
1668 1073 1704 1100 et

169 1110 422 1155 illiepraeter
447 1121 584 1143 morem
614 1109 710 1143 dicta
735 1117 814 1143 sunt
840 1123 907 1157 pro
933 1112 1011 1145 illic
1038 1111 1075 1144 in
1106 1112 1239 1147 vertice
1267 1113 1371 1146 nobis
1391 1125 1532 1159 semper
1551 1113 1702 1157 sublimi,

168 1157 245 1198 hic,
272 1165 313 1190 ut
325 1156 523 1204 perhibent
540 1169 595 1203 sq.
639 1157 719 1199 hic,
744 1157 782 1190 in
798 1165 901 1202 parte
921 1158 1010 1192 caeli
1028 1159 1186 1203 boreali,
1213 1161 1350 1207 anguis
1366 1162 1503 1194 circum
1521 1159 1701 1203 elabitur-5

167 1205 430 1249 περιειλεῖται,
458 1200 751 1249 ἄμφιελίσσεται.
804 1206 948 1250 (Sustuli
965 1218 1118 1249 comma,
1144 1207 1240 1253 quod
1258 1214 1333 1241 erat
1346 1214 1431 1252 post
1449 1209 1609 1249 Circum5
1633 1220 1701 1242 ne—

169 1263 237 1296 que
258 1264 334 1285 eum
356 1252 488 1294 verbo,
514 1252 579 1285 sed
603 1263 681 1285 cum
699 1253 920 1287 substantivo
940 1253 1154 1298 iungendum
1181 1261 1256 1288 erat
1274 1255 1428 1288 circum:
1464 1256 1604 1288 Circum
1621 1258 1701 1290 Ar-

168 1307 248 1332 ctos
278 1307 314 1332 et
335 1312 407 1346 per
429 1301 577 1334 Arctos.
626 1298 711 1334 Vid.
741 1299 845 1334 etiam
872 1303 915 1343 Q.
934 1302 979 1335 V.
1003 1302 1101 1344 XIII,
1121 1302 1155 1344 2,
1176 1302 1211 1336 d.
1250 1301 1346 1346 Wr.)

1442 1300 1514 1338 246
1538 1315 1701 1348 aequora

167 1345 347 1380 aberratio
366 1346 515 1380 duorum
534 1346 617 1380 libr.
666 1349 785 1395 mergi
799 1348 965 1383 Arundel.
983 1360 1082 1382 unus.
1131 1350 1350 1394 (metuentes
1370 1348 1502 1384 Medic.
1531 1352 1586 1385 W
1583 1349 1629 1394 r.)

167 1448 306 1503 ἆντίος
324 1452 369 1495 ἐκ
390 1451 553 1509 βορέαο.
612 1451 711 1496 243.
738 1454 906 1494 Pulcer-

165 1511 267 1550 rime
297 1525 391 1565 pro,
432 1512 551 1565 polus
579 1513 824 1554 antarcticus
841 1514 906 1553 la-

164 1576 251 1620 tet,
301 1566 377 1611 ov’n
415 1570 609 1621 ἕπίοπτος
626 1602 636 1622 ,
700 1577 748 1610 ut
790 1570 904 1612 Arat.

163 1627 382 1668 Phaenom.
399 1642 439 1668 v.
459 1629 515 1671 25
528 1660 539 1680 ,
570 1629 682 1670 unde
701 1629 803 1670 haec
827 1644 903 1669 ex-

163 1687 311 1739 pressit
335 1687 546 1739 Virgilius,
589 1703 670 1726 non
702 1691 901 1737 eemitur;

165 1741 293 1798 οἷϊδής
333 1751 392 1783 est
412 1759 423 1796 ;
473 1759 554 1797 quo
601 1746 725 1785 modo
770 1747 903 1799 instra

165 1803 301 1843 omnia
322 1803 503 1842 declarat
519 1804 674 1853 Hades‚
708 1804 732 1846 ὁ
752 1800 902 1858 Ἀΐδης,

165 1858 281 1918 ᾅδης.
310 1876 387 1915 pro
416 1875 496 1914 quo
534 1863 704 1916 ponitur
728 1863 826 1915 Styx
861 1869 903 1902 et

163 1922 330 1959 Manes.
378 1920 479 1959 Iam:
519 1921 592 1959 sub
614 1920 790 1973 pedibus
810 1952 822 1971 ,
869 1922 902 1960 si

162 1978 347 2032 iungitur
382 1992 475 2017 cum
503 1980 636 2030 videt,
679 1993 818 2018 sensus
837 1993 902 2018 es-

164 2043 244 2076 set:
275 2037 420 2076 vident
453 2037 512 2076 illi
536 2037 670 2076 subter
686 2053 727 2076 se
757 2038 901 2090 polum

162 2096 442 2146 antarcticum,
466 2096 501 2135 ei
518 2096 727 2135 insistunt:
758 2097 817 2135 ita
835 2110 900 2134 se-

161 2160 375 2206 queretur,
405 2160 567 2207 poetam
585 2154 732 2193 Haden
748 2155 790 2194 in
810 2168 899 2193 me·-

162 2212 229 2251 dio
251 2218 385 2251 terrae
403 2213 638 2264 collocasse3
664 2213 777 2265 quod
800 2213 899 2251 alie-

159 2284 261 2309 num
284 2276 343 2309 est
375 2277 416 2309 et
443 2271 493 2310 ab
520 2272 608 2324 ipsa
635 2272 714 2310 loci
742 2272 898 2311 ratione

160 2335 199 2367 et
216 2343 238 2367 a
260 2330 463 2368 communi
490 2336 707 2382 poetarum
728 2330 897 2380 ratione,

160 2387 307 2439 quibus
335 2386 471 2426 Hades
500 2394 539 2426 et
570 2389 765 2427 Tartarus
799 2395 895 2427 sunt

157 2446 201 2485 in
230 2446 319 2484 imis
345 2446 443 2484 locis
471 2446 613 2485 subter
638 2446 787 2486 nostris
807 2452 895 2485 ter-

157 2504 237 2555 ris3
266 2517 426 2542 necesse
457 2504 595 2556 itaque
622 2511 681 2542 est
707 2505 893 2557 iungere:

157 2563 278 2601 illum
300 2562 373 2600 sab
382 2562 579 2613 pedibus,
620 2564 793 2602 alterum
815 2577 893 2615 po-

156 2620 266 2671 lum,
298 2620 367 2672 qui
384 2621 500 2659 nobis
526 2622 601 2659 sub
629 2621 801 2674 pedibus
822 2627 892 2671 est,

158 2680 256 2731 Styx
273 2679 381 2717 videt
395 2695 406 2716 .·
439 2679 560 2718 inseri
577 2680 815 2731 suspiciunt,
846 2685 892 2718 ut

156 2751 230 2777 nos
262 2737 428 2776 eaelum.
489 2737 692 2786 (Frustra
725 2750 765 2775 se
799 2742 892 2775 tor-

156 2801 285 2848 quent
321 2795 592 2848 Interpretes:
641 2795 760 2847 iunge
792 2795 891 2846 Slyx

155 2854 228 2893 sub
247 2852 441 2905 pedibus,
481 2853 507 2892 i.
529 2866 561 2892 e.
594 2866 698 2904 quae
722 2858 783 2890 est
815 2852 890 2890 sub

154 2912 327 2966 pedibus
346 2910 514 2963 nostris,
545 2912 601 2950 sie
618 2911 720 2949 solet
737 2924 891 2949 ornan-

156 2971 198 3010 di
217 2985 335 3010 causa
347 2969 466 3010 adiici
478 2968 731 3022 subpedibzw
746 2985 758 3008 .·
790 2967 889 3007 Aen.

962 1455 1032 1506 IV,
1065 1453 1182 1498 491.;
1222 1456 1413 1510 „mugire
1440 1456 1596 1497 videbis
1624 1457 1699 1496 sub

961 1513 1135 1567 pedibus
1153 1517 1347 1554 terram.“
1360 1514 1427 1566 VI,
1438 1515 1557 1558 256.:
1587 1516 1699 1565 „Sub

961 1572 1133 1625 pedibus
1163 1573 1320 1626 mugire
1347 1573 1490 1613 solum.
1502 1575 1527 1596 “
1569 1572 1696 1629 Wr.)

961 1629 1060 1673 244.
1101 1631 1127 1674 5
1157 1632 1490 1682 Circumlabitur,
1521 1631 1698 1671 circum-

960 1689 1141 1728 flectitur
1176 1691 1329 1740 Draco,
1374 1690 1500 1729 Ursae
1533 1690 1698 1742 utrique

960 1747 1192 1800 implicitus.
1253 1748 1418 1788 Servius
1448 1748 1591 1787 laudat
1611 1749 1697 1787 fra-

959 1811 1167 1858 gmentum
1205 1806 1474 1845 Hesiodeum:
1523 1800 1724 1864 ποταμῷ’

961 1864 1114 1916 ρείοντι
1144 1861 1300 1914 ἐοικώς.
1372 1862 1454 1903 S'ed
1489 1870 1575 1904 tota
1602 1878 1696 1904 sen—

958 1923 1089 1961 tentia
1108 1936 1304 1962 conversa
1331 1935 1382 1962 ex
1397 1921 1524 1962 Arato
1546 1922 1695 1963 Phaen.

959 1979 1148 2023 45—-48
1183 1982 1250 2034 οἵη
1274 1985 1476 2035 ποταμοῖο
1500 1977 1696 2036 ἆποῤῥῶξ

959 2045 1035 2078 etc.
1103 2037 1201 2081 246.
1240 2039 1591 2092 Septemtrionalia
1627 2039 1695 2078 illa

958 2097 1112 2148 sidera,
1150 2098 1339 2150 interque
1370 2111 1416 2136 ea
1440 2098 1586 2136 Ursam
1604 2112 1694 2136 ma—

955 2155 1084 2194 iorem
1114 2162 1155 2194 et
1184 2156 1383 2195 minorem
1401 2187 1412 2207 ,
1452 2156 1620 2195 Helicen
1652 2162 1694 2195 et

957 2215 1232 2267 Cynosuram,
1264 2228 1474 2266 nunquam
1497 2214 1692 2265 occidere,

955 2272 1062 2311 infra
1083 2271 1270 2325 ὄρίζοντα
1289 2286 1360 2312 seu
1383 2272 1589 2312 finitorem
1608 2287 1693 2312 non

957 2330 1226 2381 descendere,
1263 2344 1421 2383 semper
1452 2331 1569 2370 nobis
1592 2345 1692 2370 con-

955 2389 1081 2442 spici,
1120 2395 1277 2428 notum.
1346 2389 1515 2429 Fundus
1545 2389 1692 2442 poetici

955 2454 1124 2487 ornatus
1150 2447 1314 2486 Homer.
1335 2447 1446 2486 Iliad.
1473 2459 1508 2497 σ,
1533 2446 1618 2490 489
1651 2453 1691 2486 et

955 2505 1100 2558 Odyss.
1130 2520 1170 2555 ε,
1220 2507 1306 2547 273
1334 2518 1392 2556 sq.
1402 2535 1413 2555 ,
1460 2504 1534 2543 ubi
1583 2506 1689 2545 conf.

953 2563 1088 2616 intpp.
1110 2569 1150 2601 et
1173 2563 1275 2601 Toll.
1303 2562 1355 2601 ad
1378 2562 1581 2615 Apollonii
1592 2564 1688 2603 Lex.

952 2622 1051 2660 Exc.
1080 2621 1126 2660 V.
1163 2621 1215 2659 Iis
1233 2621 1522 2660 intervolvitur
1543 2621 1687 2662 Draco.

952 2687 1167 2717 metuentes
1192 2681 1348 2730 tingui,
1383 2679 1453 2730 qui
1477 2693 1688 2732 nunquam

949 2737 1187 2788 tinguntur,
1230 2736 1453 2776 occidunt:
1493 2738 1607 2790 quasi
1637 2739 1686 2777 ab

948 2794 1029 2833 hoc
1047 2794 1122 2833 sibi
1140 2801 1323 2845 caveant,
1346 2795 1458 2847 quod
1476 2810 1686 2848 nunquam

948 2853 1116 2892 faciunt.
1165 2850 1331 2907 ’Ἀρκτοι
1356 2853 1533 2896 κυανέου
1554 2870 1684 2906 πεφυ-

948 2909 1145 2965 λαγμέναι
1168 2906 1366 2953 ὠκεανοῖο
1399 2912 1559 2951 dixerat
1578 2911 1684 2951 Ara—

946 2975 1014 3009 tus
1041 2969 1117 3008 1.1.
1149 2969 1198 3008 cs.
1233 2969 1285 3008 ad
1317 2969 1461 3011 Horat.
1495 2970 1530 3010 11
1552 2971 1682 3010 Carm.
