1768 3320
212 233 310 280 180
533 229 588 278 P.
624 224 973 278 VIRGILII
1017 221 1390 273 MARONIS

208 358 352 404 Tum
374 351 825 403 Phaethontiadas
847 365 1035 399 musco
1058 348 1353 398 circumdat
1377 364 1587 399 amarae

209 423 454 486 Corticis‚
493 432 654 491 atque
678 422 796 471 solo
819 434 1068 487 proceras
1092 418 1245 483 erigit
1266 417 1430 470 alnos,

208 498 352 545 Tum
382 493 545 558 canit,
597 501 867 543 errantem
887 488 1154 540 Permessi
1177 487 1245 538 ad
1263 486 1489 538 flumina
1510 485 1728 554 Gallum

253 624 300 659 62
323 621 416 655 Male
434 621 724 655 Phaetontiades
742 618 910 662 scriptum
938 617 976 650 in
1000 617 1056 651 ed.
1078 618 1193 650 Burm.
1217 624 1252 650 et
1271 616 1339 658 al.;
1373 623 1426 651 est
1451 614 1543 650 enim
1562 611 1728 651 Φαέθων

206 670 278 704 Sol.
301 666 550 707 Φαεθοντιάς.
595 679 747 700 amarae
768 666 916 699 corticis
936 671 1035 698 notat
1054 664 1195 699 Servius
1212 670 1360 709 propter
1379 675 1507 709 genus3
1542 674 1619 696 cum
1642 662 1728 696 alibi

206 725 244 750 ut
267 719 352 750 Aen.
372 717 448 757 VII,
476 714 546 751 742
577 714 624 747 sit
650 713 889 746 masculinum.
985 712 1031 748 63
1056 724 1151 758 aque
1172 711 1252 745 solo
1281 710 1431 745 Gudian.
1454 723 1475 744 a
1500 723 1549 747 m.
1572 722 1648 755 pr.‚
1680 711 1728 745 ita
1753 704 1762 720 ⁸

206 764 355 797 variatur
376 763 471 803 fere3
496 774 527 795 v.
549 762 613 794 Ge.
634 762 695 802 IV,
713 758 794 795 347.
820 759 877 792 hic
893 766 1012 792 tamen
1032 771 1103 792 non
1122 758 1230 799 male;
1259 758 1324 792 etsi
1344 771 1367 791 a
1384 770 1450 804 per
1471 769 1509 792 se
1530 756 1727 802 suppletur.

207 811 303 856 (Non
324 823 369 852 a,
402 809 464 843 sed
483 810 538 849 ἵης
571 807 594 841 i.
617 820 635 840 e
660 807 773 848 canit,
807 813 845 839 ut
873 805 949 839 solo
971 805 1060 839 fixae
1082 805 1261 847 steterint,
1294 817 1383 851 quae
1409 812 1511 839 antea
1533 803 1648 838 libere
1667 804 1728 838 in·-

206 864 401 898 cesserant‚
427 856 570 888 arbores
588 855 701 887 factae
722 852 1043 887 Phaethontiades.
1090 855 1197 899 Aque
1219 852 1250 885 si
1270 851 1416 886 dixisset
1432 857 1560 898 poeta,
1582 850 1728 885 videre-

205 912 263 938 tur
287 904 385 950 quasi
405 914 546 936 cernere
569 902 713 934 arbores
738 900 820 934 istas
840 900 884 933 ad
902 908 1033 934 tantam
1052 899 1305 945 proceritatem
1325 906 1604 939 succrescentem
1630 899 1728 944 quod

206 951 436 985 subinsulsum
458 950 562 982 foret.
601 947 695 991 Wr.)
792 945 838 982 64
863 949 951 981 Tam
971 947 1173 992 importuna
1194 953 1249 980 est
1268 946 1361 980 Galli
1385 945 1670 981 commemoratio
1689 945 1728 980 in

205 998 328 1032 mediis
347 995 474 1031 fabulis
486 1022 495 1038 ,
520 1007 596 1029 cum
618 1006 700 1028 mox
717 1007 750 1028 v.
768 992 815 1030 74
835 994 879 1027 ad
898 994 983 1028 alias
1006 993 1143 1027 fabulas
1166 994 1211 1027 de
1230 993 1346 1039 Scylla
1364 999 1401 1027 et
1419 992 1618 1027 Philomela
1635 1004 1728 1039 pro-

206 1046 307 1080 cedat
321 1071 330 1086 ,
365 1051 402 1077 ut
422 1055 560 1088 semper
577 1042 761 1075 molestum
782 1053 920 1075 sensum
942 1041 979 1074 in
1000 1041 1057 1074 his
1084 1053 1191 1075 verss.
1214 1040 1407 1074 habuerim.
1455 1039 1584 1075 Facilis
1610 1046 1727 1074 tamen

204 1092 342 1126 medela
360 1097 432 1132 est,
456 1090 485 1123 si
502 1101 621 1122 versus
638 1089 872 1134 transpositos
892 1101 968 1122 esse
987 1088 1225 1128 intellexerim
1251 1089 1345 1133 quod
1366 1088 1396 1121 si
1415 1099 1558 1134 usquam
1570 1113 1579 1128 ‚
1599 1087 1727 1121 saltem

204 1140 240 1173 h.
258 1139 281 1172 l.
298 1139 425 1172 factum
442 1137 615 1177 arbitror;
639 1148 753 1181 neque
766 1136 871 1174 >aliter
890 1136 1107 1180 scaligerum
1125 1135 1276 1169 sensisse
1294 1142 1445 1169 constat.
1481 1134 1625 1169 Scilicet
1641 1146 1726 1168 ver-

205 1199 261 1220 sus
280 1184 326 1221 74
339 1185 435 1219 —81
470 1184 566 1227 Quid
585 1184 718 1229 loquar
739 1190 805 1216 etc.
838 1195 947 1228 usque
975 1183 1020 1216 ad
1041 1181 1181 1228 Infelix
1201 1195 1271 1216 sua
1301 1190 1399 1216 tecta
1424 1181 1724 1229 supervolitave-

205 1235 254 1267 rit
272 1234 344 1266 ali-s·
370 1230 574 1265 retrahendi
600 1237 682 1263 sunt
703 1230 740 1262 in
757 1242 856 1263 suum
875 1231 992 1263 locum
1014 1236 1095 1263 ante
1121 1230 1213 1263 hunc
1233 1227 1298 1271 64,
1331 1235 1438 1274 utque
1458 1236 1542 1274 post
1560 1227 1642 1261 illos
1663 1240 1725 1262 se-

204 1287 346 1325 quatur:
385 1281 475 1312 Tum
503 1279 622 1320 canit,
656 1286 853 1311 errantem.
911 1278 968 1322 (At
1002 1277 1151 1310 formula
1182 1277 1278 1319 Quid
1307 1277 1440 1322 loquar
1469 1288 1521 1310 vs,
1543 1273 1625 1319 74..
1657 1287 1725 1320 qua

203 1326 329 1360 utimur
347 1326 391 1359 ad
408 1325 511 1358 finem
532 1331 763 1369 properantes
776 1351 784 1366 ,
809 1324 932 1366 docet,
957 1323 1023 1357 ista
1042 1335 1114 1357 uon
1134 1336 1211 1357 esse
1231 1323 1314 1357 loco
1333 1334 1396 1356 suo
1412 1322 1597 1356 movenda.
1643 1323 1724 1356 Ne—

203 1373 278 1418 gari
307 1381 421 1406 tamen
448 1371 587 1417 nequit,
624 1384 666 1405 ex
687 1379 786 1416 parte
819 1383 938 1405 verum
966 1370 1097 1405 vidisse
1122 1370 1336 1415 Scaligerum
1359 1377 1394 1404 et
1415 1369 1602 1415 Heynium.
1651 1369 1723 1403 Sed

202 1420 336 1454 sublata
354 1419 463 1452 omnis
488 1419 693 1460 difficultas,
720 1418 768 1461 si,
792 1418 959 1452 Vossium
977 1418 1108 1460 secuti,
1132 1430 1200 1452 vss.
1221 1415 1278 1454 74.
1297 1429 1374 1463 sqq.
1400 1429 1419 1450 e
1441 1415 1724 1463 Gallilcarmini-

201 1468 285 1508 bus,
321 1466 469 1500 ornandi
495 1466 595 1499 amici
623 1478 744 1508 causa,
786 1465 855 1499 huc
880 1466 1060 1499 traductos
1091 1477 1168 1498 esse
1199 1464 1430 1498 statuerimus.
1478 1466 1587 1498 Acute
1618 1463 1724 1497 etiam

202 1513 364 1548 Iahnius:
407 1512 551 1558 „Magis
581 1513 685 1546 etiam
709 1512 866 1558 Heynius
898 1513 1057 1555 aberrat,
1091 1512 1251 1546 versibus
1278 1510 1325 1548 64
1341 1530 1388 1537 --
1404 1511 1462 1548 73.
1486 1518 1569 1556 post
1591 1523 1642 1544 vs.
1665 1511 1722 1546 81.

200 1560 423 1605 transpositis
436 1587 444 1602 ‚
475 1560 636 1605 quoniam
655 1560 692 1593 in
717 1560 842 1594 mediis
869 1559 997 1594 fabulis
1017 1560 1216 1605 importuna
1241 1559 1288 1593 sit
1308 1558 1400 1593 Galli
1422 1557 1720 1592 commemoratio.

201 1609 272 1643 Sed
288 1614 404 1641 tamen
424 1607 460 1640 in
479 1607 535 1640 his
559 1607 665 1641 etiam
684 1607 802 1641 fabula
821 1607 977 1653 Grynaei
998 1608 1172 1649 refertur,
1207 1606 1260 1640 cui
1283 1605 1634 1642 summatimtantum
1654 1616 1722 1638 ne-

203 1668 268 1701 que
294 1655 379 1699 ipsis
400 1654 508 1688 Sileni
534 1654 651 1688 verbis
677 1661 839 1688 narratae
865 1661 973 1699 poeta
1000 1654 1183 1688 commode
1205 1653 1298 1687 Galli
1318 1652 1535 1697 mentionem
1562 1652 1723 1685 intexere

200 1702 353 1747 potuit.“
400 1701 570 1746 Equidem
591 1702 726 1743 fateor,
759 1714 815 1734 me
839 1701 995 1735 nondum
1014 1701 1211 1746 expeditam
1229 1701 1363 1735 habere
1382 1700 1427 1733 de
1446 1705 1527 1733 toto
1547 1699 1618 1732 hoc
1639 1699 1721 1732 loco

202 1748 419 1782 sententiam.
469 1749 631 1782 Ceterum
652 1750 817 1782 Permesi
834 1748 1043 1793 scriberem,
1076 1748 1107 1782 si
1125 1748 1198 1782 ulla
1215 1760 1258 1782 ex
1280 1747 1383 1782 codd.
1406 1747 1596 1781 auctoritas
1616 1757 1721 1779 acce-

203 1796 322 1836 deret;
347 1796 409 1829 cfr.
436 1797 476 1829 V.
497 1796 537 1828 L.
559 1808 609 1829 vs-
628 1796 686 1832 29.
716 1796 811 1840 Wr.)

261 1905 328 1945 62.
358 1905 425 1944 63.
452 1917 586 1940 musco
616 1903 857 1953 circumdat,
887 1902 929 1942 h.

203 1960 318 2009 canit,
344 1960 682 2011 quemadmodum
698 1960 930 2000 Phaethon-

201 2018 252 2056 tis
278 2032 432 2056 sorores
462 2032 644 2057 muscoso
674 2020 820 2058 cortice
847 2020 930 2058 cir-

203 2076 410 2114 cumdatae
443 2082 480 2114 et
518 2076 561 2114 in
605 2077 716 2115 alnos
755 2083 929 2116 mutatae

201 2134 360 2172 fuerint.
419 2134 567 2172 Dicunt
589 2135 695 2173 enim
719 2142 859 2187 poetae
885 2149 929 2174 ea

189 2192 307 2241 fieri,
339 2206 437 2243 quae
464 2192 589 2243 [ας-ἴα
618 2207 781 2232 narrare
810 2194 926 2233 vole—

200 2250 318 2299 bant3
349 2255 387 2287 et
406 2250 596 2289 tribuitur
615 2258 754 2303 poetae
776 2266 820 2291 ac
843 2252 927 2291 vati

200 2314 403 2358 tamquam
423 2309 575 2346 auctori
596 2309 640 2347 id
655 2340 665 2359 ,
697 2311 808 2362 quod
825 2324 926 2348 con-

201 2365 333 2417 tigisse
365 2366 536 2404 carmine
563 2381 634 2405 suo
666 2369 850 2420 exponit:
880 2374 928 2407 ut

200 2423 280 2462 iam
324 2423 374 2461 ad
414 2438 470 2462 VS.
501 2422 568 2465 46.
640 2422 859 2478 (Exempla
894 2426 927 2465 si

202 2481 378 2534 quaeri3‚
410 2481 474 2519 adi
497 2482 674 2521 Gronov.
693 2485 815 2522 Diatr.
838 2498 924 2536 pag.

203 2541 299 2580 119.
333 2540 401 2578 JV
395 2537 449 2593 r.)
499 2540 682 2578 Ceterum
696 2541 926 2580 Phaethon-

200 2596 250 2635 tis
276 2603 433 2635 sorores
468 2603 635 2636 mutatas
658 2612 739 2637 esse
757 2600 799 2638 in
823 2600 926 2637 lari-

201 2669 264 2692 ces
284 2684 294 2698 ‚
341 2655 595 2693 communior
644 2657 779 2695 fabula
825 2658 924 2707 sert,

200 2712 372 2766 populos
420 2718 556 2750 noster
596 2713 678 2764 ipse
723 2715 927 2753 substituit

202 2770 299 2809 Aen.
322 2771 375 2819 X,
403 2772 495 2819 190,
526 2770 595 2808 ubi
613 2784 651 2809 v.
672 2771 761 2810 Not.
794 2773 926 2811 Piceas

201 2827 374 2881 appellat
397 2827 501 2866 circa
529 2829 680 2867 sontem
692 2830 789 2867 Padi
824 2831 927 2880 sitas,

201 2886 326 2926 Pades
368 2885 491 2924 Gallis
536 2886 685 2935 dietas,
727 2888 828 2925 Pliu.
861 2888 928 2937 ΙΙΙ,

205 2948 258 2987 16
281 2958 310 2983 s.
331 2946 386 2985 20
416 2956 437 2981 e
465 2943 711 2982 Metrodoro.
770 2945 827 2982 De
846 2946 930 2983 ele-

202 3008 308 3052 ctro,
335 3001 444 3054 quod
465 3002 660 3041 exsudare
679 3001 805 3040 dictae
826 3009 931 3053 sunt,

987 1902 1124 1941 multis
1143 1901 1274 1940 modis
1289 1900 1409 1939 statui
1427 1906 1579 1954 potest:
1610 1899 1723 1953 quod

988 1962 1080 1999 satis
1102 1965 1266 2010 constet,
1297 1973 1381 1998 non
1396 1958 1604 1998 habemus.

1047 2017 1249 2061 64—73.
1298 2018 1513 2056 Intertexit
1542 2017 1605 2056 his
1624 2029 1721 2070 my-

986 2075 1067 2115 this
1096 2077 1258 2116 Gallum
1284 2090 1404 2115 suum
1436 2075 1488 2114 ad
1512 2075 1722 2114 Musarum

988 2134 1161 2174 chorum
1183 2134 1405 2173 deductum
1443 2139 1482 2172 et
1510 2147 1539 2171 a·
1550 2133 1650 2172 Lino
1667 2132 1721 2171 fi-

986 2193 1090 2232 stula
1107 2192 1303 2232 Hesiodea
1321 2192 1534 2231 donatum:
1559 2205 1610 2231 an
1629 2191 1720 2230 loco

985 2251 1077 2290 satis
1120 2250 1356 2300 commodo,
1396 2256 1505 2289 recte
1541 2249 1719 2288 dubites:

986 2310 1084 2348 dum
1124 2308 1405 2360 antiquissimis
1436 2309 1558 2348 rebus
1583 2306 1720 2346 immi—

984 2373 1141 2406 sceatur
1186 2367 1308 2406 homo
1364 2366 1452 2406 aevi
1500 2364 1718 2418 virgiliani.

987 2423 1084 2480 (Sed
1110 2425 1194 2465 vid.
1225 2426 1271 2465 V.
1303 2425 1345 2464 L.
1390 2423 1508 2479 Wr.)
1573 2423 1649 2463 Per
1678 2435 1719 2461 se

985 2484 1149 2535 quidem
1187 2483 1441 2536 praeclarum
1485 2487 1543 2520 est
1578 2486 1720 2534 poetae

985 2547 1258 2581 commentum
1281 2541 1332 2579 ad
1356 2539 1460 2580 Galli
1479 2539 1642 2578 laudem
1669 2539 1718 2578 ab

984 2600 1142 2652 ingenio
1170 2605 1208 2637 et
1224 2599 1380 2651 poetica
1407 2598 1605 2637 facultate.
1663 2597 1720 2639 Ut

983 2658 1150 2711 poeticis
1172 2657 1313 2696 studiis
1332 2669 1425 2695 eum
1448 2656 1575 2695 teneri
1594 2654 1719 2707 signi-

984 2716 1143 2766 ficaret,
1184 2716 1238 2754 ait
1275 2728 1368 2754 eum
1399 2727 1549 2753 errasse
1567 2713 1608 2752 in
1622 2713 1718 2752 Mu-

986 2788 1122 2813 sarum
1142 2773 1373 2812 recessibus.
1433 2774 1664 2811 Permessus
1675 2769 1718 2809 fl.

986 2832 1171 2871 Boeotiae
1192 2845 1244 2870 ex
1273 2831 1464 2870 Helicone
1485 2835 1622 2869 monte
1644 2828 1718 2867 de-

987 2890 1203 2941 scendens5
1244 2889 1470 2927 declaratur
1501 2887 1569 2927 hic
1601 2900 1718 2925 mons

987 2962 1060 2999 per
1080 2949 1223 2987 Aonas
1243 2955 1393 2985 montes
1410 2976 1420 2995 ,
1454 2946 1504 2985 ab
1523 2944 1717 2993 mnibus,

988 3006 1130 3057 primis
1150 3005 1336 3044 Boeotiae
1352 3004 1506 3044 incolis.
1520 3017 1560 3042 v.
1573 3002 1717 3042 Strabo
