1768 3320
151 248 214 283 CL

151 430 323 474 Interea
347 429 548 473 medium
572 429 739 472 Aeneas
757 427 968 472 tendebat
987 427 1032 470 in
1054 439 1237 483 aequor,

153 488 331 532 Moenia
351 487 588 546 respiciens
610 501 759 530 caussa
779 485 1009 543 flagrantia
1035 482 1217 527 amoris.

667 230 1178 283 ARGUMENTA

154 545 270 589 Mox
289 545 462 588 Siculae
486 548 608 587 tenet
630 559 732 588 arva
752 543 937 594 domus,
970 541 1215 598 Manesque
1234 537 1433 598 parentis

152 604 388 646 Ludorum
411 602 631 660 exsequiis
648 601 851 646 celebrat.

154 660 204 703 In
225 660 380 704 faciem
405 660 567 703 Beroes
586 659 767 703 classem
787 658 1022 701 flammare
1042 656 1250 705 iubentis,

155 718 374 762 Iunonem
398 717 581 760 mentita
604 716 725 760 dolo.
786 717 993 775 Namque
1013 713 1087 757 illa
1105 712 1335 757 monebat.

155 903 226 947 Sic
242 902 365 946 fatur
383 902 630 947 lacrimam.

154 962 488 1018 Descensusque
507 975 669 1018 parans
689 958 793 1001 adiit
813 965 1046 1016 praecepta
1071 956 1279 1016 Sibyllae.

156 1018 259 1072 Qua
286 1018 396 1061 duce
418 1033 507 1060 non
529 1015 730 1060 faustum
754 1014 931 1059 mortali
953 1015 1093 1058 limen
1113 1015 1279 1058 aditur.

156 1077 237 1119 Hic
256 1076 460 1134 primum
477 1080 669 1118 maestos
695 1073 810 1118 videt
827 1074 944 1117 inter
965 1084 1108 1116 cetera
1130 1073 1292 1126 Troas,

155 1133 278 1176 Tum
302 1140 475 1191 patrem
497 1133 717 1190 agnoscit,
749 1132 873 1174 discit
896 1131 1096 1175 reditura
1121 1131 1206 1174 sub
1227 1137 1357 1173 ortus
1405 1143 1407 1146 ’

157 1191 381 1250 Corpora,
411 1190 730 1247 Romanosque
753 1189 886 1233 duces
908 1191 1161 1247 seriemque
1181 1195 1420 1247 nepotum.

155 1375 231 1419 Tu
249 1390 431 1434 quoque
449 1373 674 1418 littoribus
695 1379 861 1418 nostris
875 1408 888 1428 ,
919 1376 1090 1428 Caieta,
1122 1375 1344 1430 manebis3

155 1433 308 1477 Servat
332 1433 476 1476 honos
496 1447 661 1476 nomen
675 1465 687 1486 ‚
723 1434 856 1491 pietas
873 1441 1063 1477 testatur
1084 1433 1324 1478 honorem.

156 1491 316 1534 Caussa
343 1505 459 1555 opus
479 1490 752 1548 insequitur:
788 1490 959 1535 bellum
980 1507 1177 1551 namque
1198 1493 1354 1552 incipit
1373 1507 1478 1545 esse,

155 1548 408 1605 Tyrrhidae
428 1563 640 1591 iuvenum
664 1548 783 1605 quod
806 1556 915 1592 tunc
938 1549 1208 1593 conflaverat
1226 1551 1308 1594 ira.

155 1606 340 1650 Turnus
359 1605 503 1653 adest;
531 1613 711 1658 monet,
742 1623 866 1650 arma
888 1608 969 1650 sibi
993 1609 1220 1652 contraria
1242 1615 1404 1652 sumat.

157 1663 280 1707 Tum
301 1670 448 1721 gentes
471 1663 587 1708 socia
614 1679 738 1707 arma
757 1664 932 1718 ferunt3
962 1664 1117 1710 fremit
1137 1682 1264 1711 arma
1283 1667 1506 1712 iuventus.

160 1846 226 1891 Ut
246 1846 351 1891 belli
370 1847 545 1905 signum
569 1848 724 1892 cecinit
733 1881 744 1902 ,
774 1852 1006 1911 sociosque
1028 1852 1201 1897 vocavit

770 357 1056 402 QUINTl
1612 407 1618 415 v

1561 490 1565 493 λ
1621 425 1678 469 25

913 599 1088 654 Quibus
1107 597 1289 641 additur
1306 595 1402 645 Iris,

1624 715 1680 756 30

799 833 822 865 S
847 832 875 864 E
901 831 938 865 X
961 831 994 864 T
1018 831 1034 863 Ι

692 900 939 944 Cumarum
960 899 1170 944 allabitur
1191 899 1300 953 oris,

1623 1130 1679 1174 35

752 1307 775 1340 S
800 1306 828 1339 E
851 1305 879 1340 P
904 1306 936 1340 Τ
959 1306 976 1339 1
999 1306 1037 1340 M
1061 1307 1078 1339 Ι

1623 1550 1680 1594 40

771 1782 798 1814 Ο
824 1781 850 1814 C
873 1781 905 1815 T
929 1783 960 1815 A
983 1782 1018 1816 V
1040 1783 1056 1815 Ι

1625 1972 1682 2017 45

162 1904 372 1957 Turnus,
402 1912 445 1947 et
465 1906 508 1947 in
535 1907 673 1949 varias
692 1909 898 1952 turbatus
918 1918 1103 1969 pectora
1127 1917 1299 1954 mentes

159 1963 324 2005 Aeneas
345 1962 580 2006 Evandron
604 1964 716 2017 adit,
746 1964 849 2010 facit
871 1967 1061 2028 hospitis
1081 1983 1233 2021 usum,

161 2022 307 2077 Atque
329 2034 520 2078 operum
544 2037 736 2075 caussaS,
766 2025 890 2068 urbis
910 2028 1139 2083 cognoscit
1156 2026 1377 2071 honores:

161 2076 303 2120 Arma
321 2085 473 2134 rogat,
514 2078 733 2137 Cytherea
750 2091 900 2139 rogat,
931 2099 1047 2128 mox
1064 2084 1225 2143 accipit
1247 2083 1397 2140 heros,

163 2134 348 2193 *Tuque
368 2150 504 2192 opere
526 2144 588 2179 ast
609 2138 731 2196 piget
750 2139 852 2184 facti
874 2141 1003 2185 labor
1018 2142 1152 2186 efficit
1177 2149 1338 2187 artem.

164 2296 278 2330 luere:
303 2295 460 2341 fugiente
479 2300 597 2332 Aenea
614 2302 724 2335 mori:
749 2303 887 2338 solvere

165 2343 265 2389 quasi
296 2354 445 2388 poenam
480 2351 605 2379 morte.
660 2349 751 2383 Nam
770 2364 888 2399 prae—

165 2398 268 2424 stare
298 2396 351 2423 est
374 2389 529 2433 solvere,
570 2404 762 2441 exaequare
791 2410 887 2432 sum-

164 2449 256 2471 mam
296 2436 445 2482 pecunia
482 2438 679 2483 redhibita;
712 2456 778 2489 pro
805 2446 888 2491 suga

165 2482 332 2517 redhibet
368 2491 525 2519 mortem.
583 2487 691 2535 quue
723 2490 786 2526 illa
813 2492 888 2527 sine

166 2541 266 2565 mora
285 2538 472 2575 exsequuta
491 2539 555 2566 est.

212 2588 261 2624 30
290 2590 344 2622 An
367 2590 414 2622 In
435 2588 570 2635 faciem
608 2595 741 2629 Beroea¹
760 2614 803 2621 —
823 2598 891 2631 Iu-

167 2636 276 2670 nonis
297 2643 440 2669 mutata
457 2636 556 2672 dolo.

213 2705 261 2740 32
284 2704 378 2738 adiit
387 2731 396 2748 ‚
420 2706 537 2750 petiit.

214 2764 261 2799 39
284 2765 424 2808 Inepte3
449 2776 492 2797 an
514 2768 651 2801 Caussa
669 2780 817 2815 operum
834 2782 893 2804 se·-

169 2811 317 2856 quitur,
342 2817 380 2844 ut
410 2811 501 2845 male
526 2813 768 2848 adumbratum
790 2816 836 2850 sit
853 2830 895 2851 ex

167 2859 253 2891 Aen.
277 2858 364 2898 VII,
389 2857 457 2893 481
484 2871 577 2904 quae
592 2862 713 2906 prima
731 2861 896 2899 laborum

170 2907 310 2938 Caussa
329 2903 422 2951 fuit.
470 2905 549 2940 Nisi
577 2907 697 2941 malis:
724 2912 896 2945 Cau-asam

171 2963 263 2997 opus
282 2951 501 2997 insequitur.
549 2954 687 2997 Caussa,
712 2957 897 2992 occasione

169 2997 272 3041 data,
296 3009 413 3045 pugna
434 2998 485 3032 fit.

991 2306 1039 2342 40
1072 2307 1221 2342 Indocte
1254 2307 1478 2351 Tyrrhidam
1488 2309 1560 2355 'pro
1583 2310 1683 2356 Tyr-

945 2353 1013 2387 rho
1030 2354 1165 2399 posuit.
1212 2353 1310 2389 Alias
1338 2356 1479 2400 Tyrrhi
1507 2365 1683 2393 natorum

946 2400 1065 2436 dicere
1083 2401 1272 2448 potuisset.

991 2494 1036 2530 41
1062 2503 1203 2539 sumat,
1241 2495 1316 2530 scil.
1345 2496 1507 2532 Latinus.
1530 2496 1600 2532 nisi
1615 2497 1685 2532 fuit

949 2550 1108 2576 sumant.

995 2634 1042 2670 47
1060 2635 1086 2669 f.
1119 2638 1236 2670 Arma
1265 2636 1372 2670 deum
1409 2636 1592 2682 &cheren
1617 2649 1684 2672 ro-

949 2689 1027 2761 ᾖαι.
1076 2683 1147 2717 Sed
1175 2683 1214 2717 in
1239 2682 1363 2730 inepto
1383 2683 1538 2718 carmine
1560 2695 1684 2718 emen-

977 2729 1067 2762 ando
1106 2741 1250 2776 operam
1273 2742 1411 2777 ponere
1445 2730 1559 2776 piget.
1615 2734 1684 2766 Se-

951 2782 1116 2820 quentem
1144 2790 1284 2812 versum
1318 2778 1370 2812 sic
1388 2777 1576 2812 constituit
1591 2780 1685 2813 Bur-

952 2834 1113 2857 mannus:
1154 2827 1318 2871 Tumque
1358 2838 1472 2874 opera
1496 2827 1573 2860 ista
1598 2834 1684 2861 atu-

950 2877 1033 2915 pet3
1078 2869 1197 2916 factis
1231 2870 1338 2907 lahor
1372 2872 1520 2907 addidit
1556 2880 1684 2907 artem.

953 2916 1037 2949 Non
1054 2916 1213 2952 deterior
1231 2931 1352 2954 versus
1375 2925 1472 2954 esset
1489 2931 1499 2953 τ
1528 2919 1589 2954 Ne
1617 2932 1687 2966 que

956 2964 1077 3008 operis
1102 2966 1251 3012 pigeat,
1289 2965 1391 3012 sacti
1427 2965 1534 3001 labor
1573 2966 1686 3013 efficit

956 3017 1046 3043 arle-
