1734 3320
226 223 718 275 GEORGICON
754 225 897 277 LIB.
925 226 1014 290 lv,
1042 230 1334 284 447--454

1443 239 1546 285 673

0 352 253 422 {mantum
269 347 479 402 effatus,
515 348 600 400 Ad
614 348 748 400 haec
764 359 911 402 vates
919 353 978 402 1vi
998 352 1231 422 denique
1252 357 1422 409 multa
1442 363 1546 413 450

0 419 266 490 &Ardentis
290 419 480 470 oculos
500 419 714 470 intorsit
732 420 940 473 lumine
963 422 1151 488 glauco
1165 464 1178 487 ,

0 473 80 564 {bit
101 490 335 556 graviter
357 488 646 555 frendenS‚
683 492 757 541 sic
780 490 901 542 fatis
925 509 1018 543 ora
1038 493 1277 547 resolvit:

0 564 19 633 ξ.
79 565 208 615 Non
227 569 283 612 te
306 559 505 611 nullius
528 571 780 612 exercent
798 563 1035 613 numinis
1057 564 1179 614 irae.

0 631 204 706 Magna
230 630 334 682 luis
357 631 645 683 conmissa:
681 632 777 682 tibi
797 631 892 683 has
915 633 1232 685 miserabilis
1254 635 1504 702 Orpheus

0 707 9 727 ἑ

0 729 34 777 5
82 728 201 780 454.
236 738 359 790 m,

0 778 10 807 ξ

0 807 10 877 ξ

44 913 182 949 o'ttend.
227 912 406 961 Aesatus
434 921 471 947 et
498 914 591 948 haec
608 914 740 949 Medic.

0 882 7 912 ς’
57 863 132 903 450
158 865 325 901 Tandem
350 866 443 901 Ven.
506 867 653 900 Tamus
680 867 730 900 ad
758 867 828 901 hoc
847 865 962 913 satus
987 868 1215 913 Longobard.
1262 871 1316 904 At
1339 869 1431 904 haec
1456 869 1548 904 alter

794 914 960 961 (etfatus.
982 924 1023 949 at
1043 917 1136 950 haec
1162 915 1258 962 apud
1275 917 1303 949 F
1305 916 1424 970 oggin.
1444 916 1549 951 inve-

0 961 87 1013 ,nim
117 960 215 1006 Wr.)
263 960 407 1008 affusus
424 960 535 995 Goth.
558 973 612 1007 pr.
661 961 802 1007 effatur
818 961 899 995 edd.
922 963 1123 997 nonnullae.
1171 965 1211 997 vi
1230 964 1391 1009 demque
1409 977 1548 1012 magna

41 1009 86 1044 rs.
180 1007 253 1045 452
276 1009 331 1043 sic
358 1016 467 1043 vates
494 1009 569 1043 Erf.

665 1009 736 1044 453
766 1009 913 1042 Multae
941 1011 1086 1044 nullius
1106 1017 1190 1044 tert.
1208 1010 1355 1044 Mentel.
1381 1023 1401 1044 a
1417 1024 1463 1045 m.
1479 1023 1547 1056 pr.,

0 1062 50 1108 ,et
68 1061 252 1091 coi-reem
274 1055 313 1090 in
339 1057 468 1098 Mat-«23
503 1055 587 1090 item
616 1055 652 1089 in
682 1055 817 1101 Regio,
850 1068 949 1090 erasa
982 1057 1103 1091 littera
1125 1058 1150 1092 l.
1185 1058 1269 1103 (Vix
1291 1057 1437 1100 dubito,
1463 1058 1547 1103 quin

0 1103 136 1147 mitium
152 1102 213 1138 hic
230 1114 354 1138 versus
373 1103 613 1144 contraxerim
647 1102 718 1138 vid.
741 1105 784 1145 Q.
804 1104 848 1137 V.
870 1104 951 1144 XII,
980 1106 1036 1141 13.
1065 1105 1164 1150 Wr.)

1268 1104 1341 1140 454
1366 1104 1448 1139 lues
1464 1111 1547 1139 ante
1580 1143 1584 1145 ,

0 1143 156 1199 fficium,
188 1156 229 1185 ut
251 1162 336 1197 pars
363 1150 538 1185 librorum
568 1150 702 1192 habet,
744 1157 781 1184 et
807 1149 899 1184 inter
926 1150 993 1185 hos
1018 1152 1205 1186 Romanus.
1262 1153 1453 1186 commissa
1481 1151 1549 1187 tibi

0 1197 102 1246 &alios
120 1198 291 1244 iungere,
312 1197 455 1234 Servius
473 1204 587 1233 notat.

0 1251 4 1269 l

0 1317 131 1360 «lium
146 1317 271 1358 sortis
290 1316 380 1358 vice
413 1317 591 1369 editum,
622 1318 754 1370 lapsis

0 1368 150 1437 {Joebus,
192 1376 411 1417 calamitati
450 1389 503 1416 ex
534 1389 657 1430 apum
686 1375 753 1415 in-

0 1435 256 1489 {ternecionm

0 1507 5 1527 Ρ
67 1493 168 1539 452.
207 1508 280 1533 ora
318 1493 482 1532 resolvit
506 1493 645 1547 satis,
699 1491 753 1531 ad

0 1551 170 1612 jedenda
188 1552 285 1592 sata.
316 1552 507 1591 Ceterum
520 1551 632 1604 quod
650 1564 752 1590 ocu—

0 1609 72 1669 }los
95 1611 259 1664 glaucos
293 1610 485 1650 ardentes
511 1615 680 1662 torquet
710 1615 753 1648 et

0 1672 84 1714 {ore
99 1668 282 1710 frendet:
323 1683 407 1709 non
433 1668 487 1708 ad
503 1667 752 1721 indignatio-

0 1716 125 1789 bem,
155 1727 229 1768 sed
243 1727 297 1767 ad
315 1727 500 1768 furorem
520 1726 751 1767 vaticinan-

0 1786 63 1856 μ
78 1786 272 1840 pertinet.
299 1787 350 1826 cf.
369 1786 424 1826 ad
435 1800 476 1826 v.
490 1785 588 1828 400.
619 1787 751 1838 Spen-

0 1845 98 1892 icius
117 1845 314 1899 Polymet.
339 1849 384 1899 p.
413 1847 500 1888 222
528 1850 570 1883 et
598 1842 679 1883 hoc
699 1857 752 1882 ex

0 1901 181 1957 iintiqua
200 1903 365 1958 pictura
381 1903 630 1942 translatum
647 1914 750 1941 con-

25 1962 190 2003 'ciebatz
232 1961 467 2015 quasivero
486 1967 608 2013 poeta
635 1959 749 2010 nihil,

10 2020 15 2030 ³
36 2020 123 2061 uod
142 2021 251 2060 forte
269 2019 379 2073 pingi
399 2025 550 2072 potest,
581 2030 750 2057 narrare

7 2085 19 2089 '⁷
65 2079 159 2130 ssit,
189 2078 268 2117 nisi
295 2091 317 2116 e
335 2078 497 2131 pictura
515 2077 649 2128 aliqua
672 2075 748 2114 ad—

11 2143 14 2146 *
79 2137 267 2177 bratum!
297 2136 489 2175 Ceterum
505 2134 657 2174 habere
673 2147 750 2172 nos

9 2246 13 2250 ι
69 2195 111 2236 11.
133 2196 161 2236 l.
173 2194 405 2248 exemplum
423 2193 617 2243 vaticinii,
637 2191 750 2244 quod

86 2254 95 2262 '
158 2252 272 2294 aliud
318 2266 442 2305 quam
476 2252 680 2291 monitum
711 2256 753 2289 et

0 2308 225 2368 ¹{consilium
242 2312 438 2361 continet,
455 2311 611 2350 nullam
630 2321 752 2362 prae-

0 2368 5 2398 Ρ
42 2371 233 2411 ‘ctionem
260 2370 319 2409 rei
350 2371 535 2419 futurae,
575 2369 658 2407 iam
680 2381 752 2406 su-

0 2448 3 2452 >
62 2444 87 2470 a
105 2429 311 2469 monitum
334 2434 407 2468 est.

0 2478 28 2543 ‚ij
65 2487 166 2532 453.
198 2487 392 2539 Sequitur
416 2483 644 2538 episodium
666 2483 751 2521 ela-

0 2542 315 2608 {ornatissimum
331 2545 382 2584 de
403 2549 560 2583 tentato
585 2542 634 2581 ab
654 2541 752 2580 Ari-

4 2599 32 2645 .‘¹
75 2619 123 2645 eo
142 2604 365 2658 Eurydices
384 2602 559 2656 pudore,
593 2606 635 2640 et
654 2600 751 2649 eius,

0 2670 7 2709 τ’,
41 2677 112 2704 um
143 2665 322 2716 sugeret,
372 2666 506 2700 morte
543 2673 593 2698 ex
625 2658 751 2711 hydri

0 2724 26 2776 T,
114 2752 126 2772 ,
168 2722 220 2761 de
256 2719 541 2775 Nympharum
583 2731 635 2756 ex
668 2716 752 2755 eius

54 2786 146 2821 orte
161 2781 292 2831 luctu,
311 2779 547 2829 inflictaque
569 2775 753 2814 Aristaeo

0 2834 145 2899 {cena
172 2852 247 2891 per
282 2838 396 2877 diras
435 2836 485 2875 ab
515 2834 682 2888 Orpheo
709 2833 753 2871 in

0 2905 109 2947 sum
137 2898 265 2936 factas
290 2902 332 2935 et
360 2895 560 2946 Erinnyas
591 2893 635 2931 in
658 2905 753 2930 eum

0 2950 251 3003 {concitatas
295 2952 577 3006 Interponitur
596 2948 751 3002 Orphei

1 3009 181 3070 'conatus
197 3013 401 3052 infaustus
416 3008 630 3063 repetendi
649 3021 751 3047 con-

14 3110 27 3144 g
81 3083 295 3133 Vnum..
334 3081 479 3128 TOM.
505 3077 544 3127 Ι.

812 1317 944 1370 iugem
975 1330 1025 1355 ex
1054 1316 1206 1355 inseris.
1266 1317 1366 1355 IVon
1393 1317 1547 1356 nullius

811 1377 1017 1424 numinis,
1060 1374 1102 1414 h.
1132 1388 1215 1413 non
1249 1374 1434 1424 humilis,
1474 1374 1546 1413 sed

810 1433 966 1486 magni,
996 1433 1130 1486 inquit
1157 1432 1343 1482 Servius,
1381 1439 1423 1472 et
1450 1438 1546 1471 ante

810 1505 902 1531 eum
927 1492 1075 1544 Asper,
1124 1496 1174 1530 ut
1203 1505 1256 1530 ex
1296 1490 1545 1544 Philargyrio

808 1556 942 1604 patet,
979 1546 1039 1588 et'
1057 1548 1304 1601 Tisiphonen
1338 1549 1546 1602 intelligit;

811 1623 904 1648 nam
926 1607 1109 1647 scholion
1137 1620 1278 1647 versus
1306 1609 1390 1650 453
1409 1613 1544 1646 retra—-

809 1666 993 1707 hendum
1020 1673 1109 1705 erat
1137 1666 1190 1704 ad
1223 1665 1264 1705 h.
1301 1679 1342 1706 v.
1400 1665 1454 1704 At
1482 1670 1545 1704 est

809 1725 890 1765 hoc
911 1739 931 1764 e
947 1724 1211 1764 Grammatici
1225 1723 1402 1776 argutiis.
1428 1723 1545 1773 Quae

810 1798 862 1823 ex
889 1783 1084 1822 sermonis
1114 1782 1230 1835 genio
1253 1788 1293 1821 et
1313 1794 1391 1821 usu
1417 1794 1459 1820 se
1478 1781 1545 1820 of-

809 1843 889 1882 fert
915 1842 1040 1891 ratio,
1072 1847 1152 1891 est,
1182 1846 1230 1880 ut
1258 1840 1331 1879 sit:
1360 1840 1546 1892 profecto

809 1901 978 1941 alicuius
1008 1899 1092 1950 dei,
1122 1897 1404 1952 Nympharum
1436 1896 1546 1936 scili-

810 1965 885 2009 cet,
915 1958 1010 1998 vide
1031 1972 1069 1998 v.
1096 1958 1181 2000 532
1213 1956 1275 2009 (at
1298 1953 1477 1996 Ouwe‘ns
1493 1954 1547 1993 ad

809 2015 1057 2070 Tisiphonen
1102 2015 1261 2054 mavult
1301 2012 1465 2053 trahere
1497 2013 1544 2052 N.

808 2076 909 2127 Hag.
937 2088 1025 2127 pag.
1054 2071 1189 2127 611),
1228 2074 1315 2110 irae
1346 2079 1541 2120 exercent,

807 2138 979 2182 vexant,
1019 2136 1339 2184 persequuntur,
1382 2137 1419 2167 te
1429 2144 1446 2177 ;
1478 2128 1544 2167 di-

810 2191 965 2231 vinitus
992 2189 1094 2228 haec
1121 2188 1328 2227 calamitas
1356 2187 1431 2226 tibi
1465 2187 1544 2225 im-

809 2250 929 2289 missa
955 2254 1036 2299 est,
1073 2253 1123 2286 ut
1147 2246 1332 2286 solebant
1364 2244 1544 2296 antiqui-

809 2314 878 2347 tus
895 2313 1039 2361 pesteS,
1070 2305 1223 2355 morbi,
1253 2317 1440 2356 agrorum
1459 2308 1544 2341 ste-

809 2365 981 2405 rilitates
1011 2370 1086 2403 etc.
1106 2363 1336 2402 civitatibus
1359 2361 1420 2400 ira
1442 2360 1542 2399 deo-

809 2438 903 2464 rum
940 2423 1093 2474 infligi,
1144 2421 1203 2459 ita
1238 2420 1280 2460 11.
1312 2420 1339 2459 l.
1368 2418 1542 2458 Aristaei

810 2479 932 2536 ὕβρις
954 2495 1074 2534 apum
1094 2478 1371 2518 internecione
1389 2477 1543 2516 divini-

809 2547 877 2580 tus
917 2539 1164 2579 vindicatur.
1234 2535 1332 2580 454.
1372 2538 1543 2587 Magna

810 2600 891 2638 luis
917 2600 1118 2637 conmissa
1133 2626 1144 2646 ,
1187 2608 1263 2648 pro
1290 2607 1436 2646 magno
1465 2593 1542 2631 ssa-

810 2656 910 2710 gitio
936 2655 1037 2695 haec
1066 2654 1143 2694 tibi
1171 2659 1379 2704 tamquam
1411 2663 1543 2704 poena

810 2715 965 2754 inflicta
987 2720 1059 2753 est.
1090 2710 1193 2765 ἄτην
1214 2710 1422 2759 describit,
1453 2709 1541 2761 pia—

813 2773 971 2819 culum,
1001 2772 1045 2811 in
1067 2784 1114 2810 eo
1135 2768 1400 2816 commissum,
1430 2765 1542 2818 quod

810 2831 1036 2884 Eurydicae
1079 2841 1218 2868 caussa
1258 2826 1339 2864 fuit
1378 2824 1541 2873 mortis3

810 2903 912 2942 quae
929 2895 1069 2943 postea
1090 2884 1242 2938 Orphei
1261 2882 1383 2922 morti
1405 2895 1541 2920 caussa

808 2948 898 2987 suit.
964 2946 1149 2998 Orpheus
1163 2973 1173 2992 ,
1208 2940 1361 2993 Orphei
1382 2939 1540 2989 umbra,

807 3006 945 3045 Manes
964 3002 1128 3057 Orphei,
1146 3014 1238 3040 nam
1259 2997 1413 3051 Orphei
1431 3011 1542 3038 mors

1190 3069 1258 3114 43
