<?xml version="1.0" encoding="UTF-8"?>
<!DOCTYPE html PUBLIC "-//W3C//DTD XHTML 1.0 Transitional//EN"
    "http://www.w3.org/TR/xhtml1/DTD/xhtml1-transitional.dtd">
<html xmlns="http://www.w3.org/1999/xhtml" xml:lang="en" lang="en">
 <head>
  <title>
</title>
<meta http-equiv="Content-Type" content="text/html;charset=utf-8" />
  <meta name='ocr-system' content='tesseract 3.04.00' />
  <meta name='ocr-capabilities' content='ocr_page ocr_carea ocr_par ocr_line ocrx_word'/>
</head>
<body>
  <div class='ocr_page' id='page_1' title='image "./publiusvirgilius01virguoft_0274.png"; bbox 0 0 1768 3320; ppageno 0'>
   <div class='ocr_carea' id='block_1_1' title="bbox 192 222 291 271">
    <p class='ocr_par' dir='ltr' id='par_1_1' title="bbox 192 222 291 271">
     <span class='ocr_line' id='line_1_1' title="bbox 192 222 291 271; baseline 0 0"><span class='ocrx_word' id='word_1_1' title='bbox 192 222 291 271; x_wconf 86' lang='lat'>106</span> 
     </span>
    </p>
   </div>
   <div class='ocr_carea' id='block_1_2' title="bbox 185 337 1558 478">
    <p class='ocr_par' dir='ltr' id='par_1_2' title="bbox 185 337 1558 478">
     <span class='ocr_line' id='line_1_2' title="bbox 185 337 1488 408; baseline -0.004 -13"><span class='ocrx_word' id='word_1_2' title='bbox 185 342 425 395; x_wconf 88' lang='lat' dir='ltr'>Diffusos</span> <span class='ocrx_word' id='word_1_3' title='bbox 452 343 612 396; x_wconf 82' lang='lat' dir='ltr'>edera</span> <span class='ocrx_word' id='word_1_4' title='bbox 631 344 785 394; x_wconf 84' lang='lat' dir='ltr'>vestit</span> <span class='ocrx_word' id='word_1_5' title='bbox 802 340 1032 408; x_wconf 80' lang='lat' dir='ltr'>pallente</span> <span class='ocrx_word' id='word_1_6' title='bbox 1059 337 1357 402; x_wconf 78' lang='lat' dir='ltr'><strong>corymbos,</strong></span> <span class='ocrx_word' id='word_1_7' title='bbox 1480 382 1488 390; x_wconf 87' lang='lat'>..</span> 
     </span>
     <span class='ocr_line' id='line_1_3' title="bbox 186 407 1558 478; baseline -0.005 -13"><span class='ocrx_word' id='word_1_8' title='bbox 186 416 250 466; x_wconf 91' lang='lat' dir='ltr'>In</span> <span class='ocrx_word' id='word_1_9' title='bbox 271 414 456 465; x_wconf 87' lang='lat' dir='ltr'>medio</span> <span class='ocrx_word' id='word_1_10' title='bbox 480 413 589 465; x_wconf 91' lang='lat' dir='ltr'>duo</span> <span class='ocrx_word' id='word_1_11' title='bbox 613 414 780 478; x_wconf 84' lang='lat' dir='ltr'>signa,</span> <span class='ocrx_word' id='word_1_12' title='bbox 820 413 1034 463; x_wconf 89' lang='lat' dir='ltr'>Conon:</span> <span class='ocrx_word' id='word_1_13' title='bbox 1073 417 1126 459; x_wconf 85' lang='lat' dir='ltr'>et</span> <span class='ocrx_word' id='word_1_14' title='bbox 1148 408 1265 476; x_wconf 90' lang='lat' dir='ltr'>quis</span> <span class='ocrx_word' id='word_1_15' title='bbox 1288 407 1399 459; x_wconf 82' lang='lat' dir='ltr'>fuit·</span> <span class='ocrx_word' id='word_1_16' title='bbox 1413 408 1558 474; x_wconf 85' lang='lat' dir='ltr'>alter,</span> 
     </span>
    </p>
   </div>
   <div class='ocr_carea' id='block_1_3' title="bbox 460 212 1449 273">
    <p class='ocr_par' dir='ltr' id='par_1_3' title="bbox 460 212 1449 273">
     <span class='ocr_line' id='line_1_4' title="bbox 460 212 1449 273; baseline -0.012 0"><span class='ocrx_word' id='word_1_17' title='bbox 460 219 580 273; x_wconf 49' lang='lat' dir='ltr'>WB.</span> <span class='ocrx_word' id='word_1_18' title='bbox 614 216 967 269; x_wconf 87' lang='lat' dir='ltr'>VIRGILII</span> <span class='ocrx_word' id='word_1_19' title='bbox 1012 212 1386 263; x_wconf 89' lang='lat' dir='ltr'><strong>MARONIS</strong></span> <span class='ocrx_word' id='word_1_20' title='bbox 1422 222 1449 262; x_wconf 77' lang='grc'>;’.</span> 
     </span>
    </p>
   </div>
   <div class='ocr_carea' id='block_1_4' title="bbox 1591 374 1697 462">
    <p class='ocr_par' dir='ltr' id='par_1_4' title="bbox 1591 374 1697 462">
     <span class='ocr_line' id='line_1_5' title="bbox 1591 374 1697 462; baseline -0.019 0"><span class='ocrx_word' id='word_1_21' title='bbox 1591 374 1596 386; x_wconf 44' lang='grc'>’</span> <span class='ocrx_word' id='word_1_22' title='bbox 1631 384 1697 462; x_wconf 84' lang='grc'>40</span> 
     </span>
    </p>
   </div>
   <div class='ocr_carea' id='block_1_5' title="bbox 180 511 1314 568">
    <p class='ocr_par' dir='ltr' id='par_1_5' title="bbox 180 511 1314 568">
     <span class='ocr_line' id='line_1_6' title="bbox 180 511 1314 568; baseline -0.008 -12"><span class='ocrx_word' id='word_1_23' title='bbox 180 540 182 542; x_wconf 96' lang='grc'>-</span> <span class='ocrx_word' id='word_1_24' title='bbox 231 521 279 557; x_wconf 87' lang='grc'>89</span> <span class='ocrx_word' id='word_1_25' title='bbox 298 519 458 568; x_wconf 73' lang='lat' dir='ltr'>palante</span> <span class='ocrx_word' id='word_1_26' title='bbox 472 519 637 554; x_wconf 83' lang='lat' dir='ltr'>Rottend.</span> <span class='ocrx_word' id='word_1_27' title='bbox 662 530 731 552; x_wconf 77' lang='lat' dir='ltr'>sec.</span> <span class='ocrx_word' id='word_1_28' title='bbox 751 524 784 551; x_wconf 89' lang='lat' dir='ltr'>et</span> <span class='ocrx_word' id='word_1_29' title='bbox 802 528 857 562; x_wconf 88' lang='lat' dir='ltr'>qu.</span> <span class='ocrx_word' id='word_1_30' title='bbox 874 515 1014 557; x_wconf 68' lang='lat' dir='ltr'>Moret„</span> <span class='ocrx_word' id='word_1_31' title='bbox 1038 519 1078 547; x_wconf 85' lang='lat' dir='ltr'>ut</span> <span class='ocrx_word' id='word_1_32' title='bbox 1095 512 1170 548; x_wconf 87' lang='lat' dir='ltr'>Ecl.</span> <span class='ocrx_word' id='word_1_33' title='bbox 1188 514 1232 556; x_wconf 86' lang='lat'>11,</span> <span class='ocrx_word' id='word_1_34' title='bbox 1255 511 1314 550; x_wconf 80' lang='lat'>47.</span> 
     </span>
    </p>
   </div>
   <div class='ocr_carea' id='block_1_6' title="bbox 149 605 912 2979">
    <p class='ocr_par' dir='ltr' id='par_1_6' title="bbox 149 605 912 2979">
     <span class='ocr_line' id='line_1_7' title="bbox 193 605 909 658; baseline -0.01 -10"><span class='ocrx_word' id='word_1_35' title='bbox 193 609 300 649; x_wconf 81' lang='lat' dir='ltr'>Vitis</span> <span class='ocrx_word' id='word_1_36' title='bbox 339 614 474 647; x_wconf 82' lang='lat' dir='ltr'>autem</span> <span class='ocrx_word' id='word_1_37' title='bbox 528 605 729 658; x_wconf 80' lang='lat' dir='ltr'>explicare</span> <span class='ocrx_word' id='word_1_38' title='bbox 778 617 819 642; x_wconf 83' lang='lat' dir='ltr'>se</span> <span class='ocrx_word' id='word_1_39' title='bbox 868 609 909 641; x_wconf 87' lang='lat' dir='ltr'>et</span> 
     </span>
     <span class='ocr_line' id='line_1_8' title="bbox 188 662 910 721; baseline -0.01 -16"><span class='ocrx_word' id='word_1_40' title='bbox 188 679 347 721; x_wconf 82' lang='lat' dir='ltr'>serpere</span> <span class='ocrx_word' id='word_1_41' title='bbox 385 677 503 717; x_wconf 88' lang='lat' dir='ltr'>super</span> <span class='ocrx_word' id='word_1_42' title='bbox 535 677 711 702; x_wconf 79' lang='lat' dir='ltr'><em>racemos</em></span> <span class='ocrx_word' id='word_1_43' title='bbox 739 662 910 715; x_wconf 64' lang='lat' dir='ltr'>dffwsos</span> 
     </span>
     <span class='ocr_line' id='line_1_9' title="bbox 149 718 909 774; baseline -0.011 -10"><span class='ocrx_word' id='word_1_44' title='bbox 149 723 151 727; x_wconf 70' lang='grc'><strong>’</strong></span> <span class='ocrx_word' id='word_1_45' title='bbox 186 721 348 774; x_wconf 59' lang='lat' dir='ltr'>hedera,</span> <span class='ocrx_word' id='word_1_46' title='bbox 373 722 413 763; x_wconf 88' lang='lat' dir='ltr'>h.</span> <span class='ocrx_word' id='word_1_47' title='bbox 431 735 607 762; x_wconf 81' lang='lat' dir='ltr'>racemos</span> <span class='ocrx_word' id='word_1_48' title='bbox 625 720 808 769; x_wconf 84' lang='lat' dir='ltr'><strong>hederae,</strong></span> <span class='ocrx_word' id='word_1_49' title='bbox 833 718 909 757; x_wconf 79' lang='lat' dir='ltr'>lle-</span> 
     </span>
     <span class='ocr_line' id='line_1_10' title="bbox 188 777 910 833; baseline -0.01 -12"><span class='ocrx_word' id='word_1_50' title='bbox 188 782 396 830; x_wconf 83' lang='lat' dir='ltr'>deraceos,</span> <span class='ocrx_word' id='word_1_51' title='bbox 436 780 613 831; x_wconf 85' lang='lat' dir='ltr'>adeoque</span> <span class='ocrx_word' id='word_1_52' title='bbox 637 792 756 833; x_wconf 89' lang='lat' dir='ltr'>super</span> <span class='ocrx_word' id='word_1_53' title='bbox 783 777 910 816; x_wconf 89' lang='lat' dir='ltr'>hede-</span> 
     </span>
     <span class='ocr_line' id='line_1_11' title="bbox 186 835 910 891; baseline -0.01 -12"><span class='ocrx_word' id='word_1_54' title='bbox 186 854 274 879; x_wconf 87' lang='lat' dir='ltr'>ram</span> <span class='ocrx_word' id='word_1_55' title='bbox 290 870 301 890; x_wconf 92' lang='lat'>,</span> <span class='ocrx_word' id='word_1_56' title='bbox 348 838 530 891; x_wconf 87' lang='lat' dir='ltr'>putanda</span> <span class='ocrx_word' id='word_1_57' title='bbox 563 843 622 874; x_wconf 83' lang='lat' dir='ltr'>est</span> <span class='ocrx_word' id='word_1_58' title='bbox 642 866 653 887; x_wconf 86' lang='lat'>,</span> <span class='ocrx_word' id='word_1_59' title='bbox 684 842 827 888; x_wconf 31' lang='lat' dir='ltr'>,atque</span> <span class='ocrx_word' id='word_1_60' title='bbox 851 835 910 873; x_wconf 85' lang='lat' dir='ltr'>ita</span> 
     </span>
     <span class='ocr_line' id='line_1_12' title="bbox 188 893 910 944; baseline -0.008 -8"><span class='ocrx_word' id='word_1_61' title='bbox 188 898 340 936; x_wconf 88' lang='lat' dir='ltr'>ambire</span> <span class='ocrx_word' id='word_1_62' title='bbox 373 897 472 935; x_wconf 86' lang='lat' dir='ltr'>duas</span> <span class='ocrx_word' id='word_1_63' title='bbox 516 895 685 934; x_wconf 86' lang='lat' dir='ltr'>caelatas</span> <span class='ocrx_word' id='word_1_64' title='bbox 721 893 910 944; x_wconf 83' lang='lat' dir='ltr'>imagines</span> 
     </span>
     <span class='ocr_line' id='line_1_13' title="bbox 188 951 911 995; baseline -0.01 0"><span class='ocrx_word' id='word_1_65' title='bbox 188 955 360 995; x_wconf 87' lang='lat' dir='ltr'>Cononis</span> <span class='ocrx_word' id='word_1_66' title='bbox 389 960 431 992; x_wconf 88' lang='lat' dir='ltr'>et</span> <span class='ocrx_word' id='word_1_67' title='bbox 456 952 583 991; x_wconf 87' lang='lat' dir='ltr'>Arati.</span> <span class='ocrx_word' id='word_1_68' title='bbox 654 951 757 990; x_wconf 84' lang='lat' dir='ltr'>Nam</span> <span class='ocrx_word' id='word_1_69' title='bbox 790 953 911 990; x_wconf 68' lang='lat' dir='ltr'>vilem</span> 
     </span>
     <span class='ocr_line' id='line_1_14' title="bbox 188 1008 912 1060; baseline -0.007 -8"><span class='ocrx_word' id='word_1_70' title='bbox 188 1013 239 1052; x_wconf 90' lang='lat' dir='ltr'>de</span> <span class='ocrx_word' id='word_1_71' title='bbox 258 1012 427 1051; x_wconf 86' lang='lat' dir='ltr'>hederae</span> <span class='ocrx_word' id='word_1_72' title='bbox 448 1010 616 1060; x_wconf 79' lang='lat' dir='ltr'>vimine,</span> <span class='ocrx_word' id='word_1_73' title='bbox 647 1010 720 1048; x_wconf 87' lang='lat' dir='ltr'>etsi</span> <span class='ocrx_word' id='word_1_74' title='bbox 745 1008 912 1048; x_wconf 86' lang='lat' dir='ltr'>viticula</span> 
     </span>
     <span class='ocr_line' id='line_1_15' title="bbox 188 1067 910 1124; baseline -0.006 -15"><span class='ocrx_word' id='word_1_75' title='bbox 188 1071 410 1124; x_wconf 85' lang='lat' dir='ltr'>appellatur</span> <span class='ocrx_word' id='word_1_76' title='bbox 428 1083 450 1106; x_wconf 89' lang='lat' dir='ltr'>a</span> <span class='ocrx_word' id='word_1_77' title='bbox 461 1068 600 1118; x_wconf 85' lang='lat' dir='ltr'>Plinio,</span> <span class='ocrx_word' id='word_1_78' title='bbox 622 1081 714 1106; x_wconf 90' lang='lat' dir='ltr'>cum</span> <span class='ocrx_word' id='word_1_79' title='bbox 723 1067 784 1107; x_wconf 91' lang='lat' dir='ltr'>W.</span> <span class='ocrx_word' id='word_1_80' title='bbox 797 1067 910 1105; x_wconf 86' lang='lat' dir='ltr'>Clar-</span> 
     </span>
     <span class='ocr_line' id='line_1_16' title="bbox 187 1125 911 1182; baseline -0.006 -15"><span class='ocrx_word' id='word_1_81' title='bbox 187 1129 254 1167; x_wconf 88' lang='lat' dir='ltr'>kio</span> <span class='ocrx_word' id='word_1_82' title='bbox 277 1126 521 1182; x_wconf 76' lang='lat' dir='ltr'>(Connexion</span> <span class='ocrx_word' id='word_1_83' title='bbox 542 1126 596 1178; x_wconf 77' lang='lat' dir='ltr'>of</span> <span class='ocrx_word' id='word_1_84' title='bbox 605 1127 770 1164; x_wconf 82' lang='lat' dir='ltr'>Roman</span> <span class='ocrx_word' id='word_1_85' title='bbox 784 1155 795 1174; x_wconf 89' lang='lat'>,</span> <span class='ocrx_word' id='word_1_86' title='bbox 830 1125 911 1163; x_wconf 83' lang='lat' dir='ltr'>Sa·-</span> 
     </span>
     <span class='ocr_line' id='line_1_17' title="bbox 186 1181 908 1237; baseline -0.007 -12"><span class='ocrx_word' id='word_1_87' title='bbox 186 1202 266 1225; x_wconf 84' lang='lat' dir='ltr'>xon</span> <span class='ocrx_word' id='word_1_88' title='bbox 293 1185 380 1224; x_wconf 82' lang='lat' dir='ltr'>and</span> <span class='ocrx_word' id='word_1_89' title='bbox 395 1185 569 1236; x_wconf 71' lang='lat' dir='ltr'>English</span> <span class='ocrx_word' id='word_1_90' title='bbox 593 1184 709 1222; x_wconf 73' lang='lat' dir='ltr'>Coins</span> <span class='ocrx_word' id='word_1_91' title='bbox 726 1198 766 1236; x_wconf 88' lang='lat' dir='ltr'>p.</span> <span class='ocrx_word' id='word_1_92' title='bbox 787 1181 908 1237; x_wconf 79' lang='grc'>224.)</span> 
     </span>
     <span class='ocr_line' id='line_1_18' title="bbox 187 1240 910 1297; baseline -0.007 -14"><span class='ocrx_word' id='word_1_93' title='bbox 187 1245 363 1297; x_wconf 86' lang='lat' dir='ltr'>accipere</span> <span class='ocrx_word' id='word_1_94' title='bbox 391 1257 472 1281; x_wconf 91' lang='lat' dir='ltr'>non</span> <span class='ocrx_word' id='word_1_95' title='bbox 504 1242 618 1280; x_wconf 87' lang='lat' dir='ltr'>licet:</span> <span class='ocrx_word' id='word_1_96' title='bbox 675 1242 734 1280; x_wconf 89' lang='lat' dir='ltr'>ita</span> <span class='ocrx_word' id='word_1_97' title='bbox 773 1240 910 1280; x_wconf 83' lang='lat' dir='ltr'>vimen</span> 
     </span>
     <span class='ocr_line' id='line_1_19' title="bbox 185 1298 910 1351; baseline -0.006 -11"><span class='ocrx_word' id='word_1_98' title='bbox 185 1302 375 1350; x_wconf 77' lang='lat' dir='ltr'>hederae,</span> <span class='ocrx_word' id='word_1_99' title='bbox 406 1300 584 1351; x_wconf 86' lang='lat' dir='ltr'>adeoque</span> <span class='ocrx_word' id='word_1_100' title='bbox 606 1299 757 1339; x_wconf 87' lang='lat' dir='ltr'>hedera</span> <span class='ocrx_word' id='word_1_101' title='bbox 781 1298 910 1337; x_wconf 90' lang='lat' dir='ltr'>hede-</span> 
     </span>
     <span class='ocr_line' id='line_1_20' title="bbox 184 1356 909 1409; baseline -0.004 -11"><span class='ocrx_word' id='word_1_102' title='bbox 184 1373 291 1409; x_wconf 84' lang='lat' dir='ltr'>ram,</span> <span class='ocrx_word' id='word_1_103' title='bbox 323 1359 472 1398; x_wconf 83' lang='lat' dir='ltr'>ambire</span> <span class='ocrx_word' id='word_1_104' title='bbox 491 1358 702 1397; x_wconf 85' lang='lat' dir='ltr'>diceretur.</span> <span class='ocrx_word' id='word_1_105' title='bbox 745 1357 846 1396; x_wconf 84' lang='lat' dir='ltr'>Erat</span> <span class='ocrx_word' id='word_1_106' title='bbox 865 1356 909 1396; x_wconf 86' lang='lat' dir='ltr'>in</span> 
     </span>
     <span class='ocr_line' id='line_1_21' title="bbox 184 1415 909 1457; baseline -0.004 -1"><span class='ocrx_word' id='word_1_107' title='bbox 184 1417 246 1456; x_wconf 85' lang='lat' dir='ltr'>his</span> <span class='ocrx_word' id='word_1_108' title='bbox 291 1423 385 1457; x_wconf 81' lang='lat' dir='ltr'>ante</span> <span class='ocrx_word' id='word_1_109' title='bbox 421 1417 557 1455; x_wconf 87' lang='lat' dir='ltr'>oculos</span> <span class='ocrx_word' id='word_1_110' title='bbox 594 1415 752 1455; x_wconf 90' lang='lat' dir='ltr'>Maroni</span> <span class='ocrx_word' id='word_1_111' title='bbox 795 1416 909 1454; x_wconf 88' lang='lat' dir='ltr'>locus</span> 
     </span>
     <span class='ocr_line' id='line_1_22' title="bbox 185 1473 907 1527; baseline -0.003 -13"><span class='ocrx_word' id='word_1_112' title='bbox 185 1474 388 1514; x_wconf 85' lang='lat' dir='ltr'>Theocriti</span> <span class='ocrx_word' id='word_1_113' title='bbox 404 1474 440 1523; x_wconf 91' lang='grc' dir='ltr'>Ι,</span> <span class='ocrx_word' id='word_1_114' title='bbox 469 1477 525 1517; x_wconf 82' lang='lat'>29</span> <span class='ocrx_word' id='word_1_115' title='bbox 542 1487 647 1526; x_wconf 90' lang='lat' dir='ltr'>sqq.,</span> <span class='ocrx_word' id='word_1_116' title='bbox 678 1487 797 1527; x_wconf 90' lang='lat' dir='ltr'>quem</span> <span class='ocrx_word' id='word_1_117' title='bbox 816 1473 856 1512; x_wconf 90' lang='lat' dir='ltr'>h.</span> <span class='ocrx_word' id='word_1_118' title='bbox 881 1473 907 1512; x_wconf 95' lang='grc'>1.</span> 
     </span>
     <span class='ocr_line' id='line_1_23' title="bbox 183 1531 909 1585; baseline -0.004 -12"><span class='ocrx_word' id='word_1_119' title='bbox 183 1535 430 1573; x_wconf 82' lang='lat' dir='ltr'>illustratum</span> <span class='ocrx_word' id='word_1_120' title='bbox 449 1533 570 1571; x_wconf 89' lang='lat' dir='ltr'>dabo:</span> <span class='ocrx_word' id='word_1_121' title='bbox 599 1533 659 1571; x_wconf 86' lang='lat' dir='ltr'>lbi</span> <span class='ocrx_word' id='word_1_122' title='bbox 677 1532 721 1570; x_wconf 90' lang='lat' dir='ltr'>in</span> <span class='ocrx_word' id='word_1_123' title='bbox 740 1531 909 1585; x_wconf 85' lang='lat' dir='ltr'>cissybii,</span> 
     </span>
     <span class='ocr_line' id='line_1_24' title="bbox 185 1590 908 1643; baseline -0.003 -13"><span class='ocrx_word' id='word_1_124' title='bbox 185 1591 293 1643; x_wconf 88' lang='lat' dir='ltr'>quod</span> <span class='ocrx_word' id='word_1_125' title='bbox 311 1591 438 1629; x_wconf 86' lang='lat' dir='ltr'>maius</span> <span class='ocrx_word' id='word_1_126' title='bbox 453 1605 523 1630; x_wconf 83' lang='lat' dir='ltr'>vas</span> <span class='ocrx_word' id='word_1_127' title='bbox 537 1597 624 1629; x_wconf 90' lang='lat' dir='ltr'>erat</span> <span class='ocrx_word' id='word_1_128' title='bbox 638 1590 908 1643; x_wconf 86' lang='lat' dir='ltr'>pastoritium,</span> 
     </span>
     <span class='ocr_line' id='line_1_25' title="bbox 185 1649 910 1701; baseline -0.003 -13"><span class='ocrx_word' id='word_1_129' title='bbox 185 1649 391 1701; x_wconf 85' lang='lat' dir='ltr'>superficie</span> <span class='ocrx_word' id='word_1_130' title='bbox 412 1655 495 1687; x_wconf 85' lang='lat' dir='ltr'>tres</span> <span class='ocrx_word' id='word_1_131' title='bbox 520 1654 616 1687; x_wconf 86' lang='lat' dir='ltr'>sunt</span> <span class='ocrx_word' id='word_1_132' title='bbox 646 1662 776 1687; x_wconf 86' lang='lat' dir='ltr'>areae:</span> <span class='ocrx_word' id='word_1_133' title='bbox 807 1662 910 1700; x_wconf 91' lang='lat' dir='ltr'>qua-</span> 
     </span>
     <span class='ocr_line' id='line_1_26' title="bbox 183 1706 911 1759; baseline -0.001 -13"><span class='ocrx_word' id='word_1_134' title='bbox 183 1721 277 1749; x_wconf 81' lang='lat' dir='ltr'>rum</span> <span class='ocrx_word' id='word_1_135' title='bbox 304 1707 432 1759; x_wconf 88' lang='lat' dir='ltr'>prima</span> <span class='ocrx_word' id='word_1_136' title='bbox 471 1706 676 1746; x_wconf 87' lang='lat' dir='ltr'>mulierem</span> <span class='ocrx_word' id='word_1_137' title='bbox 704 1707 911 1745; x_wconf 76' lang='lat' dir='ltr'>sedentem</span> 
     </span>
     <span class='ocr_line' id='line_1_27' title="bbox 184 1764 910 1817; baseline -0.001 -13"><span class='ocrx_word' id='word_1_138' title='bbox 184 1766 292 1804; x_wconf 84' lang='lat' dir='ltr'>inter</span> <span class='ocrx_word' id='word_1_139' title='bbox 331 1764 414 1803; x_wconf 89' lang='lat' dir='ltr'>duo</span> <span class='ocrx_word' id='word_1_140' title='bbox 454 1771 650 1804; x_wconf 79' lang='lat' dir='ltr'>amatores</span> <span class='ocrx_word' id='word_1_141' title='bbox 697 1779 787 1804; x_wconf 90' lang='lat' dir='ltr'>cum</span> <span class='ocrx_word' id='word_1_142' title='bbox 823 1765 910 1817; x_wconf 84' lang='lat' dir='ltr'>ipsa</span> 
     </span>
     <span class='ocr_line' id='line_1_28' title="bbox 186 1822 909 1876; baseline -0.001 -14"><span class='ocrx_word' id='word_1_143' title='bbox 186 1822 377 1862; x_wconf 77' lang='lat' dir='ltr'>amatorie</span> <span class='ocrx_word' id='word_1_144' title='bbox 406 1823 703 1876; x_wconf 76' lang='lat' dir='ltr'>expostulantes</span> <span class='ocrx_word' id='word_1_145' title='bbox 732 1823 909 1873; x_wconf 85' lang='lat' dir='ltr'>exhibet,</span> 
     </span>
     <span class='ocr_line' id='line_1_29' title="bbox 183 1880 911 1933; baseline -0.001 -12"><span class='ocrx_word' id='word_1_146' title='bbox 183 1881 228 1921; x_wconf 86' lang='lat' dir='ltr'>in</span> <span class='ocrx_word' id='word_1_147' title='bbox 267 1881 394 1919; x_wconf 86' lang='lat' dir='ltr'>altera</span> <span class='ocrx_word' id='word_1_148' title='bbox 430 1881 605 1933; x_wconf 83' lang='lat' dir='ltr'>piscator</span> <span class='ocrx_word' id='word_1_149' title='bbox 646 1887 732 1920; x_wconf 88' lang='lat' dir='ltr'>rete</span> <span class='ocrx_word' id='word_1_150' title='bbox 780 1880 911 1920; x_wconf 88' lang='lat' dir='ltr'>trahit</span> 
     </span>
     <span class='ocr_line' id='line_1_30' title="bbox 185 1939 908 1987; baseline 0 -8"><span class='ocrx_word' id='word_1_151' title='bbox 185 1939 307 1987; x_wconf 82' lang='lat' dir='ltr'>mari,</span> <span class='ocrx_word' id='word_1_152' title='bbox 350 1939 394 1976; x_wconf 91' lang='lat' dir='ltr'>in</span> <span class='ocrx_word' id='word_1_153' title='bbox 422 1940 543 1978; x_wconf 85' lang='lat' dir='ltr'>tertia</span> <span class='ocrx_word' id='word_1_154' title='bbox 581 1940 696 1978; x_wconf 89' lang='lat' dir='ltr'>vinea</span> <span class='ocrx_word' id='word_1_155' title='bbox 726 1946 786 1978; x_wconf 88' lang='lat' dir='ltr'>est</span> <span class='ocrx_word' id='word_1_156' title='bbox 816 1954 908 1979; x_wconf 88' lang='lat' dir='ltr'>cum</span> 
     </span>
     <span class='ocr_line' id='line_1_31' title="bbox 185 1997 908 2051; baseline 0 -14"><span class='ocrx_word' id='word_1_157' title='bbox 185 2011 311 2051; x_wconf 85' lang='lat' dir='ltr'>puero</span> <span class='ocrx_word' id='word_1_158' title='bbox 328 1997 505 2036; x_wconf 91' lang='lat' dir='ltr'>custode.</span> <span class='ocrx_word' id='word_1_159' title='bbox 549 1998 697 2036; x_wconf 86' lang='lat' dir='ltr'>Totum</span> <span class='ocrx_word' id='word_1_160' title='bbox 715 1999 908 2051; x_wconf 85' lang='lat' dir='ltr'>poculum</span> 
     </span>
     <span class='ocr_line' id='line_1_32' title="bbox 187 2055 908 2096; baseline 0 -2"><span class='ocrx_word' id='word_1_161' title='bbox 187 2056 311 2094; x_wconf 85' lang='lat' dir='ltr'>ambit</span> <span class='ocrx_word' id='word_1_162' title='bbox 331 2055 524 2094; x_wconf 86' lang='lat' dir='ltr'>acanthus</span> <span class='ocrx_word' id='word_1_163' title='bbox 544 2055 713 2094; x_wconf 73' lang='lat' dir='ltr'>flexibus</span> <span class='ocrx_word' id='word_1_164' title='bbox 728 2057 829 2096; x_wconf 88' lang='lat' dir='ltr'>suis:</span> <span class='ocrx_word' id='word_1_165' title='bbox 855 2056 908 2094; x_wconf 90' lang='lat' dir='ltr'>ad</span> 
     </span>
     <span class='ocr_line' id='line_1_33' title="bbox 180 2113 907 2168; baseline 0.001 -16"><span class='ocrx_word' id='word_1_166' title='bbox 180 2127 381 2162; x_wconf 63' lang='lat' dir='ltr'>summam</span> <span class='ocrx_word' id='word_1_167' title='bbox 409 2128 520 2152; x_wconf 83' lang='lat' dir='ltr'>oram</span> <span class='ocrx_word' id='word_1_168' title='bbox 546 2113 695 2152; x_wconf 87' lang='lat' dir='ltr'>hedera</span> <span class='ocrx_word' id='word_1_169' title='bbox 726 2121 768 2153; x_wconf 86' lang='lat' dir='ltr'>et</span> <span class='ocrx_word' id='word_1_170' title='bbox 792 2114 907 2168; x_wconf 55' lang='lat' dir='ltr'>⁸heli-</span> 
     </span>
     <span class='ocr_line' id='line_1_34' title="bbox 187 2166 907 2224; baseline 0 -14"><span class='ocrx_word' id='word_1_171' title='bbox 187 2166 355 2224; x_wconf 77' lang='lat' dir='ltr'>chrysus</span> <span class='ocrx_word' id='word_1_172' title='bbox 385 2179 480 2211; x_wconf 88' lang='lat' dir='ltr'>sunt</span> <span class='ocrx_word' id='word_1_173' title='bbox 495 2172 710 2224; x_wconf 74' lang='lat' dir='ltr'>implicitae</span> <span class='ocrx_word' id='word_1_174' title='bbox 733 2173 839 2211; x_wconf 88' lang='lat' dir='ltr'>inter</span> <span class='ocrx_word' id='word_1_175' title='bbox 866 2186 907 2210; x_wconf 88' lang='lat' dir='ltr'>se</span> 
     </span>
     <span class='ocr_line' id='line_1_35' title="bbox 185 2229 909 2283; baseline 0 -14"><span class='ocrx_word' id='word_1_176' title='bbox 185 2229 338 2269; x_wconf 85' lang='lat' dir='ltr'>mutuis</span> <span class='ocrx_word' id='word_1_177' title='bbox 353 2230 539 2268; x_wconf 83' lang='lat' dir='ltr'>nexibus:</span> <span class='ocrx_word' id='word_1_178' title='bbox 564 2243 614 2268; x_wconf 79' lang='lat' dir='ltr'>ex</span> <span class='ocrx_word' id='word_1_179' title='bbox 632 2229 695 2268; x_wconf 86' lang='lat' dir='ltr'>his</span> <span class='ocrx_word' id='word_1_180' title='bbox 714 2231 909 2283; x_wconf 84' lang='lat' dir='ltr'>expressit</span> 
     </span>
     <span class='ocr_line' id='line_1_36' title="bbox 185 2287 907 2341; baseline 0.003 -14"><span class='ocrx_word' id='word_1_181' title='bbox 185 2289 253 2327; x_wconf 87' lang='lat' dir='ltr'>illa</span> <span class='ocrx_word' id='word_1_182' title='bbox 269 2287 401 2326; x_wconf 84' lang='lat' dir='ltr'>Maro:</span> <span class='ocrx_word' id='word_1_183' title='bbox 428 2291 492 2328; x_wconf 81' lang='grc' dir='ltr'><em>Τῶ</em></span> <span class='ocrx_word' id='word_1_184' title='bbox 508 2288 599 2341; x_wconf 80' lang='grc' dir='ltr'><em>περὶ</em></span> <span class='ocrx_word' id='word_1_185' title='bbox 619 2287 692 2341; x_wconf 82' lang='grc' dir='ltr'>μὲν</span> <span class='ocrx_word' id='word_1_186' title='bbox 710 2292 819 2341; x_wconf 74' lang='grc' dir='ltr'><strong><em>χείλη</em></strong></span> <span class='ocrx_word' id='word_1_187' title='bbox 836 2305 907 2341; x_wconf 83' lang='grc' dir='ltr'>μα-</span> 
     </span>
     <span class='ocr_line' id='line_1_37' title="bbox 186 2341 909 2400; baseline -0.001 -13"><span class='ocrx_word' id='word_1_188' title='bbox 186 2341 323 2400; x_wconf 81' lang='grc' dir='ltr'><strong><em>ρύεται</em></strong></span> <span class='ocrx_word' id='word_1_189' title='bbox 340 2342 476 2397; x_wconf 72' lang='grc' dir='ltr'>ὑψόθι</span> <span class='ocrx_word' id='word_1_190' title='bbox 486 2344 636 2396; x_wconf 84' lang='grc' dir='ltr'>κισσὸς,</span> <span class='ocrx_word' id='word_1_191' title='bbox 652 2346 777 2385; x_wconf 68' lang='lat' dir='ltr'>ambit</span> <span class='ocrx_word' id='word_1_192' title='bbox 796 2362 909 2386; x_wconf 67' lang='lat' dir='ltr'>oram</span> 
     </span>
     <span class='ocr_line' id='line_1_38' title="bbox 186 2401 908 2461; baseline 0.004 -18"><span class='ocrx_word' id='word_1_193' title='bbox 186 2405 296 2443; x_wconf 64' lang='lat' dir='ltr'>vasis·</span> <span class='ocrx_word' id='word_1_194' title='bbox 310 2403 469 2453; x_wconf 78' lang='lat' dir='ltr'>hedera,</span> <span class='ocrx_word' id='word_1_195' title='bbox 486 2401 622 2452; x_wconf 76' lang='grc' dir='ltr'><strong><em>κισσός</em></strong></span> <span class='ocrx_word' id='word_1_196' title='bbox 636 2401 829 2461; x_wconf 79' lang='grc' dir='ltr'><strong><em>ἕλιχρύσῳ</em></strong></span> <span class='ocrx_word' id='word_1_197' title='bbox 847 2421 908 2446; x_wconf 81' lang='grc' dir='ltr'>κε-</span> 
     </span>
     <span class='ocr_line' id='line_1_39' title="bbox 185 2459 909 2517; baseline -0.001 -14"><span class='ocrx_word' id='word_1_198' title='bbox 185 2459 424 2514; x_wconf 81' lang='grc' dir='ltr'><strong><em>κονισμένος</em></strong></span> <span class='ocrx_word' id='word_1_199' title='bbox 458 2461 558 2500; x_wconf 89' lang='lat' dir='ltr'>ssore</span> <span class='ocrx_word' id='word_1_200' title='bbox 583 2461 810 2516; x_wconf 82' lang='lat' dir='ltr'>helichryso</span> <span class='ocrx_word' id='word_1_201' title='bbox 841 2461 909 2517; x_wconf 88' lang='lat' dir='ltr'>(de</span> 
     </span>
     <span class='ocr_line' id='line_1_40' title="bbox 186 2518 908 2573; baseline 0.004 -16"><span class='ocrx_word' id='word_1_202' title='bbox 186 2533 266 2572; x_wconf 91' lang='lat' dir='ltr'>quo</span> <span class='ocrx_word' id='word_1_203' title='bbox 290 2518 492 2570; x_wconf 88' lang='lat' dir='ltr'>quomodo</span> <span class='ocrx_word' id='word_1_204' title='bbox 519 2519 702 2559; x_wconf 84' lang='lat' dir='ltr'>dubitare</span> <span class='ocrx_word' id='word_1_205' title='bbox 727 2528 908 2573; x_wconf 86' lang='lat' dir='ltr'>possunt,</span> 
     </span>
     <span class='ocr_line' id='line_1_41' title="bbox 186 2577 909 2633; baseline 0.003 -17"><span class='ocrx_word' id='word_1_206' title='bbox 186 2577 255 2630; x_wconf 89' lang='lat' dir='ltr'>qui</span> <span class='ocrx_word' id='word_1_207' title='bbox 273 2577 391 2631; x_wconf 84' lang='lat' dir='ltr'>Idyll.</span> <span class='ocrx_word' id='word_1_208' title='bbox 411 2577 468 2627; x_wconf 84' lang='grc' dir='ltr'>ΙΙ,</span> <span class='ocrx_word' id='word_1_209' title='bbox 500 2580 555 2619; x_wconf 87' lang='lat'>78</span> <span class='ocrx_word' id='word_1_210' title='bbox 575 2578 807 2633; x_wconf 77' lang='lat' dir='ltr'>legerant?)</span> <span class='ocrx_word' id='word_1_211' title='bbox 838 2595 909 2618; x_wconf 60' lang='lat' dir='ltr'>ve—</span> 
     </span>
     <span class='ocr_line' id='line_1_42' title="bbox 184 2633 910 2690; baseline 0.004 -16"><span class='ocrx_word' id='word_1_212' title='bbox 184 2637 300 2685; x_wconf 67' lang='lat' dir='ltr'>ntila,</span> <span class='ocrx_word' id='word_1_213' title='bbox 328 2635 540 2687; x_wconf 83' lang='lat' dir='ltr'>implicita,</span> <span class='ocrx_word' id='word_1_214' title='bbox 580 2635 607 2676; x_wconf 78' lang='grc' dir='ltr'>οἳ</span> <span class='ocrx_word' id='word_1_215' title='bbox 627 2635 669 2677; x_wconf 80' lang='grc' dir='ltr'>δὲ</span> <span class='ocrx_word' id='word_1_216' title='bbox 692 2637 769 2686; x_wconf 75' lang='grc' dir='ltr'>ἕλιξ</span> <span class='ocrx_word' id='word_1_217' title='bbox 794 2633 910 2690; x_wconf 71' lang='grc' dir='ltr'><em>ἄγαλ-</em></span> 
     </span>
     <span class='ocr_line' id='line_1_43' title="bbox 184 2690 912 2749; baseline 0 -14"><span class='ocrx_word' id='word_1_218' title='bbox 184 2693 334 2747; x_wconf 84' lang='grc' dir='ltr'><strong><em>λομένα</em></strong></span> <span class='ocrx_word' id='word_1_219' title='bbox 355 2696 498 2749; x_wconf 77' lang='grc' dir='ltr'><strong><em>καρπῷ</em></strong></span> <span class='ocrx_word' id='word_1_220' title='bbox 516 2690 724 2746; x_wconf 77' lang='grc' dir='ltr'><strong><em>κροκόεντι</em></strong></span> <span class='ocrx_word' id='word_1_221' title='bbox 751 2695 912 2735; x_wconf 75' lang='grc' dir='ltr'><em>εἱλεῖται</em></span> 
     </span>
     <span class='ocr_line' id='line_1_44' title="bbox 185 2746 908 2798; baseline -0.003 -6"><span class='ocrx_word' id='word_1_222' title='bbox 185 2746 269 2792; x_wconf 81' lang='grc' dir='ltr'><strong><em>κατ’</em></strong></span> <span class='ocrx_word' id='word_1_223' title='bbox 284 2747 420 2798; x_wconf 74' lang='grc' dir='ltr'>αὐτὸν,</span> <span class='ocrx_word' id='word_1_224' title='bbox 448 2751 621 2789; x_wconf 86' lang='lat' dir='ltr'>hederae</span> <span class='ocrx_word' id='word_1_225' title='bbox 642 2758 776 2790; x_wconf 80' lang='lat' dir='ltr'>autem</span> <span class='ocrx_word' id='word_1_226' title='bbox 793 2766 908 2790; x_wconf 88' lang='lat' dir='ltr'>race-</span> 
     </span>
     <span class='ocr_line' id='line_1_45' title="bbox 183 2809 910 2863; baseline 0 -14"><span class='ocrx_word' id='word_1_227' title='bbox 183 2809 296 2859; x_wconf 84' lang='lat' dir='ltr'>muli,</span> <span class='ocrx_word' id='word_1_228' title='bbox 317 2809 491 2862; x_wconf 72' lang='lat' dir='ltr'>corymbi</span> <span class='ocrx_word' id='word_1_229' title='bbox 505 2809 649 2863; x_wconf 57' lang='grc' dir='ltr'>ᾰιξθὶιεί</span> <span class='ocrx_word' id='word_1_230' title='bbox 664 2810 822 2859; x_wconf 70' lang='lat' dir='ltr'>hedera,</span> <span class='ocrx_word' id='word_1_231' title='bbox 840 2825 910 2849; x_wconf 92' lang='lat' dir='ltr'>co-</span> 
     </span>
     <span class='ocr_line' id='line_1_46' title="bbox 183 2866 911 2920; baseline 0.001 -14"><span class='ocrx_word' id='word_1_232' title='bbox 183 2867 318 2920; x_wconf 82' lang='lat' dir='ltr'>rymbi</span> <span class='ocrx_word' id='word_1_233' title='bbox 341 2866 515 2907; x_wconf 87' lang='lat' dir='ltr'>hederae</span> <span class='ocrx_word' id='word_1_234' title='bbox 528 2897 538 2916; x_wconf 93' lang='lat'>‚</span> <span class='ocrx_word' id='word_1_235' title='bbox 577 2867 731 2917; x_wconf 85' lang='lat' dir='ltr'>diffusi,</span> <span class='ocrx_word' id='word_1_236' title='bbox 772 2868 911 2907; x_wconf 87' lang='lat' dir='ltr'>fructu</span> 
     </span>
     <span class='ocr_line' id='line_1_47' title="bbox 185 2923 909 2979; baseline 0.001 -15"><span class='ocrx_word' id='word_1_237' title='bbox 185 2936 328 2965; x_wconf 82' lang='lat' dir='ltr'>croceo</span> <span class='ocrx_word' id='word_1_238' title='bbox 374 2939 446 2965; x_wconf 82' lang='lat' dir='ltr'>seu</span> <span class='ocrx_word' id='word_1_239' title='bbox 482 2925 614 2965; x_wconf 83' lang='lat' dir='ltr'>baccis</span> <span class='ocrx_word' id='word_1_240' title='bbox 654 2926 788 2964; x_wconf 88' lang='lat' dir='ltr'>ornati</span> <span class='ocrx_word' id='word_1_241' title='bbox 835 2923 909 2979; x_wconf 89' lang='lat' dir='ltr'>(cf.</span> 
     </span>
    </p>
   </div>
   <div class='ocr_carea' id='block_1_7' title="bbox 183 2982 910 3037">
    <p class='ocr_par' dir='ltr' id='par_1_7' title="bbox 183 2982 910 3037">
     <span class='ocr_line' id='line_1_48' title="bbox 183 2982 910 3037; baseline 0.003 -13"><span class='ocrx_word' id='word_1_242' title='bbox 183 2983 313 3024; x_wconf 86' lang='lat' dir='ltr'>Bentl.</span> <span class='ocrx_word' id='word_1_243' title='bbox 337 2983 389 3023; x_wconf 85' lang='lat' dir='ltr'>ad</span> <span class='ocrx_word' id='word_1_244' title='bbox 408 2983 540 3024; x_wconf 88' lang='lat' dir='ltr'>Horat</span> <span class='ocrx_word' id='word_1_245' title='bbox 560 2984 632 3037; x_wconf 89' lang='lat' dir='ltr'>Ep.</span> <span class='ocrx_word' id='word_1_246' title='bbox 652 2983 682 3033; x_wconf 91' lang='lat' dir='ltr'>I,</span> <span class='ocrx_word' id='word_1_247' title='bbox 717 2985 791 3033; x_wconf 82' lang='grc'>19,</span> <span class='ocrx_word' id='word_1_248' title='bbox 827 2982 910 3037; x_wconf 92' lang='lat'>10),</span> 
     </span>
    </p>
   </div>
   <div class='ocr_carea' id='block_1_8' title="bbox 965 594 1696 1117">
    <p class='ocr_par' dir='ltr' id='par_1_8' title="bbox 965 594 1696 1117">
     <span class='ocr_line' id='line_1_49' title="bbox 965 594 1696 656; baseline -0.003 -15"><span class='ocrx_word' id='word_1_249' title='bbox 965 600 1194 641; x_wconf 77' lang='lat' dir='ltr'>volvuntur</span> <span class='ocrx_word' id='word_1_250' title='bbox 1211 599 1317 640; x_wconf 87' lang='lat' dir='ltr'>circa</span> <span class='ocrx_word' id='word_1_251' title='bbox 1331 600 1446 640; x_wconf 84' lang='lat' dir='ltr'>illum</span> <span class='ocrx_word' id='word_1_252' title='bbox 1473 594 1696 656; x_wconf 79' lang='lat' dir='ltr'>(heliehry—</span> 
     </span>
     <span class='ocr_line' id='line_1_50' title="bbox 966 653 1696 713; baseline 0.001 -16"><span class='ocrx_word' id='word_1_253' title='bbox 966 656 1086 713; x_wconf 90' lang='lat' dir='ltr'>sum),</span> <span class='ocrx_word' id='word_1_254' title='bbox 1117 658 1259 698; x_wconf 85' lang='lat' dir='ltr'>florem</span> <span class='ocrx_word' id='word_1_255' title='bbox 1277 671 1368 700; x_wconf 88' lang='lat' dir='ltr'>eum</span> <span class='ocrx_word' id='word_1_256' title='bbox 1385 653 1607 713; x_wconf 46' lang='lat' dir='ltr'>implicant,</span> <span class='ocrx_word' id='word_1_257' title='bbox 1634 659 1696 698; x_wconf 87' lang='lat' dir='ltr'>Ita</span> 
     </span>
     <span class='ocr_line' id='line_1_51' title="bbox 966 710 1695 770; baseline 0 -14"><span class='ocrx_word' id='word_1_258' title='bbox 966 717 1050 756; x_wconf 88' lang='lat' dir='ltr'>fere</span> <span class='ocrx_word' id='word_1_259' title='bbox 1074 730 1135 770; x_wconf 90' lang='lat' dir='ltr'>ap.</span> <span class='ocrx_word' id='word_1_260' title='bbox 1159 715 1380 757; x_wconf 85' lang='lat' dir='ltr'>Nemesian.</span> <span class='ocrx_word' id='word_1_261' title='bbox 1410 715 1493 758; x_wconf 84' lang='lat' dir='ltr'>Ecl.</span> <span class='ocrx_word' id='word_1_262' title='bbox 1518 711 1609 768; x_wconf 64' lang='grc' dir='ltr'>ΙΠ,</span> <span class='ocrx_word' id='word_1_263' title='bbox 1630 710 1695 760; x_wconf 82' lang='grc'>18.</span> 
     </span>
     <span class='ocr_line' id='line_1_52' title="bbox 970 776 1696 828; baseline 0 -14"><span class='ocrx_word' id='word_1_264' title='bbox 970 777 1023 818; x_wconf 90' lang='grc'>19</span> <span class='ocrx_word' id='word_1_265' title='bbox 1049 776 1157 814; x_wconf 72' lang='lat' dir='ltr'>vitea</span> <span class='ocrx_word' id='word_1_266' title='bbox 1187 783 1291 814; x_wconf 80' lang='lat' dir='ltr'>serta</span> <span class='ocrx_word' id='word_1_267' title='bbox 1311 776 1524 827; x_wconf 79' lang='lat' dir='ltr'>plicantur</span> <span class='ocrx_word' id='word_1_268' title='bbox 1540 789 1696 828; x_wconf 76' lang='lat' dir='ltr'>corym-</span> 
     </span>
     <span class='ocr_line' id='line_1_53' title="bbox 967 832 1695 883; baseline 0.003 -13"><span class='ocrx_word' id='word_1_269' title='bbox 967 832 1040 871; x_wconf 77' lang='lat' dir='ltr'>bis.</span> <span class='ocrx_word' id='word_1_270' title='bbox 1085 833 1144 871; x_wconf 93' lang='lat' dir='ltr'>Cf.</span> <span class='ocrx_word' id='word_1_271' title='bbox 1164 839 1318 872; x_wconf 85' lang='lat' dir='ltr'>sertum</span> <span class='ocrx_word' id='word_1_272' title='bbox 1341 832 1509 873; x_wconf 87' lang='lat' dir='ltr'>Theocr.</span> <span class='ocrx_word' id='word_1_273' title='bbox 1529 833 1598 883; x_wconf 90' lang='lat' dir='ltr'>III,</span> <span class='ocrx_word' id='word_1_274' title='bbox 1626 835 1695 875; x_wconf 80' lang='lat'>22.</span> 
     </span>
     <span class='ocr_line' id='line_1_54' title="bbox 967 890 1695 944; baseline -0.004 -12"><span class='ocrx_word' id='word_1_275' title='bbox 967 893 1036 932; x_wconf 81' lang='lat'>23.</span> <span class='ocrx_word' id='word_1_276' title='bbox 1075 891 1284 941; x_wconf 87' lang='lat' dir='ltr'>Ceterum,</span> <span class='ocrx_word' id='word_1_277' title='bbox 1319 891 1388 944; x_wconf 86' lang='lat' dir='ltr'>qui</span> <span class='ocrx_word' id='word_1_278' title='bbox 1403 890 1695 943; x_wconf 70' lang='lat' dir='ltr'>floaheliclzry-</span> 
     </span>
     <span class='ocr_line' id='line_1_55' title="bbox 967 939 1695 1001; baseline 0.001 -14"><span class='ocrx_word' id='word_1_279' title='bbox 967 963 1038 987; x_wconf 75' lang='lat' dir='ltr'>sus</span> <span class='ocrx_word' id='word_1_280' title='bbox 1056 948 1120 999; x_wconf 88' lang='lat' dir='ltr'>sit,</span> <span class='ocrx_word' id='word_1_281' title='bbox 1140 948 1281 1000; x_wconf 88' lang='lat' dir='ltr'>ignoro</span> <span class='ocrx_word' id='word_1_282' title='bbox 1305 963 1399 1001; x_wconf 67' lang='lat' dir='ltr'>cum,</span> <span class='ocrx_word' id='word_1_283' title='bbox 1417 949 1522 998; x_wconf 57' lang='lat' dir='ltr'>alim</span> <span class='ocrx_word' id='word_1_284' title='bbox 1550 939 1695 988; x_wconf 51' lang='lat' dir='ltr'>floiem</span> 
     </span>
     <span class='ocr_line' id='line_1_56' title="bbox 968 1005 1696 1060; baseline 0.004 -16"><span class='ocrx_word' id='word_1_285' title='bbox 968 1019 1051 1044; x_wconf 91' lang='lat' dir='ltr'>esse</span> <span class='ocrx_word' id='word_1_286' title='bbox 1080 1013 1204 1058; x_wconf 86' lang='lat' dir='ltr'>patet.</span> <span class='ocrx_word' id='word_1_287' title='bbox 1262 1005 1328 1046; x_wconf 86' lang='lat' dir='ltr'>An</span> <span class='ocrx_word' id='word_1_288' title='bbox 1359 1007 1413 1046; x_wconf 86' lang='lat' dir='ltr'>sit</span> <span class='ocrx_word' id='word_1_289' title='bbox 1438 1006 1696 1060; x_wconf 85' lang='lat' dir='ltr'>gnaphalium</span> 
     </span>
     <span class='ocr_line' id='line_1_57' title="bbox 967 1064 1696 1117; baseline 0 -13"><span class='ocrx_word' id='word_1_290' title='bbox 967 1064 1151 1104; x_wconf 87' lang='lat' dir='ltr'>stoechas</span> <span class='ocrx_word' id='word_1_291' title='bbox 1161 1064 1275 1104; x_wconf 88' lang='lat' dir='ltr'>Linn.</span> <span class='ocrx_word' id='word_1_292' title='bbox 1295 1065 1407 1117; x_wconf 83' lang='lat' dir='ltr'>quod</span> <span class='ocrx_word' id='word_1_293' title='bbox 1425 1065 1696 1106; x_wconf 83' lang='lat' dir='ltr'>coniectatum</span> 
     </span>
    </p>
   </div>
   <div class='ocr_carea' id='block_1_9' title="bbox 955 1119 1695 1175">
    <p class='ocr_par' dir='ltr' id='par_1_9' title="bbox 955 1119 1695 1175">
     <span class='ocr_line' id='line_1_58' title="bbox 955 1119 1695 1175; baseline 0.001 -13"><span class='ocrx_word' id='word_1_294' title='bbox 955 1119 1053 1162; x_wconf 85' lang='lat' dir='ltr'>&#39;vidi</span> <span class='ocrx_word' id='word_1_295' title='bbox 1065 1153 1076 1173; x_wconf 93' lang='lat'>,</span> <span class='ocrx_word' id='word_1_296' title='bbox 1116 1123 1330 1175; x_wconf 84' lang='lat' dir='ltr'>dispiciant</span> <span class='ocrx_word' id='word_1_297' title='bbox 1347 1123 1553 1163; x_wconf 86' lang='lat' dir='ltr'>botanices</span> <span class='ocrx_word' id='word_1_298' title='bbox 1569 1123 1695 1175; x_wconf 47' lang='lat' dir='ltr'>magi*</span> 
     </span>
    </p>
   </div>
   <div class='ocr_carea' id='block_1_10' title="bbox 966 1180 1695 1292">
    <p class='ocr_par' dir='ltr' id='par_1_10' title="bbox 966 1180 1695 1292">
     <span class='ocr_line' id='line_1_59' title="bbox 967 1180 1695 1233; baseline 0 -13"><span class='ocrx_word' id='word_1_299' title='bbox 967 1180 1053 1220; x_wconf 79' lang='lat' dir='ltr'>stri.</span> <span class='ocrx_word' id='word_1_300' title='bbox 1111 1180 1237 1233; x_wconf 84' lang='lat' dir='ltr'>Atqui</span> <span class='ocrx_word' id='word_1_301' title='bbox 1271 1181 1330 1220; x_wconf 90' lang='lat' dir='ltr'>illi</span> <span class='ocrx_word' id='word_1_302' title='bbox 1370 1181 1568 1231; x_wconf 81' lang='lat' dir='ltr'>clamant,</span> <span class='ocrx_word' id='word_1_303' title='bbox 1609 1187 1695 1220; x_wconf 87' lang='lat' dir='ltr'>tam</span> 
     </span>
     <span class='ocr_line' id='line_1_60' title="bbox 966 1238 1694 1292; baseline 0.003 -15"><span class='ocrx_word' id='word_1_304' title='bbox 966 1252 1114 1291; x_wconf 86' lang='lat' dir='ltr'>parum</span> <span class='ocrx_word' id='word_1_305' title='bbox 1142 1244 1275 1278; x_wconf 82' lang='lat' dir='ltr'>certos</span> <span class='ocrx_word' id='word_1_306' title='bbox 1304 1238 1558 1280; x_wconf 81' lang='lat' dir='ltr'>characteres</span> <span class='ocrx_word' id='word_1_307' title='bbox 1575 1239 1694 1292; x_wconf 78' lang='lat' dir='ltr'>plan-</span> 
     </span>
    </p>
   </div>
   <div class='ocr_carea' id='block_1_11' title="bbox 941 1297 1693 1351">
    <p class='ocr_par' dir='ltr' id='par_1_11' title="bbox 941 1297 1693 1351">
     <span class='ocr_line' id='line_1_61' title="bbox 941 1297 1693 1351; baseline 0 -15"><span class='ocrx_word' id='word_1_308' title='bbox 941 1316 943 1321; x_wconf 94' lang='lat'>·</span> <span class='ocrx_word' id='word_1_309' title='bbox 966 1304 1105 1336; x_wconf 90' lang='lat' dir='ltr'>tarum</span> <span class='ocrx_word' id='word_1_310' title='bbox 1125 1311 1148 1335; x_wconf 92' lang='lat' dir='ltr'>a</span> <span class='ocrx_word' id='word_1_311' title='bbox 1165 1297 1371 1336; x_wconf 80' lang='lat' dir='ltr'>veteribus</span> <span class='ocrx_word' id='word_1_312' title='bbox 1397 1297 1582 1351; x_wconf 79' lang='lat' dir='ltr'>proditos</span> <span class='ocrx_word' id='word_1_313' title='bbox 1597 1311 1693 1347; x_wconf 83' lang='lat' dir='ltr'>esse,</span> 
     </span>
    </p>
   </div>
   <div class='ocr_carea' id='block_1_12' title="bbox 965 1355 1695 1513">
    <p class='ocr_par' dir='ltr' id='par_1_12' title="bbox 965 1355 1695 1513">
     <span class='ocr_line' id='line_1_62' title="bbox 965 1355 1694 1408; baseline -0.001 -13"><span class='ocrx_word' id='word_1_314' title='bbox 965 1361 1015 1395; x_wconf 85' lang='lat' dir='ltr'>ut</span> <span class='ocrx_word' id='word_1_315' title='bbox 1047 1355 1146 1395; x_wconf 90' lang='lat' dir='ltr'>certi</span> <span class='ocrx_word' id='word_1_316' title='bbox 1169 1355 1322 1407; x_wconf 85' lang='lat' dir='ltr'>aliquid</span> <span class='ocrx_word' id='word_1_317' title='bbox 1354 1355 1405 1394; x_wconf 90' lang='lat' dir='ltr'>de</span> <span class='ocrx_word' id='word_1_318' title='bbox 1432 1356 1481 1396; x_wconf 75' lang='lat' dir='ltr'>iis</span> <span class='ocrx_word' id='word_1_319' title='bbox 1508 1369 1694 1408; x_wconf 88' lang='lat' dir='ltr'>pronun·-</span> 
     </span>
     <span class='ocr_line' id='line_1_63' title="bbox 965 1412 1694 1454; baseline 0.001 -2"><span class='ocrx_word' id='word_1_320' title='bbox 965 1413 1068 1452; x_wconf 85' lang='lat' dir='ltr'>tiare</span> <span class='ocrx_word' id='word_1_321' title='bbox 1088 1413 1251 1453; x_wconf 89' lang='lat' dir='ltr'>omnino</span> <span class='ocrx_word' id='word_1_322' title='bbox 1272 1412 1384 1454; x_wconf 88' lang='lat' dir='ltr'>haud</span> <span class='ocrx_word' id='word_1_323' title='bbox 1398 1414 1529 1454; x_wconf 85' lang='lat' dir='ltr'>liceat.</span> <span class='ocrx_word' id='word_1_324' title='bbox 1558 1413 1694 1453; x_wconf 84' lang='lat' dir='ltr'>Acan-</span> 
     </span>
     <span class='ocr_line' id='line_1_64' title="bbox 965 1470 1695 1513; baseline 0.001 -3"><span class='ocrx_word' id='word_1_325' title='bbox 965 1470 1030 1511; x_wconf 85' lang='lat' dir='ltr'>thi</span> <span class='ocrx_word' id='word_1_326' title='bbox 1050 1478 1187 1511; x_wconf 83' lang='lat' dir='ltr'>autem</span> <span class='ocrx_word' id='word_1_327' title='bbox 1219 1477 1262 1511; x_wconf 86' lang='lat' dir='ltr'>et</span> <span class='ocrx_word' id='word_1_328' title='bbox 1282 1471 1456 1512; x_wconf 86' lang='lat' dir='ltr'>hederae</span> <span class='ocrx_word' id='word_1_329' title='bbox 1485 1472 1695 1513; x_wconf 80' lang='lat' dir='ltr'>ambientis</span> 
     </span>
    </p>
   </div>
   <div class='ocr_carea' id='block_1_13' title="bbox 959 1526 1695 1583">
    <p class='ocr_par' dir='ltr' id='par_1_13' title="bbox 959 1526 1695 1583">
     <span class='ocr_line' id='line_1_65' title="bbox 959 1526 1695 1583; baseline 0.001 -15"><span class='ocrx_word' id='word_1_330' title='bbox 959 1526 1077 1583; x_wconf 45' lang='lat' dir='ltr'>&#39;signa</span> <span class='ocrx_word' id='word_1_331' title='bbox 1100 1530 1270 1569; x_wconf 87' lang='lat' dir='ltr'>interius</span> <span class='ocrx_word' id='word_1_332' title='bbox 1304 1531 1486 1583; x_wconf 86' lang='lat' dir='ltr'>apposita</span> <span class='ocrx_word' id='word_1_333' title='bbox 1514 1531 1695 1583; x_wconf 83' lang='lat' dir='ltr'>exempla</span> 
     </span>
    </p>
   </div>
   <div class='ocr_carea' id='block_1_14' title="bbox 963 1587 1697 3026">
    <p class='ocr_par' dir='ltr' id='par_1_14' title="bbox 963 1587 1697 3026">
     <span class='ocr_line' id='line_1_66' title="bbox 967 1587 1693 1641; baseline 0.001 -14"><span class='ocrx_word' id='word_1_334' title='bbox 967 1594 1190 1628; x_wconf 87' lang='lat' dir='ltr'>occurrunt</span> <span class='ocrx_word' id='word_1_335' title='bbox 1212 1588 1358 1641; x_wconf 84' lang='lat' dir='ltr'>passim</span> <span class='ocrx_word' id='word_1_336' title='bbox 1383 1588 1426 1628; x_wconf 89' lang='lat' dir='ltr'>in</span> <span class='ocrx_word' id='word_1_337' title='bbox 1442 1587 1549 1628; x_wconf 77' lang='lat' dir='ltr'>vasis</span> <span class='ocrx_word' id='word_1_338' title='bbox 1564 1588 1693 1641; x_wconf 78' lang='lat' dir='ltr'>pictis,</span> 
     </span>
     <span class='ocr_line' id='line_1_67' title="bbox 965 1645 1693 1696; baseline -0.001 -10"><span class='ocrx_word' id='word_1_339' title='bbox 965 1659 1006 1686; x_wconf 85' lang='lat' dir='ltr'>v.</span> <span class='ocrx_word' id='word_1_340' title='bbox 1043 1661 1076 1686; x_wconf 87' lang='lat' dir='ltr'>e.</span> <span class='ocrx_word' id='word_1_341' title='bbox 1105 1646 1327 1686; x_wconf 89' lang='lat' dir='ltr'>Hamiltoni</span> <span class='ocrx_word' id='word_1_342' title='bbox 1370 1652 1412 1686; x_wconf 89' lang='lat' dir='ltr'>et</span> <span class='ocrx_word' id='word_1_343' title='bbox 1440 1645 1693 1696; x_wconf 75' lang='lat' dir='ltr'>Tisehbeinii,</span> 
     </span>
     <span class='ocr_line' id='line_1_68' title="bbox 967 1704 1694 1757; baseline 0.001 -14"><span class='ocrx_word' id='word_1_344' title='bbox 967 1704 1020 1744; x_wconf 87' lang='lat' dir='ltr'>ad</span> <span class='ocrx_word' id='word_1_345' title='bbox 1038 1718 1139 1757; x_wconf 85' lang='lat' dir='ltr'>quae</span> <span class='ocrx_word' id='word_1_346' title='bbox 1161 1704 1456 1757; x_wconf 82' lang='lat' dir='ltr'>comparandus</span> <span class='ocrx_word' id='word_1_347' title='bbox 1481 1705 1694 1745; x_wconf 80' lang='lat' dir='ltr'>Common-</span> 
     </span>
     <span class='ocr_line' id='line_1_69' title="bbox 969 1764 1637 1815; baseline -0.001 -13"><span class='ocrx_word' id='word_1_348' title='bbox 969 1769 1048 1802; x_wconf 67' lang='lat' dir='ltr'>tax.</span> <span class='ocrx_word' id='word_1_349' title='bbox 1072 1764 1265 1815; x_wconf 77' lang='lat' dir='ltr'>Bottiger.</span> <span class='ocrx_word' id='word_1_350' title='bbox 1636 1791 1637 1794; x_wconf 20' lang='grc' dir='ltr'>η</span> 
     </span>
     <span class='ocr_line' id='line_1_70' title="bbox 1022 1819 1694 1872; baseline 0.003 -12"><span class='ocrx_word' id='word_1_351' title='bbox 1022 1819 1092 1864; x_wconf 83' lang='grc'>40.</span> <span class='ocrx_word' id='word_1_352' title='bbox 1123 1822 1176 1860; x_wconf 86' lang='lat' dir='ltr'>In</span> <span class='ocrx_word' id='word_1_353' title='bbox 1191 1821 1322 1860; x_wconf 76' lang='lat' dir='ltr'>medio</span> <span class='ocrx_word' id='word_1_354' title='bbox 1343 1820 1423 1859; x_wconf 83' lang='lat' dir='ltr'>duo</span> <span class='ocrx_word' id='word_1_355' title='bbox 1435 1822 1580 1872; x_wconf 80' lang='lat' dir='ltr'>signa:</span> <span class='ocrx_word' id='word_1_356' title='bbox 1615 1821 1694 1862; x_wconf 75' lang='lat' dir='ltr'>Co,—</span> 
     </span>
     <span class='ocr_line' id='line_1_71' title="bbox 964 1878 1695 1918; baseline 0 0"><span class='ocrx_word' id='word_1_357' title='bbox 964 1894 1058 1918; x_wconf 84' lang='lat' dir='ltr'>non.</span> <span class='ocrx_word' id='word_1_358' title='bbox 1119 1878 1216 1918; x_wconf 89' lang='lat' dir='ltr'>Fuit</span> <span class='ocrx_word' id='word_1_359' title='bbox 1248 1880 1389 1918; x_wconf 86' lang='lat' dir='ltr'>Conon</span> <span class='ocrx_word' id='word_1_360' title='bbox 1415 1878 1695 1918; x_wconf 80' lang='lat' dir='ltr'>celeberrimus</span> 
     </span>
     <span class='ocr_line' id='line_1_72' title="bbox 963 1937 1694 1987; baseline -0.001 -10"><span class='ocrx_word' id='word_1_361' title='bbox 963 1937 1272 1977; x_wconf 78' lang='lat' dir='ltr'>mathematicus</span> <span class='ocrx_word' id='word_1_362' title='bbox 1329 1943 1371 1977; x_wconf 89' lang='lat' dir='ltr'>et</span> <span class='ocrx_word' id='word_1_363' title='bbox 1427 1942 1694 1987; x_wconf 79' lang='lat' dir='ltr'>astronomus,</span> 
     </span>
     <span class='ocr_line' id='line_1_73' title="bbox 966 1993 1696 2048; baseline -0.001 -13"><span class='ocrx_word' id='word_1_364' title='bbox 966 1998 1035 2048; x_wconf 86' lang='lat' dir='ltr'>qui</span> <span class='ocrx_word' id='word_1_365' title='bbox 1062 1996 1168 2034; x_wconf 89' lang='lat' dir='ltr'>circa</span> <span class='ocrx_word' id='word_1_366' title='bbox 1196 1995 1415 2035; x_wconf 84' lang='lat' dir='ltr'>Ptolemaei</span> <span class='ocrx_word' id='word_1_367' title='bbox 1443 1993 1696 2048; x_wconf 84' lang='lat' dir='ltr'>Philadelphi</span> 
     </span>
     <span class='ocr_line' id='line_1_74' title="bbox 963 2052 1694 2107; baseline 0 -15"><span class='ocrx_word' id='word_1_368' title='bbox 963 2060 1148 2107; x_wconf 84' lang='lat' dir='ltr'>tempora</span> <span class='ocrx_word' id='word_1_369' title='bbox 1177 2054 1305 2104; x_wconf 87' lang='lat' dir='ltr'>vixit,</span> <span class='ocrx_word' id='word_1_370' title='bbox 1349 2053 1462 2093; x_wconf 76' lang='lat' dir='ltr'>cuius</span> <span class='ocrx_word' id='word_1_371' title='bbox 1481 2052 1694 2093; x_wconf 79' lang='lat' dir='ltr'>Archime-</span> 
     </span>
     <span class='ocr_line' id='line_1_75' title="bbox 966 2111 1695 2164; baseline -0.001 -13"><span class='ocrx_word' id='word_1_372' title='bbox 966 2113 1035 2151; x_wconf 90' lang='lat' dir='ltr'>des</span> <span class='ocrx_word' id='word_1_373' title='bbox 1072 2112 1302 2164; x_wconf 82' lang='lat' dir='ltr'>aliquoties,</span> <span class='ocrx_word' id='word_1_374' title='bbox 1364 2118 1477 2164; x_wconf 88' lang='lat' dir='ltr'>tamq</span> <span class='ocrx_word' id='word_1_375' title='bbox 1620 2111 1695 2150; x_wconf 77' lang='lat' dir='ltr'>sibi</span> 
     </span>
     <span class='ocr_line' id='line_1_76' title="bbox 966 2169 1694 2219; baseline 0.001 -11"><span class='ocrx_word' id='word_1_376' title='bbox 966 2170 1189 2210; x_wconf 87' lang='lat' dir='ltr'>amicissimi</span> <span class='ocrx_word' id='word_1_377' title='bbox 1214 2177 1255 2209; x_wconf 88' lang='lat' dir='ltr'>et</span> <span class='ocrx_word' id='word_1_378' title='bbox 1270 2169 1430 2210; x_wconf 82' lang='lat' dir='ltr'>doctiss·</span> <span class='ocrx_word' id='word_1_379' title='bbox 1503 2198 1505 2201; x_wconf 92' lang='lat'>-</span> <span class='ocrx_word' id='word_1_380' title='bbox 1563 2169 1694 2219; x_wconf 86' lang='lat' dir='ltr'>minis,</span> 
     </span>
     <span class='ocr_line' id='line_1_77' title="bbox 967 2224 1694 2269; baseline 0.001 -1"><span class='ocrx_word' id='word_1_381' title='bbox 967 2235 1008 2268; x_wconf 90' lang='lat' dir='ltr'>et</span> <span class='ocrx_word' id='word_1_382' title='bbox 1032 2224 1212 2268; x_wconf 76' lang='lat' dir='ltr'>Catullus</span> <span class='ocrx_word' id='word_1_383' title='bbox 1229 2229 1279 2267; x_wconf 79' lang='lat' dir='ltr'>de</span> <span class='ocrx_word' id='word_1_384' title='bbox 1304 2242 1421 2268; x_wconf 82' lang='lat' dir='ltr'>coma</span> <span class='ocrx_word' id='word_1_385' title='bbox 1444 2229 1588 2268; x_wconf 69' lang='lat' dir='ltr'>Ber-en.</span> <span class='ocrx_word' id='word_1_386' title='bbox 1609 2240 1649 2268; x_wconf 85' lang='lat' dir='ltr'>v.</span> <span class='ocrx_word' id='word_1_387' title='bbox 1667 2231 1694 2269; x_wconf 86' lang='lat'>7</span> 
     </span>
     <span class='ocr_line' id='line_1_78' title="bbox 966 2286 1694 2336; baseline -0.003 -10"><span class='ocrx_word' id='word_1_388' title='bbox 966 2302 1018 2326; x_wconf 82' lang='lat' dir='ltr'>ex</span> <span class='ocrx_word' id='word_1_389' title='bbox 1039 2286 1293 2336; x_wconf 86' lang='lat' dir='ltr'>Callimacho,</span> <span class='ocrx_word' id='word_1_390' title='bbox 1323 2286 1570 2326; x_wconf 87' lang='lat' dir='ltr'>mentionem</span> <span class='ocrx_word' id='word_1_391' title='bbox 1586 2286 1694 2325; x_wconf 84' lang='lat' dir='ltr'>fecit.</span> 
     </span>
     <span class='ocr_line' id='line_1_79' title="bbox 967 2344 1696 2397; baseline -0.003 -12"><span class='ocrx_word' id='word_1_392' title='bbox 967 2346 1017 2385; x_wconf 91' lang='lat' dir='ltr'>cf.</span> <span class='ocrx_word' id='word_1_393' title='bbox 1042 2346 1162 2384; x_wconf 82' lang='lat' dir='ltr'>Mart.</span> <span class='ocrx_word' id='word_1_394' title='bbox 1184 2345 1225 2385; x_wconf 93' lang='lat' dir='ltr'>h.</span> <span class='ocrx_word' id='word_1_395' title='bbox 1246 2346 1272 2384; x_wconf 94' lang='lat' dir='ltr'>l.</span> <span class='ocrx_word' id='word_1_396' title='bbox 1294 2346 1385 2397; x_wconf 77' lang='lat' dir='ltr'>quis</span> <span class='ocrx_word' id='word_1_397' title='bbox 1407 2344 1501 2397; x_wconf 69' lang='lat' dir='ltr'>fuit</span> <span class='ocrx_word' id='word_1_398' title='bbox 1521 2345 1624 2383; x_wconf 79' lang='lat' dir='ltr'>alter</span> <span class='ocrx_word' id='word_1_399' title='bbox 1637 2366 1696 2374; x_wconf 82' lang='lat'>-—</span> 
     </span>
     <span class='ocr_line' id='line_1_80' title="bbox 967 2402 1696 2455; baseline -0.001 -12"><span class='ocrx_word' id='word_1_400' title='bbox 967 2405 1017 2443; x_wconf 89' lang='lat' dir='ltr'>de</span> <span class='ocrx_word' id='word_1_401' title='bbox 1039 2403 1199 2442; x_wconf 82' lang='lat' dir='ltr'>celebri.</span> <span class='ocrx_word' id='word_1_402' title='bbox 1209 2409 1440 2442; x_wconf 82' lang='lat' dir='ltr'>astronomo</span> <span class='ocrx_word' id='word_1_403' title='bbox 1467 2402 1696 2455; x_wconf 55' lang='lat' dir='ltr'>loquiaffln</span> 
     </span>
     <span class='ocr_line' id='line_1_81' title="bbox 966 2460 1695 2514; baseline -0.004 -12"><span class='ocrx_word' id='word_1_404' title='bbox 966 2475 1125 2502; x_wconf 88' lang='lat' dir='ltr'>necesse</span> <span class='ocrx_word' id='word_1_405' title='bbox 1145 2467 1228 2512; x_wconf 85' lang='lat' dir='ltr'>est,</span> <span class='ocrx_word' id='word_1_406' title='bbox 1253 2461 1323 2514; x_wconf 90' lang='lat' dir='ltr'>qui</span> <span class='ocrx_word' id='word_1_407' title='bbox 1340 2461 1440 2500; x_wconf 81' lang='lat' dir='ltr'>caeli</span> <span class='ocrx_word' id='word_1_408' title='bbox 1454 2460 1601 2514; x_wconf 77' lang='lat' dir='ltr'>plagas,</span> <span class='ocrx_word' id='word_1_409' title='bbox 1625 2467 1695 2499; x_wconf 81' lang='lat' dir='ltr'>or-</span> 
     </span>
     <span class='ocr_line' id='line_1_82' title="bbox 965 2518 1696 2572; baseline -0.003 -13"><span class='ocrx_word' id='word_1_410' title='bbox 965 2527 1032 2560; x_wconf 86' lang='lat' dir='ltr'>tus</span> <span class='ocrx_word' id='word_1_411' title='bbox 1054 2533 1295 2572; x_wconf 82' lang='lat' dir='ltr'>occasusque</span> <span class='ocrx_word' id='word_1_412' title='bbox 1310 2519 1505 2569; x_wconf 81' lang='lat' dir='ltr'>siderum,</span> <span class='ocrx_word' id='word_1_413' title='bbox 1541 2524 1582 2558; x_wconf 82' lang='lat' dir='ltr'>et</span> <span class='ocrx_word' id='word_1_414' title='bbox 1601 2518 1696 2558; x_wconf 83' lang='lat' dir='ltr'>anni</span> 
     </span>
     <span class='ocr_line' id='line_1_83' title="bbox 965 2577 1697 2631; baseline -0.004 -13"><span class='ocrx_word' id='word_1_415' title='bbox 965 2585 1150 2631; x_wconf 85' lang='lat' dir='ltr'>tempora</span> <span class='ocrx_word' id='word_1_416' title='bbox 1183 2578 1230 2618; x_wconf 90' lang='lat' dir='ltr'>in</span> <span class='ocrx_word' id='word_1_417' title='bbox 1262 2577 1527 2630; x_wconf 74' lang='lat' dir='ltr'>agricolarum</span> <span class='ocrx_word' id='word_1_418' title='bbox 1575 2589 1697 2616; x_wconf 82' lang='lat' dir='ltr'>usum</span> 
     </span>
     <span class='ocr_line' id='line_1_84' title="bbox 969 2632 1696 2690; baseline -0.004 -14"><span class='ocrx_word' id='word_1_419' title='bbox 969 2637 1237 2690; x_wconf 82' lang='lat' dir='ltr'>descripserit.</span> <span class='ocrx_word' id='word_1_420' title='bbox 1295 2634 1362 2675; x_wconf 84' lang='lat' dir='ltr'>Ad</span> <span class='ocrx_word' id='word_1_421' title='bbox 1379 2634 1554 2675; x_wconf 80' lang='lat' dir='ltr'>Aratum</span> <span class='ocrx_word' id='word_1_422' title='bbox 1575 2632 1696 2689; x_wconf 81' lang='lat' dir='ltr'>(male</span> 
     </span>
     <span class='ocr_line' id='line_1_85' title="bbox 967 2692 1696 2747; baseline -0.003 -13"><span class='ocrx_word' id='word_1_423' title='bbox 967 2696 1219 2735; x_wconf 79' lang='lat' dir='ltr'>Ptolemaeus</span> <span class='ocrx_word' id='word_1_424' title='bbox 1259 2693 1535 2747; x_wconf 85' lang='lat' dir='ltr'>interponitur</span> <span class='ocrx_word' id='word_1_425' title='bbox 1555 2722 1587 2743; x_wconf 77' lang='lat'>„</span> <span class='ocrx_word' id='word_1_426' title='bbox 1625 2692 1696 2744; x_wconf 78' lang='lat' dir='ltr'>qui</span> 
     </span>
     <span class='ocr_line' id='line_1_86' title="bbox 968 2749 1697 2806; baseline -0.003 -15"><span class='ocrx_word' id='word_1_427' title='bbox 968 2754 1028 2791; x_wconf 90' lang='lat' dir='ltr'>CL</span> <span class='ocrx_word' id='word_1_428' title='bbox 1061 2754 1175 2792; x_wconf 90' lang='lat' dir='ltr'>annis</span> <span class='ocrx_word' id='word_1_429' title='bbox 1202 2752 1328 2792; x_wconf 81' lang='lat' dir='ltr'>serius</span> <span class='ocrx_word' id='word_1_430' title='bbox 1354 2749 1476 2806; x_wconf 81' lang='lat' dir='ltr'>vixit)</span> <span class='ocrx_word' id='word_1_431' title='bbox 1492 2781 1503 2801; x_wconf 88' lang='lat'><strong><em>‚</em></strong></span> <span class='ocrx_word' id='word_1_432' title='bbox 1554 2750 1697 2793; x_wconf 85' lang='lat' dir='ltr'>Eudo-</span> 
     </span>
     <span class='ocr_line' id='line_1_87' title="bbox 965 2809 1696 2863; baseline -0.005 -13"><span class='ocrx_word' id='word_1_433' title='bbox 965 2825 1087 2861; x_wconf 79' lang='lat' dir='ltr'>xum,</span> <span class='ocrx_word' id='word_1_434' title='bbox 1134 2811 1298 2850; x_wconf 89' lang='lat' dir='ltr'>Servius</span> <span class='ocrx_word' id='word_1_435' title='bbox 1312 2840 1323 2860; x_wconf 91' lang='lat'>,</span> <span class='ocrx_word' id='word_1_436' title='bbox 1370 2810 1437 2849; x_wconf 85' lang='lat' dir='ltr'>alii</span> <span class='ocrx_word' id='word_1_437' title='bbox 1466 2809 1519 2849; x_wconf 89' lang='lat' dir='ltr'>ad.</span> <span class='ocrx_word' id='word_1_438' title='bbox 1547 2809 1696 2863; x_wconf 83' lang='lat' dir='ltr'>Hesio-</span> 
     </span>
     <span class='ocr_line' id='line_1_88' title="bbox 968 2866 1697 2918; baseline -0.003 -11"><span class='ocrx_word' id='word_1_439' title='bbox 968 2869 1090 2918; x_wconf 87' lang='lat' dir='ltr'>dum,</span> <span class='ocrx_word' id='word_1_440' title='bbox 1132 2868 1502 2918; x_wconf 83' lang='lat' dir='ltr'>Anaximandrum,</span> <span class='ocrx_word' id='word_1_441' title='bbox 1547 2866 1697 2908; x_wconf 84' lang='lat' dir='ltr'>Archi-</span> 
     </span>
     <span class='ocr_line' id='line_1_89' title="bbox 966 2924 1697 2977; baseline -0.001 -12"><span class='ocrx_word' id='word_1_442' title='bbox 966 2927 1144 2977; x_wconf 89' lang='lat' dir='ltr'>medem,</span> <span class='ocrx_word' id='word_1_443' title='bbox 1184 2928 1380 2967; x_wconf 86' lang='lat' dir='ltr'>referunt.</span> <span class='ocrx_word' id='word_1_444' title='bbox 1438 2926 1524 2966; x_wconf 85' lang='lat' dir='ltr'>Iam</span> <span class='ocrx_word' id='word_1_445' title='bbox 1549 2924 1697 2965; x_wconf 79' lang='lat' dir='ltr'>Archi-</span> 
     </span>
     <span class='ocr_line' id='line_1_90' title="bbox 966 2983 1697 3026; baseline -0.003 -2"><span class='ocrx_word' id='word_1_446' title='bbox 966 2985 1123 3024; x_wconf 87' lang='lat' dir='ltr'>medem</span> <span class='ocrx_word' id='word_1_447' title='bbox 1142 2985 1382 3026; x_wconf 81' lang='lat' dir='ltr'>familiarem</span> <span class='ocrx_word' id='word_1_448' title='bbox 1400 2983 1575 3024; x_wconf 80' lang='lat' dir='ltr'>Cononis</span> <span class='ocrx_word' id='word_1_449' title='bbox 1595 2983 1697 3023; x_wconf 84' lang='lat' dir='ltr'>fuis-</span> 
     </span>
    </p>
   </div>
  </div>
 </body>
</html>
