1734 3320
142 228 244 277 468

472 225 527 274 P.
565 204 926 275 VIRGILII
959 222 1337 274 MARONIS

140 350 414 415 Rusticus,
454 359 506 400 et
534 367 696 400 curvo
722 351 934 401 Saturni
960 350 1124 400 dente
1145 349 1387 399 relictam

140 421 490 487 Persequitur
520 422 686 471 vitem
726 420 1060 486 adtondens,
1109 419 1373 487 fingitque
1411 417 1669 485 putando,

140 493 352 543 Primus
376 491 610 541 humum
634 489 810 541 fodito
828 534 840 555 ,
878 492 1086 559 primus
1113 490 1332 540 devecta
1363 497 1600 539 cremato

144 565 447 625 Sarmenta,
487 571 540 611 et
562 561 725 611 vallos
750 564 957 628 primus
981 562 1080 612 sub
1104 570 1241 610 tecta
1263 558 1493 620 sefert03

142 637 456 684 Postremus
478 633 684 683 metito

758 635 845 682 Bis
864 632 1058 681 vitibus
1077 632 1274 695 ingruit
1293 630 1512 690 umbra3
1568 632 1670 680 410

64 739 67 741 -
140 704 227 753 Bis
253 711 492 767 segetem
520 702 698 752 densis
722 703 1003 752 obducunt
1027 702 1268 751 sentibus
1296 700 1522 750 herbae:

140 777 319 825 Durus
341 781 572 839 uterque
599 772 767 824 labor.
840 771 1082 822 Laudato
1106 772 1342 836 ingentia
1364 787 1511 820 rura:

213 871 329 919 410.
366 879 595 916 METITo:
630 880 713 914 Bis

187 995 258 1031 406
283 994 460 1041 Agricola
490 1005 556 1040 pro
588 995 768 1027 Rusticus
796 995 898 1028 Rom.

787 869 903 918 411.
939 880 1162 918 HERBAE.

994 995 1066 1031 407
1092 995 1341 1039 Prosequitur
1369 992 1504 1027 Zulich.
1531 998 1565 1026 et
1584 1003 1670 1026 unus

146 1044 276 1085 Mead„
311 1042 375 1075 sed
402 1041 473 1075 vid.
499 1044 613 1075 Burm.
662 1042 873 1075 antondens
901 1050 1038 1077 vetusta
1055 1042 1165 1076 Nonii
1182 1040 1345 1074 Marcelli
1371 1039 1607 1085 exemplaria,
1632 1046 1672 1072 ut

146 1091 331 1124 ancidere.
391 1089 596 1122 attundens
624 1088 783 1122 scribunt
824 1090 896 1123 alii.
957 1091 1117 1125 tondens
1147 1091 1270 1123 Franc.

822 1136 893 1172 408
918 1137 1060 1171 deiecta
1080 1137 1135 1170 ed.
1159 1138 1246 1171 Ven.
1277 1135 1322 1169 al.
1351 1136 1509 1168 desecta.
1535 1146 1611 1177 sup.
1637 1147 1669 1168 v.

803 1183 874 1220 409
898 1193 936 1217 et
961 1185 1086 1218 deerat
1107 1185 1198 1219 Ven.
1246 1185 1402 1229 primum
1420 1181 1598 1220 nonnulli3
1633 1188 1671 1214 ut

875 1231 947 1267 410
970 1240 1180 1279 postremos
1200 1230 1370 1264 Rottend.
1404 1242 1475 1263 sec.
1524 1228 1672 1263 umbrae

143 1137 275 1184 (frigit
293 1135 422 1169 Medic.
442 1149 461 1169 a
479 1149 524 1168 m.
543 1148 597 1182 pr.
629 1136 725 1180 Wr.)

140 1186 210 1220 207
229 1184 361 1218 silvam
383 1183 531 1217 devexit
554 1192 695 1217 arator.

124 1233 290 1276 semper.
352 1239 503 1277 reporto
533 1232 639 1263 Voss.
672 1229 770 1264 alter.

142 1278 279 1312 Zulich.
375 1278 444 1313 411
473 1276 658 1312 obducant
671 1277 773 1311 Leid.

143 1375 284 1413 fructu
322 1380 363 1412 et
406 1373 618 1412 frondibus
655 1374 854 1413 nudatam
865 1389 876 1426 3

141 1433 253 1484 quod
282 1433 419 1484 itaque
452 1432 535 1471 eius
571 1432 774 1484 reliquum
801 1439 873 1483 est,

140 1493 220 1530 iam
243 1505 353 1531 nune
384 1496 443 1528 est
472 1491 723 1542 putandum3
752 1505 875 1543 quam

139 1550 340 1588 rationem
371 1550 493 1603 etiam
513 1549 737 1589 Martinum
762 1550 874 1601 sequi

139 1608 272 1647 video.
341 1608 599 1646 Burmannus
646 1609 875 1660 neglectam

142 1667 296 1704 tonderi
320 1666 637 1718 interpretatur,
674 1668 876 1718 praeteri-

139 1731 225 1763 tam
249 1730 289 1762 et
308 1724 373 1762 cui
393 1730 485 1776 post
498 1724 744 1764 vindemiam
764 1725 877 1763 nulla

141 1782 276 1821 adhuc
296 1782 347 1820 sit
365 1796 463 1820 cura
490 1781 683 1821 adhibita.
743 1783 878 1821 Etiam

140 1840 325 1890 Servius,
363 1841 568 1890 relictam,
614 1841 765 1879 scilicet
793 1855 816 1878 a
836 1854 877 1879 se

139 1898 276 1952 paullo
297 1904 392 1936 ante
414 1897 625 1937 desertam.

198 1954 283 1998 408
305 1978 363 1986 -—-
391 1955 488 1998 419.
540 1956 711 1995 Subiicit
766 1971 877 1996 nunc

140 2020 327 2067 tempora
347 2014 479 2067 operis
497 2014 696 2054 vinitorii:
727 2021 776 2054 ut
785 2030 876 2053 mo-

139 2079 257 2122 neat,
288 2072 526 2125 tempestive
543 2074 679 2111 omnia
700 2087 782 2111 esse
803 2087 877 2112 cu-

139 2130 282 2170 randa.
332 2132 436 2171 cons.
490 2131 645 2170 Colum.
695 2131 768 2182 IV,
806 2134 875 2174 27.

140 2189 238 2232 409.
269 2190 424 2239 vallos,
458 2188 499 2228 h.
527 2190 793 2242 pedamenta,
826 2202 876 2228 ne

138 2247 336 2286 imbribus
361 2254 610 2300 putrescant.
639 2249 723 2288 vid.
745 2249 875 2288 Varro

138 2305 188 2344 R.
218 2306 266 2344 R.
295 2305 336 2355 Ι,
367 2308 415 2355 8,
439 2309 477 2348 6.
538 2307 751 2355 Quantum
771 2307 877 2346 enim

139 2363 284 2413 video,
331 2369 449 2415 poeta
488 2365 715 2416 promiscue
752 2365 875 2404 modo

139 2422 243 2460 vites
265 2421 365 2459 altas
389 2422 508 2460 ulmis
530 2423 694 2475 aliisque
715 2424 876 2462 arbori-

139 2479 215 2518 bus
232 2479 398 2532 iugataS,
429 2481 552 2520 modo
575 2482 875 2532 statuminibus,

139 2537 260 2590 iugis,
292 2538 504 2589 perticisve
525 2553 572 2578 ac
592 2540 707 2579 vallis
735 2540 876 2579 firma-

140 2601 202 2634 tas
221 2625 231 2645 ‚
271 2603 483 2635 memorat.
546 2597 629 2636 Iam
659 2597 757 2640 410.
788 2597 870 2639 411

139 2661 281 2698 metere
297 2667 373 2706 pro
394 2654 656 2705 vindemiare,
687 2662 735 2695 ut
751 2669 874 2708 supra

140 2719 336 2763 segetem,
366 2727 493 2762 arva,
528 2728 674 2762 serere,
717 2716 873 2751 semina

140 2769 190 2808 ad
211 2769 349 2808 vineas
364 2771 577 2810 transferri
603 2771 791 2810 vidimus.
823 2772 872 2810 cf.

141 2827 195 2867 ad
222 2841 261 2867 v.
291 2830 388 2870 267.
427 2829 554 2867 Porro
581 2829 641 2868 bis
670 2829 714 2867 in
752 2842 871 2879 anno,

140 2899 236 2925 vere
256 2891 297 2924 et
325 2892 570 2936 auctumno,
601 2887 870 2939 pampinatio-

118 2971 123 2983 .
140 2956 233 2982 nem
256 2949 295 2982 et
315 2945 596 2984 rum—ationem
613 2945 700 2983 fieri
729 2944 874 2983 debere

142 3001 242 3040 dicit
259 3008 397 3055 poeta,
436 3003 508 3042 sed
529 3016 616 3043 rem
635 3003 685 3042 ab
710 3009 873 3042 antece-

1324 1086 1504 1135 fugitque
1531 1088 1670 1131 Menag.

935 1375 1056 1414 dente
1080 1374 1279 1427 designat:
1309 1373 1370 1413 bis
1389 1372 1569 1427 pampini
1596 1385 1669 1411 ex-

934 1440 1122 1473 crescunt
1154 1434 1276 1472 nimia
1304 1433 1443 1485 copia,
1484 1432 1546 1471 bis
1570 1431 1669 1471 her-

931 1493 1007 1531 bae
1029 1492 1280 1541 exuberant,
1322 1490 1503 1542 adeoque
1521 1500 1688 1543 eruen—'

934 1551 1010 1589 dae
1049 1557 1091 1589 et
1127 1550 1360 1589 evellendae
1394 1556 1503 1589 sunt.
1542 1548 1669 1588 sentes

932 1609 1090 1662 poetica
1121 1610 1233 1662 copia
1268 1609 1433 1659 adiecti3
1480 1615 1577 1647 sunt
1601 1607 1670 1647 hic

935 1682 1052 1706 omne
1078 1667 1144 1718 id,
1187 1667 1299 1719 quod
1324 1680 1375 1706 ex
1409 1666 1496 1706 istis
1533 1667 1669 1708 herbis

935 1726 1137 1765 enascitur
1158 1732 1198 1764 et
1216 1727 1347 1765 solum
1366 1726 1560 1778 implicat.

993 1784 1090 1826 412.
1131 1785 1232 1823 Cum
1268 1791 1353 1822 tam
1393 1784 1595 1824 assiduam
1622 1798 1670 1822 ac

934 1848 1174 1896 perpetuam
1203 1856 1368 1895 operam
1395 1844 1579 1895 requirat
1603 1842 1669 1882 vi—

934 1902 1039 1940 tium
1065 1901 1241 1939 cultura:
1282 1901 1470 1953 placeant
1504 1902 1589 1941 aliis
1603 1901 1668 1941 vi-

935 1972 1032 1998 neae
1056 1972 1242 2011 magnae3
1272 1959 1348 1998 tibi
1367 1974 1496 2014 parva
1517 1961 1669 2015 probe-

934 2024 1004 2056 tur
1016 2047 1026 2067 ,
1057 2031 1159 2069 quae
1179 2024 1290 2056 recte
1310 2024 1352 2057 et
1378 2025 1496 2059 tanto
1517 2020 1669 2059 maiore

936 2090 1028 2115 eum
1048 2076 1188 2115 fructu
1207 2090 1230 2113 a
1254 2082 1296 2115 te
1311 2077 1388 2116 coli
1405 2077 1544 2131 possit.
1574 2078 1668 2118 Pal-

933 2134 1013 2173 lad.
1044 2135 1086 2184 I,
1114 2135 1179 2173 tit.
1210 2137 1258 2185 6,
1277 2137 1304 2177 7
1344 2137 1414 2174 Ila
1441 2140 1485 2175 in
1505 2137 1667 2185 egr-bitrio

934 2201 1065 2231 nostro
1092 2201 1149 2231 esc
1162 2223 1172 2242 ,
1216 2201 1350 2231 ultum
1370 2195 1471 2246 plus
1509 2195 1667 2234 habea-

934 2265 1025 2289 mus
1038 2281 1050 2300 ‚
1067 2246 1070 2247 ⁷
1086 2266 1142 2289 an
1159 2252 1302 2289 melias
1312 2252 1599 2304 —seczmdior
1611 2262 1668 2292 est

934 2310 1046 2347 culta
1073 2310 1302 2361 exiguitas,
1344 2325 1468 2362 quam
1497 2314 1667 2365 magni—

934 2368 1030 2406 tudo
1062 2368 1261 2419 neglecta.
1325 2369 1406 2407 Sed
1433 2369 1666 2409 luculentus

934 2425 1056 2464 hujus
1085 2426 1146 2464 rei
1176 2431 1216 2463 et
1244 2425 1325 2465 loci
1353 2429 1666 2467 commentarius

935 2490 995 2522 est
1014 2483 1124 2536 apud
1148 2483 1302 2522 Colum.
1330 2484 1360 2534 Ι,
1391 2487 1432 2533 3,
1456 2488 1482 2528 8
1498 2499 1582 2538 sqq.
1598 2486 1665 2537 IV,

934 2544 974 2592 3,
1004 2540 1030 2582 4
1051 2555 1108 2593 sq.
1149 2542 1254 2581 conf.
1285 2542 1386 2581 Plin.
1405 2543 1551 2594 XVIII,
1572 2548 1611 2595 6,
1635 2559 1665 2583 s.

933 2603 973 2649 7,
995 2602 1041 2650 3,
1069 2599 1234 2650 utrique
1263 2613 1404 2639 versus
1434 2600 1501 2640 hic
1517 2602 1665 2642 lauda-

931 2663 1014 2696 tur.
1047 2656 1155 2696 Vidit
1168 2657 1248 2696 hoc
1261 2658 1536 2710 sagacissimus
1553 2661 1666 2713 quis—

932 2727 1010 2766 que
1037 2728 1058 2752 e
1093 2715 1242 2754 nostris
1274 2715 1528 2769 hominibus,
1570 2719 1666 2758 lati-

926 2771 1075 2811 ‘fundja
1105 2773 1328 2826 perdidisse
1369 2776 1466 2814 olim
1492 2777 1664 2827 Italiam,

930 2844 1043 2869 nunc
1061 2831 1272 2883 plerasque
1291 2833 1477 2887 Europae
1492 2835 1665 2888 provin-

933 2888 1012 2926 cias
1035 2902 1081 2926 ac
1098 2894 1240 2929 terras.
1304 2891 1454 2931 Forma
1472 2893 1666 2932 orationis

932 2959 984 2984 ex
1022 2946 1220 2987 Hesiodeo
1261 2949 1391 3001 petita
1423 2947 1537 3005 ’'Epy.
1580 2949 1663 2993 643

934 2999 1027 3058 NrJ'
1063 3000 1200 3060 ὀλίγη-ν
1233 3007 1408 3058 αἰνεῖν,
1431 3005 1585 3064 μεγάλῃ
1618 2999 1663 3050 δ’
1732 3008 1734 3017 ’
