1768 3320
190 212 295 263 284
519 209 576 259 P.
611 207 968 259 VIRGILII
1013 206 1388 257 MARONIS

190 337 420 387 Munera
457 342 631 384 vestra
676 351 824 385 cano,
907 336 1102 400 Tuque
1145 350 1205 398 ο,
1265 334 1348 383 cui
1388 332 1561 400 prima
1610 329 1719 381 fre-

987 411 1234 453 mentem

190 473 354 529 Fudit
377 490 582 541 equum
598 488 796 538 magno
824 471 982 523 tellus
1003 490 1253 540 percussa
1273 471 1508 529 tridenti.

190 548 469 613 Neptune3
509 552 563 593 et
584 543 758 594 cultor
779 559 1069 594 nemorum
1084 584 1096 608 ‚
1137 544 1220 594 cui
1244 543 1460 611 pinguia
1484 543 1623 593 Ceae

267 644 344 692 13.
380 653 585 702 EQUUM,

242 768 287 804 12
313 780 333 803 ο
351 767 519 802 omittunt
539 766 643 800 codd.
664 765 776 800 Servii
794 765 840 799 ad
855 767 942 800 Aen.
962 765 990 807 Ι,
1008 762 1076 802 541
1099 772 1134 799 et
1151 765 1260 799 Goth.
1279 776 1349 798 sec.
1375 762 1496 809 (etiam
1511 765 1633 804 Rom.,
1658 762 1722 795 sed

192 814 337 850 additur
358 827 379 848 a
399 813 598 848 recentiore
618 825 733 847 manu.
764 812 859 858 Wr.)
957 814 1001 849 13
1025 813 1141 846 Fudit
1163 825 1296 858 aquam
1321 810 1585 857 antiquissimos
1608 809 1721 843 libros

193 862 361 896 habuisse
379 868 532 896 testatur
550 860 711 902 Servius3
745 859 837 894 male
863 867 979 893 tamen
1003 859 1099 893 haud
1121 859 1250 903 dubie,
1285 859 1381 905 quod
1407 858 1528 892 fabula
1555 857 1600 891 de
1629 867 1720 902 equo

191 909 313 955 paullo
342 908 452 954 magis
481 907 666 942 recondita
694 913 810 950 esset,
844 907 889 940 de
917 919 1007 952 aqua
1028 918 1113 940 vero
1140 906 1245 940 facile
1271 905 1508 951 unusquisque
1523 902 1721 949 ‘cogitaret-

192 957 290 990 Idem
317 955 368 989 ad·
386 959 473 990 Aen.
494 957 520 999 Ι,
543 957 560 990 1
585 955 725 988 laudat:
759 955 821 987 cul
832 955 957 1001 prima
975 952 1186 1000 furentem,
1221 954 1284 988 sed
1303 953 1383 987 eod.
1403 952 1467 987 lib.
1494 965 1527 987 v.
1545 950 1614 988 541
1632 949 1721 998 fie-

192 1012 349 1038 mentem
370 1003 491 1036 habet.
524 1003 608 1036 Mox
627 1002 789 1036 tridente
808 1001 957 1035 Gudian.
974 1000 1094 1035 Schol.
1116 1000 1220 1034 Statii
1242 1000 1358 1034 Theb.
1374 1001 1453 1043 VII,
1474 997 1554 1036 184.
1571 1005 1606 1032 et
1621 1005 1721 1031 uter—

193 1063 262 1096 que
290 1050 485 1084 Gothanus.
535 1050 711 1095 (tridente
738 1048 852 1082 edidit
883 1047 1045 1089 Iahnius;
1081 1048 1145 1081 sed
1177 1048 1334 1082 tridenti
1357 1059 1436 1082 cum
1458 1045 1593 1085 ,ceteris
1618 1045 1720 1079 libris

191 1097 321 1132 Medic.
337 1104 457 1131 tuetur
480 1096 583 1131 etiam
600 1100 685 1130 Aen.
705 1097 732 1138 Ι,
751 1094 830 1132 145.
849 1097 891 1138 ΙΙ,
908 1094 989 1131 418.
1011 1097 1091 1131 610.
1113 1107 1260 1140 eamque
1277 1094 1434 1129 Ablativi
1447 1094 1597 1128 formam
1616 1090 1722 1126 etiam

192 1145 230 1178 in
249 1145 326 1178 aliis
343 1156 440 1179 vocc.
462 1143 636 1178 communi
661 1155 770 1188 saepe
792 1142 962 1188 praetulit
982 1142 1164 1188 Virgilius.
1196 1142 1293 1187 lVr.)
1390 1139 1436 1179 14
1459 1141 1582 1175 cultor
1605 1152 1719 1188 peco—

193 1205 276 1227 rum
305 1191 397 1226 coni.
424 1194 476 1225 Io.
497 1192 683 1226 Schrader.
711 1190 748 1223 in
769 1189 932 1233 schedis,
961 1190 1042 1235 quia
1066 1202 1217 1224 nemora
1239 1197 1274 1223 et
1301 1189 1451 1223 dumeta
1469 1200 1508 1222 se
1530 1187 1720 1233 excipiunt,

194 1247 228 1274 et
247 1239 366 1273 statim
384 1251 416 1273 v.
439 1240 482 1274 16
502 1238 629 1272 iterum
646 1249 786 1271 nemus.
835 1237 892 1272 Sic
911 1238 1033 1272 cultor
1048 1249 1227 1284 pecorum
1243 1263 1252 1279 ,
1277 1242 1317 1270 ut
1335 1248 1368 1270 v.
1387 1236 1411 1272 3
1426 1237 1491 1282 qui
1504 1239 1630 1269 cultus
1649 1235 1720 1268 Ιια-

194 1286 312 1321 bendo
331 1287 381 1320 sit
400 1287 548 1334 pecori3
576 1293 610 1319 et
627 1285 770 1319 Sallust.
788 1286 860 1330 lug.
875 1283 934 1328 54,
952 1286 975 1322 3
1003 1286 1090 1333 agri
1114 1297 1160 1318 ac
1179 1285 1327 1331 pecoris
1352 1283 1472 1331 magis
1501 1295 1609 1328 quam
1637 1280 1724 1315 belli

194 1334 383 1368 cultorem.
434 1333 520 1367 Cod.
546 1334 748 1366 Monacens.
771 1340 898 1367 custos
915 1344 1101 1379 pecorum.
1152 1333 1243 1364 Ceae
1263 1331 1308 1364 de
1334 1330 1510 1374 scriptura
1532 1336 1616 1374 post
1636 1327 1722 1362 Pie-

193 1380 284 1415 rium
304 1380 375 1415 vid.
393 1380 516 1414 Heius.
538 1380 583 1413 ad
602 1379 703 1413 Ovid.
721 1379 832 1424 Epist.
852 1380 941 1422 XX,
958 1380 1040 1416 222.
1088 1380 1151 1414 Est
1169 1375 1298 1422 Κέως,
1323 1373 1435 1417 Κέος.
1470 1377 1575 1410 Unde
1594 1375 1721 1420 Κεῖος,

194 1435 232 1462 et
253 1440 296 1461 ex
314 1428 405 1471 hoc,
435 1428 610 1473 producta
632 1426 774 1473 priore,
803 1427 972 1462 Romanis
996 1429 1077 1461 C‘ea.
1125 1425 1220 1459 Male
1242 1425 1413 1470 scriptum
1432 1423 1566 1470 passim
1594 1426 1720 1457 Caeae.

193 1542 312 1575 tuum
331 1565 342 1585 ,
387 1534 432 1573 in
480 1534 625 1587 quibus
672 1547 808 1587 greges
854 1549 931 1588 pa-

194 1599 378 1633 scuntur.

256 1655 322 1693 12.
344 1653 580 1702 Sequuntur
598 1650 823 1703 Neptunus,
834 1649 929 1689 Ari-

195 1716 347 1759 staeus,
379 1710 486 1759 Pan,
526 1708 710 1748 Minerva
732 1722 825 1747 cum
847 1709 929 1747 Sil-

194 1782 324 1807 vano:
354 1767 438 1806 vid.
458 1766 510 1805 ad
527 1780 567 1806 v.
589 1770 626 1808 6.
658 1769 839 1805 Munera
856 1782 928 1806 ve-

195 1835 300 1876 stra,
333 1839 384 1864 ex
408 1824 588 1864 anteced.
606 1825 833 1874 frumenta,
864 1824 931 1864 vi-

196 1890 302 1934 tem,
335 1889 538 1932 armenta,
569 1896 715 1934 greges.
754 1884 823 1921 cui
837 1885 932 1934 pri-

196 1942 514 1994 mafiementem
533 1942 659 1979 Fudit
676 1955 834 1993 equum,
858 1955 933 1980 cu-

195 2001 259 2039 ius
285 2000 399 2038 iussu
422 1999 600 2052 primum
621 2012 641 2036 e
666 2006 778 2038 terra
806 2012 933 2050 equus

197 2058 331 2097 editus
353 2064 424 2097 est.
484 2058 588 2096 Nota
610 2057 769 2107 sabula,
801 2056 933 2096 Athe-

196 2116 401 2156 niensibus
422 2116 653 2166 domestica,
685 2116 734 2154 de
753 2115 933 2168 Neptuni

198 2189 291 2215 cum
314 2174 476 2213 Pallade
493 2174 733 2224 certamine,
764 2188 857 2212 cum
878 2173 934 2212 dii

198 2233 412 2272 arbitrium
450 2233 638 2271 tulissent
659 2263 670 2283 ,
721 2238 791 2282 ut,
839 2238 933 2271 uter

196 2305 285 2331 rem
302 2290 540 2329 mortalibus
560 2290 812 2330 utilissimam
832 2305 933 2343 pro-

199 2350 391 2399 duxisset,
424 2349 686 2388 eius-nomine
706 2363 814 2388 nova
832 2349 932 2387 urbs

200 2406 417 2462 (Athenae)
438 2407 722 2459 appellaretur.
742 2408 789 2446 cf.
802 2407 932 2446 Bentl.

199 2466 252 2505 ad
269 2466 414 2505 Horat.
437 2466 567 2504 carm.
580 2466 609 2515 I,
633 2469 672 2514 7,
698 2468 735 2507 7.
774 2466 934 2517 Neptu-

198 2539 275 2564 nus
305 2524 401 2563 inde
428 2523 581 2571 ἵππιος.
645 2521 793 2577 (Aliam
811 2524 933 2562 fabu-

197 2584 279 2622 lam
300 2613 310 2632 ,
350 2595 452 2633 quae
495 2582 673 2634 primum
723 2595 871 2633 equum
911 2595 934 2618 a

197 2642 387 2694 Neptuno
401 2640 444 2678 in
458 2638 658 2678 Thessalia
674 2646 934 2692 procreatum

198 2704 419 2748 memorat,
452 2698 600 2736 Lucan.
619 2698 693 2747 VI,
719 2700 836 2747 396.‚
866 2710 935 2735 re-

198 2757 294 2812 spici
313 2755 546 2795 existimant
574 2755 724 2803 Cerda,
756 2755 934 2803 Vossius,

198 2815 362 2856 Iahnius
381 2844 391 2864 ,
441 2813 511 2865 qui
558 2814 678 2851 etiam
717 2812 932 2864 Boettiger.

199 2872 454 2914 Amaltheam
487 2871 532 2909 T.
561 2871 608 2920 II,
639 2885 677 2923 p.
707 2872 803 2911 310.
841 2870 932 2908 lau—

201 2933 284 2972 dat.
317 2927 430 2984 W.)
491 2929 675 2968 Fundere
692 2927 857 2980 proprie
882 2926 932 2965 de

199 2996 326 3045 partu
346 2988 449 3028 felici
466 3000 513 3025 ac
529 2986 655 3037 sacili3
684 2985 781 3025 hine
800 2985 932 3024 omni-

988 1547 1056 1584 no,
1085 1545 1313 1587 procreare.
1337 1545 1533 1584 percussa
1551 1530 1721 1579 tridenti,

987 1591 1158 1630 sollenni
1190 1591 1360 1630 deorum
1385 1603 1518 1640 more,
1568 1588 1723 1641 quoties

988 1650 1142 1702 aliquid
1157 1663 1177 1688 e
1193 1656 1304 1688 terra
1323 1648 1541 1702 provenire
1562 1647 1722 1686 volunt.

985 1723 1026 1748 v.
1047 1707 1278 1747 callimach.
1297 1707 1340 1745 in
1362 1706 1446 1745 Del.
1472 1709 1549 1756 30,
1579 1705 1622 1744 in
1636 1704 1722 1743 Iov.

989 1769 1045 1808 29
1067 1780 1123 1818 sq.
1157 1765 1309 1820 (prima
1317 1765 1439 1817 fudit
1467 1778 1639 1817 equum‚·
1672 1762 1722 1801 de

988 1838 1078 1863 voc.
1106 1826 1248 1875 prima
1275 1823 1359 1862 vid.
1389 1822 1440 1871 Q.
1467 1823 1515 1862 V.
1535 1821 1722 1871 XXVIII,

991 1885 1030 1931 3,
1046 1883 1072 1921 f.
1086 1888 1127 1920 et
1145 1881 1206 1933 4.;
1234 1882 1410 1921 refertur
1426 1880 1506 1931 hic,
1527 1886 1574 1919 ut
1593 1892 1722 1932 saepe,

991 1940 1044 1978 ad
1074 1940 1284 1993 originem:
1332 1939 1453 1978 tellus
1489 1938 1568 1978 suit
1593 1938 1723 1991 prima

991 1998 1084 2050 equi
1116 1998 1292 2037 creatrix
1301 2013 1311 2049 3
1348 1998 1507 2051 poetice
1531 2010 1625 2036 cum
1645 2010 1723 2034 no-

990 2057 1097 2095 mine
1110 2088 1120 2107 ,
1160 2058 1278 2095 tellas
1290 2086 1300 2105 ,
1342 2056 1530 2095 iunctum
1565 2056 1719 2106 prima,

990 2115 1102 2166 quod
1131 2115 1184 2154 ad
1215 2114 1409 2165 verbum,
1446 2114 1575 2164 fudit,
1615 2112 1723 2151 rela-

989 2180 1079 2212 tum
1100 2175 1284 2225 primum
1301 2186 1384 2210 esse
1404 2162 1587 2211 debebat.
1617 2170 1724 2209 Hine

984 2234 1125 2283 prima
1143 2232 1260 2270 tellus
1278 2245 1363 2270 non
1383 2237 1444 2269 est
1461 2244 1568 2269 nova
1590 2237 1616 2268 t.
1632 2259 1643 2279 ,
1674 2234 1724 2267 ut

990 2290 1202 2329 Heindorf.
1228 2290 1374 2329 statuit
1397 2289 1450 2328 ad
1478 2288 1623 2327 Horat.
1639 2288 1722 2326 Sat.

989 2348 1020 2398 I,
1042 2351 1081 2398 3,
1102 2350 1169 2390 99.
1204 2346 1323 2402 Wr.)
1388 2346 1453 2389 14.
1487 2346 1625 2385 Cultor
1651 2360 1723 2383 ne-

991 2420 1163 2455 morum,
1196 2405 1238 2445 h.
1260 2419 1292 2444 e.
1311 2418 1566 2458 pascuorum,
1598 2403 1724 2442 adeo-

991 2478 1068 2516 que
1100 2470 1142 2502 et
1171 2477 1357 2516 gregum,
1399 2476 1539 2501 curam
1558 2461 1723 2512 habens,

991 2528 1052 2560 est
1082 2521 1310 2572 Aristaeus,
1346 2520 1538 2573 Apollinis
1567 2525 1608 2558 et
1642 2520 1724 2572 Cy-

990 2593 1105 2619 renes
1153 2580 1259 2618 filius
1275 2610 1285 2629 ,
1331 2579 1429 2630 qui,
1483 2577 1724 2630 Cycladibus

990 2652 1133 2689 magna
1155 2638 1332 2675 siccitate
1361 2643 1402 2675 et
1424 2638 1527 2675 fame
1554 2635 1723 2685 afflictis,

992 2709 1084 2734 cum
1101 2726 1111 2745 ,
1152 2696 1271 2734 Ceam
1299 2695 1536 2744 arcessitus,
1575 2694 1724 2732 Sirium

989 2753 1150 2805 placare
1179 2758 1444 2792 monstrasset
1460 2783 1471 2803 ,
1510 2766 1591 2804 quo
1616 2752 1723 2790 facto

991 2811 1134 2849 etesiae
1166 2824 1298 2850 aerem
1325 2817 1551 2865 temperare
1580 2823 1724 2862 coepe-

991 2874 1104 2920 rant,
1136 2868 1241 2907 Iovis
1263 2868 1436 2908 Aristaei
1465 2874 1505 2907 et
1529 2867 1724 2921 Apollinis

990 2926 1120 2966 Nomii
1150 2927 1311 2966 nomine
1334 2928 1468 2967 cultus
1488 2927 1578 2965 fuit.
1607 2925 1722 2965 Pind.

989 2984 1109 3038 Pyth.
1143 2985 1214 3036 IX,
1246 2984 1328 3029 104
1349 2999 1406 3038 sq.
1448 2981 1515 3039 (et
1547 2982 1722 3023 Boeckh.
