1768 3320
190 204 310 239 XLVI
596 185 697 234 EX
742 174 1325 244 PRAEFATIONE

192 331 438 385 possem,
480 320 535 363 et
558 311 847 374 deberem,
883 324 997 357 non
1019 304 1076 356 id
1096 317 1382 370 sequerer,
1421 296 1578 367 quod
1597 313 1731 348 con-

194 387 313 438 silio
351 383 478 436 huic
521 390 947 443 consentaneum
982 374 1238 441 factuque
1278 369 1553 438 optimum
1588 368 1732 420 iudi-

196 473 390 508 carem.
472 456 639 505 Erant
680 460 802 502 ante
853 446 1038 501 oculos
1078 453 1161 494 tot
1202 440 1450 509 exempla
1480 448 1735 492 veterum

195 528 546 594 scriptorum,
583 525 638 574 in
661 521 876 590 quibuS,
916 535 1040 568 cum
1062 532 1159 565 5611
1180 521 1335 564 notas
1363 510 1599 562 aliorum
1619 509 1747 582 col-f

198 600 365 664 ligere
396 595 485 646 vel
516 608 825 660 excerpere,
875 606 971 639 seu
1003 584 1215 636 notulas
1251 600 1372 634 suas
1403 582 1761 650 adspergere*

197 667 539 736 propositum
576 663 885 714 habuissent
919 658 1178 721 editoreS,
1218 656 1315 706 etsi
1349 655 1569 705 accessit
1585 651 1732 705 forte

197 740 379 790 bonae
413 734 578 802 frugis
609 734 965 802 aliquantum,
1014 726 1278 779 effectum
1309 735 1496 776 tamen
1531 733 1633 790 est,
1671 734 1734 776 ut

202 812 275 875 ei,
316 807 467 876 quod
497 808 553 856 in
575 821 715 855 nova
749 802 1011 862 editione,
1050 815 1188 867 quae
1224 796 1733 864 interpretationem

201 890 290 931 aut
316 876 832 929 commentationem
854 873 907 922 in
932 869 1115 920 fronte
1150 869 1523 937 promitteret,
1571 884 1753 936 expe-¹

202 948 457 1001 ctandum
496 957 548 998 et
582 944 880 1013 optandum
913 950 1050 1006 erat,
1098 938 1426 991 satisfactum
1454 939 1520 989 sit
1537 955 1734 1006 parum

202 1030 290 1071 aut
314 1013 469 1083 nihil,
510 1018 605 1068 etsi
628 1033 751 1066 cum
777 1023 1050 1065 emtorum
1077 1013 1323 1079 impensa
1343 1010 1494 1061 haud
1514 1009 1734 1061 modica

202 1093 254 1141 in
286 1090 484 1140 librum
524 1085 805 1153 eroganda.
879 1084 1123 1135 Omnino
1158 1100 1219 1133 ea
1251 1080 1353 1132 suit
1387 1080 1757 1150 frequentata·

200 1162 332 1212 ratio
367 1159 430 1210 ab
466 1158 761 1209 editoribus
794 1155 1139 1222 superiorum
1168 1163 1487 1220 temporum
1520 1161 1734 1203 tantum

201 1249 313 1282 11011
334 1229 609 1292 01111111)115;
647 1229 689 1278 51
712 1231 1014 1278 Gesnerum
1037 1224 1197 1290 sorte,
1235 1223 1413 1275 multo
1439 1223 1607 1290 magis
1631 1224 1733 1274 Er-

198 1303 431 1352 nestium
459 1301 703 1367 excipias;
748 1307 809 1348 ut
845 1306 933 1347 aut
980 1297 1217 1367 criticam
1247 1295 1624 1359 subtilitatem,
1675 1295 1732 1344 in

199 1372 372 1423 verbis
401 1370 623 1435 scilicet,
670 1386 740 1419 ne
775 1369 830 1418 in
852 1368 1131 1419 sententiis
1155 1366 1409 1435 quidem,
1447 1365 1622 1416 solam
1650 1364 1755 1416 dia

198 1459 357 1509 gnam
387 1450 638 1509 putarent
667 1441 780 1491 viro
818 1439 1007 1503 doct0,
1054 1447 1145 1489 aut
1172 1438 1317 1488 notis
1349 1437 1642 1491 Variorum
1676 1436 1733 1486 in

198 1530 369 1564 unum
391 1513 635 1576 cinnum,
687 1529 783 1561 seu
814 1511 869 1560 in
896 1519 1156 1574 saturam,
1196 1509 1478 1574 coniectiS,
1516 1524 1732 1576 panno-

200 1601 389 1635 rumve
407 1599 564 1633 more
586 1583 726 1632 inter
746 1598 802 1631 se
824 1582 1072 1645 consutiS,
1109 1581 1179 1631 ita
1205 1579 1640 1648 interpretationi
1675 1594 1754 1636 se,v

203 1653 531 1705 consuluisse
567 1652 880 1715 crederent3
928 1661 1017 1703 aut
1044 1661 1106 1702 ut
1126 1651 1384 1716 subinde,
1419 1651 1768 1702 ubioccuru

202 1733 348 1775 reret
379 1724 546 1774 oculis
586 1741 687 1774 vox
725 1741 842 1773 rara
878 1732 931 1773 et
971 1724 1256 1791 exquisita,
1295 1721 1604 1774 formulave
1649 1721 1735 1772 lo-

205 1794 409 1863 quendi
448 1794 683 1858 doctior,
720 1795 775 1844 in
795 1794 934 1844 hanc
956 1794 1258 1845 involarent
1280 1803 1334 1844 et
1353 1792 1752 1861 exemplorum*

205 1866 471 1930 congerie,
508 1865 783 1915 interdum
803 1867 1060 1915 sexcentis
1085 1866 1191 1916 iam
1212 1866 1268 1915 in
1291 1865 1423 1930 locis
1448 1854 1755 1926 cumulatas

205 1946 459 2002 tanquam
481 1938 757 1987 Caeneum
777 1937 831 1986 in
851 1934 1055 2001 sabula,
1095 1937 1416 1989 obruerent:
1452 1934 1735 1992 interdum
1743 1966 1764 2009 )

204 2023 422 2073 prorsus
455 2007 652 2071 securi,
703 2024 839 2074 quae
866 2007 1091 2058 tandem
1122 2007 1275 2059 verbi
1306 2009 1384 2058 vis
1412 2008 1469 2058 in
1504 2024 1572 2058 eo
1606 2006 1733 2058 loco

207 2085 366 2140 esset,
404 2077 471 2127 ad
503 2094 667 2145 quem
685 2077 817 2128 haec
842 2079 1022 2129 omnia
1045 2079 1454 2131 converrebant.
1504 2077 1734 2130 Memini

206 2147 384 2214 itaque
419 2164 508 2197 1116
545 2148 771 2198 subinde
802 2149 856 2198 in
890 2149 1124 2201 lectione
1157 2160 1409 2202 veterum
1446 2143 1768 2200 auctorum*

206 2217 571 2282 indignatione
605 2219 1016 2285 excandescere,
1067 2239 1192 2273 cum
1226 2223 1282 2272 in
1315 2221 1476 2287 10615,
1532 2221 1588 2271 111
1613 2220 1734 2296 qui-
1756 2272 1768 2284 ¹,

205 2288 306 2337 bus
344 2287 656 2353 haerebam,
713 2290 847 2340 nihil
884 2292 1076 2357 auxilii,
1125 2311 1196 2344 ne
1230 2293 1445 2343 monito
1488 2290 1732 2360 quidem,

208 2357 390 2407 locum
421 2375 533 2409 6556
567 2358 876 2425 difficilem,
925 2363 1251 2431 impeditum
1283 2374 1374 2415 aut
1396 2356 1754 2431 corruptum}

209 2438 393 2478 contra
428 2446 554 2480 vero
600 2431 696 2481 alia
735 2433 944 2498 omnia,
1002 2452 1138 2502 quae
1169 2443 1336 2486 nemo
1383 2434 1748 2498 desideraret,

207 2500 445 2566 apposita
465 2500 719 2554 viderem.
756 2505 1005 2571 Inprimis
1021 2515 1202 2557 autem
1222 2507 1466 2557 animum
1484 2519 1734 2574 pupuge·
1748 2525 1753 2558 2

205 2578 285 2618 rat
306 2587 365 2619 ea
389 2571 656 2636 cogitatio,
695 2574 845 2640 quod
866 2576 1147 2641 Virgilium
1169 2595 1363 2628 noram
1389 2594 1506 2628 esse
1524 2578 1580 2627 in
1599 2593 1749 2644 pau-⁴

208 2640 279 2689 cis
321 2640 418 2689 illis
448 2643 820 2709 scriptoribus,
871 2663 1007 2712 quos
1036 2648 1091 2698 in
1120 2649 1317 2699 scholis
1338 2648 1656 2717 praelegere
1680 2654 1736 2696 et

205 2710 544 2777 interpretari
582 2713 759 2763 solent
781 2718 1040 2782 magistri,
1089 2736 1326 2787 eumque
1352 2719 1470 2770 fere
1494 2715 1760 2787 proponi,

206 2781 288 2842 iis,
329 2782 421 2848 qui
448 2781 722 2850 profectus
747 2785 851 2835 iam
872 2787 1077 2855 aliquos
1105 2791 1159 2839 in
1188 2791 1353 2842 literis
1373 2789 1630 2854 fecerint,
1682 2795 1736 2838 et

203 2867 331 2900 mox
350 2852 404 2900 in
429 2853 724 2904 academias
743 2856 848 2906 sint
870 2857 1074 2912 abituri.
1146 2862 1387 2913 Videbar
1411 2863 1572 2927 igitur
1601 2874 1735 2927 ope-

204 2938 294 2972 rae
328 2923 566 2990 pretium
598 2923 833 2977 facturus
871 2945 1011 2993 6556,
1060 2931 1102 2980 51
1135 2941 1187 2982 et
1216 2933 1479 3000 magistris
1515 2941 1570 2984 et
1602 2930 1741 2981 ado--
