1734 3320
317 235 809 287 GEORGICON
842 236 981 287 LIB.
1006 238 1095 302 IV,
1118 245 1420 293 223—230
1526 247 1630 296 629

106 361 397 414 Thesauris
421 362 643 415 relines:
678 363 827 430 prius
849 361 1042 413 haustu
1062 380 1273 431 sparsus
1293 384 1554 434 aquarum

104 434 218 487 Ora
236 431 394 498 fove,
425 431 720 501 fumosque
742 450 909 483 manu
924 435 1222 501 praetende
1237 439 1490 504 sequacis
1525 444 1629 492 230

148 562 232 602 229.
253 561 327 598 230
350 562 479 608 Magna
499 561 666 596 lectionis
698 561 736 596 in
762 561 818 596 his
835 574 946 596 versa.
969 568 1025 596 est
1050 562 1255 597 diversitas:
1291 571 1327 597 ut
1353 565 1560 613 plerumque
1587 567 1630 601 fit

101 608 142 643 in
166 607 232 643 tali
255 608 436 643 nominum
464 616 502 642 et
530 608 771 655 epithetorum
798 609 939 655 positu:
965 611 1078 657 prius
1102 610 1243 644 haustu
1269 623 1425 658 sparsus
1450 626 1628 660 aquarum

103 654 295 703 Orasove.
342 657 398 690 lta
419 662 504 702 post
523 656 766 691 Grimoaldum
782 656 904 690 Heius.
935 656 1132 692 emendavit
1157 670 1176 691 e
1198 658 1297 691 Gud.
1318 670 1339 691 a
1356 671 1403 692 m.
1422 672 1476 704 pr.
1500 661 1627 695 Medic.

101 715 124 738 a
140 715 187 737 ιιι.
204 715 275 738 sec.
295 709 332 736 et
350 709 503 749 quatuor
520 703 620 745 aliis;
646 704 737 738 adde
754 704 810 738 ed.
828 705 938 743 Ven.;
973 711 1009 738 et
1030 704 1081 738 sic
1096 705 1323 749 Longobard.
1346 706 1453 739 Pierii
1472 720 1492 741 a
1507 720 1553 741 m.
1574 720 1628 753 pr.

101 755 140 784 et
156 761 239 795 para
257 750 550 784 Martinianorum
571 751 692 796 legere
707 751 860 785 videtur.
883 751 1052 785 alludunt
1071 752 1151 785 alii:
1176 753 1278 786 Rom.
1294 753 1439 787 Mentel.
1459 766 1529 787 sec.
1545 767 1565 788 a
1582 767 1627 788 m.

100 809 156 844 pr.
174 797 327 831 haustu.
362 797 493 832 Medic.
514 810 535 832 a
559 811 606 832 m.
631 811 685 844 pr.
708 807 805 832 astu.
854 799 984 832 Moret.
1006 811 1076 833 sec.
1102 799 1228 833 liaust.
1276 800 1368 834 Tum
1394 803 1470 834 Ora
1497 802 1627 835 Moret.

99 856 155 891 pr.
174 856 195 877 a
214 857 258 878 m.
280 856 351 878 sec.
373 851 410 879 et
430 845 537 879 Goth.
557 858 627 879 sec.
675 848 767 879 Ante
786 845 910 879 Heius.
929 846 1062 879 lectum
1083 853 1161 880 erat
1177 846 1303 880 eodem
1323 859 1439 889 sensu,
1462 847 1527 880 sed
1548 848 1629 881 sor-

100 903 157 925 ma
176 891 290 925 minus
310 891 501 938 exquisita:
523 894 634 939 prius
659 893 821 926 haustus
849 905 1007 940 sparsus
1030 905 1210 939 aquarum
1238 896 1311 927 Ore
1318 892 1432 974 iove:
1468 895 1564 940 quod
1591 901 1629 928 et

98 937 241 973 Servius
263 938 412 984 legerat.
459 938 540 973 Ald.
563 952 617 985 pr.
635 940 938 973 haustus—Ora
954 938 1060 986 fove.
1107 940 1187 974 Ald.
1216 952 1286 974 sec.
1345 950 1479 975 custus
1506 954 1627 988 Spar-5.

100 997 299 1032 aquarum,
326 989 399 1019 Ore
414 984 513 1031 save
542 987 652 1032 (quod
678 993 715 1020 et
743 986 780 1019 in
811 987 884 1020 Erf.
899 1013 909 1029 ‚
935 986 1004 1020 nisi
1030 987 1126 1032 quod
1149 990 1225 1021 Ora
1242 986 1411 1032 scriptum
1433 988 1519 1032 est):
1544 995 1626 1022 tert.

99 1033 240 1067 haustu
256 1045 311 1087 sp.
333 1045 390 1080 aq.
412 1035 484 1066 Ore
495 1031 603 1112 ζουε.
652 1035 714 1067 Est
735 1034 789 1067 vir
805 1034 930 1068 doctus
943 1034 1142 1080 (Caillard.;
1166 1034 1238 1068 vid.
1257 1035 1297 1068 F.
1317 1038 1357 1068 A„
1376 1036 1499 1069 Ebert.
1522 1035 1626 1078 liber,

100 1079 157 1114 cui
181 1079 409 1126 inscriptum:
443 1082 497 1114 Ue
521 1080 797 1127 erliefirungen
822 1094 890 1114 zur
911 1081 1127 1115 Geschiclzte
1145 1089 1209 1115 etc.
1233 1082 1315 1115 Vol.
1333 1083 1361 1116 Ι.
1379 1083 1466 1116 fasc.
1482 1083 1525 1115 11.
1544 1094 1626 1128 pag.

101 1126 182 1163 104.
211 1127 308 1171 Wr.)
341 1126 401 1172 qui
434 1126 471 1160 in
509 1140 573 1161 ore
597 1128 712 1161 latere
742 1128 937 1173 suspicatur
967 1141 1070 1168 rore3
1111 1128 1161 1162 ita
1186 1128 1256 1173 leg.
1285 1129 1445 1163 haustus
1470 1141 1628 1176 sparsus

99 1185 283 1220 aquarum
301 1172 506 1220 toresove:
532 1181 571 1208 ut
588 1175 637 1208 sit
655 1187 797 1221 sparsus
816 1187 898 1209 rore
916 1187 1083 1221 aquarum
1107 1176 1190 1209 fove
1214 1175 1358 1209 haustus
1377 1176 1433 1210 vel
1450 1176 1624 1210 haustum.

98 1223 294 1267 Sequentes
324 1221 480 1255 editores
510 1222 617 1255 modo
650 1222 718 1256 hoc
744 1223 852 1256 modo
877 1222 967 1256 illud
1001 1229 1082 1256 sunt
1109 1222 1273 1268 amplexi.
1326 1225 1438 1270 prius
1464 1224 1627 1256 haustus

124 1280 238 1302 arcus
313 1281 445 1302 uarum
476 1271 549 1302 Ore
564 1269 660 1315 fove
692 1269 904 1303 coniiciebat
929 1270 1110 1311 Reiskius‚
1144 1276 1183 1303 ut
1196 1282 1334 1315 parcus
1354 1281 1421 1313 pro
1436 1282 1542 1315 parce
1566 1269 1624 1302 sit.

128 1314 269 1350 udibria
306 1315 483 1349 ectiouum
506 1323 588 1349 sunt
605 1325 738 1350 auctas
760 1317 796 1350 in
822 1319 910 1361 Reg.
927 1315 1020 1363 fare
1044 1316 1210 1350 Arundel.
1258 1322 1305 1350 At
1328 1317 1527 1362 Philargyr.
1553 1319 1626 1350 Ore

90 1361 206 1410 save,
232 1374 341 1406 „cum
365 1362 541 1408 religione
563 1376 604 1397 ac
633 1363 778 1397 silentio
808 1364 971 1398 accede.“
1019 1365 1066 1397 Et
1094 1363 1252 1397 Servius:
1285 1363 1346 1397 alii
1365 1366 1436 1397 Ore
1453 1363 1551 1410 fave
1565 1363 1625 1396 le-

98 1415 211 1456 gunt,
234 1416 275 1444 nt
293 1409 361 1451 sit,
386 1416 477 1445 tace.
524 1410 641 1444 Etiam
662 1411 790 1444 Medic.
821 1423 841 1444 a
861 1424 906 1444 m.
929 1423 984 1455 pr.
1004 1413 1076 1444 Ore
1085 1410 1199 1457 fave,
1232 1423 1309 1444 cum
1328 1410 1406 1444 Ald.
1431 1422 1500 1445 sec.
1548 1412 1625 1445 Re-

98 1456 197 1503 cepit
222 1456 294 1491 hoc
318 1457 512 1491 Brunckius
538 1464 714 1503 tamquam
736 1458 921 1504 praecipiti
940 1457 1134 1502 Aproniani
1160 1457 1290 1492 iudicio
1317 1464 1505 1491 mutatum:
1546 1469 1624 1491 esse

99 1515 143 1538 ex
175 1515 216 1537 re
244 1516 343 1538 sacra
378 1504 546 1549 petitum,
596 1512 633 1538 ut
668 1505 759 1538 adeo
787 1517 894 1550 purus
926 1512 963 1539 et
1000 1517 1077 1539 cnm
1109 1505 1249 1539 silentio
1280 1505 1427 1538 accedat
1454 1504 1623 1550 apiarius.

96 1551 265 1586 Premunt
290 1558 410 1584 tamen
439 1551 530 1585 hanc
557 1551 746 1585 lectionem
776 1552 881 1586 haec:
918 1552 1014 1597 quod
1042 1551 1156 1586 aliena
1177 1564 1254 1586 esse
1273 1551 1414 1585 videtur
1440 1550 1623 1596 religionis

95 1598 199 1632 notio
226 1598 272 1632 ab
303 1598 339 1632 h.
364 1599 388 1632 l.
436 1599 474 1633 si
503 1600 572 1640 „ad
594 1599 715 1632 sedem
742 1608 941 1647 augustam
970 1601 1086 1644 (quam
1114 1599 1159 1632 de
1176 1599 1275 1644 regia
1303 1611 1343 1632 ac
1362 1598 1498 1644 palatio
1525 1598 1623 1632 acci-

95 1644 265 1701 piendam
295 1657 395 1687 esse,
430 1645 562 1680 docent
586 1645 736 1691 reliqua)
763 1654 937 1691 tamquam
964 1647 1009 1680 ad
1038 1658 1132 1679 aram
1151 1658 1214 1680 seu
1242 1645 1427 1679 delubrum
1454 1646 1623 1679 accedere

96 1693 239 1727 iubetur
253 1692 463 1738 agricola;“
488 1693 575 1728 mira
593 1694 755 1738 profecto
775 1693 838 1726 illa
863 1700 958 1727 esset
973 1692 1101 1738 religio
1113 1719 1124 1735 ,
1155 1700 1196 1726 ut
1217 1692 1438 1737 sacrilegium
1456 1692 1623 1726 commis-

96 1751 197 1774 surus
216 1739 340 1785 lingua
364 1747 401 1774 et
418 1752 481 1774 ore
496 1741 639 1783 favere,
677 1746 714 1773 et
743 1747 818 1773 tum
837 1741 967 1773 fumum
992 1740 1125 1774 inferre
1143 1740 1317 1773 iubeatur.
1365 1741 1415 1773 Io.
1436 1739 1622 1773 Schrader.

96 1786 189 1822 coni.
201 1788 315 1834 prius
328 1787 469 1821 liaustu
489 1800 647 1834 sparsus
662 1799 843 1833 aquarum
864 1791 958 1829 Ora,
991 1800 1115 1829 move,
1149 1786 1226 1820 scil.
1246 1787 1403 1820 alveum:
1437 1786 1621 1831 ingeniose

96 1834 234 1868 saltem.
283 1833 416 1868 Colum.
448 1835 514 1876 IX,
541 1836 597 1877 15,
622 1835 656 1875 6,
676 1834 737 1867 ubi
763 1833 830 1868 hac
861 1835 906 1868 de
935 1847 992 1868 re:
1030 1834 1135 1868 Talis
1154 1834 1249 1877 olla,
1286 1835 1365 1879 (per
1385 1846 1488 1878 quam
1508 1833 1624 1878 possit

95 1880 224 1925 afflari)
250 1893 332 1914 cum
360 1890 418 1920 est
443 1882 592 1915 alveari
619 1880 759 1915 obiecta
786 1881 838 1926 (h.
864 1894 895 1915 e.
923 1881 1077 1924 admota)
1103 1882 1238 1928 spiritu
1261 1879 1552 1926 admotofumus
1573 1880 1624 1913 ad

95 1940 187 1976 apes
204 1937 459 1975 promovetur.
505 1929 588 1962 Fuit
605 1940 765 1974 quoque,
799 1928 859 1973 qui
887 1940 1013 1970 voces,
1051 1931 1124 1962 Ore
1139 1927 1254 1974 fove,
1289 1928 1340 1961 ita
1361 1927 1558 1972 acciperet,
1583 1932 1624 1960 ut

95 1982 210 2018 esset,
233 1986 296 2009 ore
313 1976 396 2009 fove
412 1976 527 2010 fumos
546 1975 686 2022 (spiritu
710 1975 835 2017 excita)
855 1982 891 2008 et
907 1988 1011 2009 manu
1027 1975 1233 2020 praetende.
1266 1974 1407 2020 (Medic.
1428 1977 1499 2008 Ore
1509 1973 1621 2020 save;

94 2023 161 2057 sed
185 2021 328 2056 ultimae
359 2022 490 2068 prioris
517 2035 596 2057 voc.
626 2022 784 2067 syllabae
810 2022 916 2056 litera
938 2035 962 2056 a
984 2034 1091 2067 supra
1121 2022 1277 2062 adiecta3
1319 2022 1356 2054 in
1377 2020 1473 2068 fave
1504 2028 1623 2054 autem

94 2069 263 2104 transfixa
284 2077 337 2103 est
357 2083 381 2103 a
399 2069 536 2114 virgula
554 2069 702 2103 miniata
722 2076 759 2102 et
778 2069 904 2102 eodem
924 2069 1045 2103 colore
1066 2082 1086 2103 o
1108 2081 1214 2113 supra
1235 2068 1390 2114 appicta.
1437 2068 1525 2102 Vitii
1545 2067 1623 2100 ori-

95 2117 214 2163 ginem
240 2117 399 2150 indicare
436 2117 579 2150 videtur
608 2116 757 2150 aliorum
788 2116 960 2149 librorum
988 2116 1158 2149 mendosa
1185 2115 1293 2148 lectio
1322 2116 1499 2155 haustus,
1531 2126 1622 2158 quae

95 2177 199 2199 causa
229 2170 308 2197 erat
335 2164 525 2197 accusativi
555 2177 622 2198 ora
651 2163 688 2196 in
713 2163 903 2196 ablativum
923 2175 986 2196 ore
1012 2163 1178 2196 mutandi.
1226 2164 1298 2195 Iam
1317 2174 1422 2206 quum
1439 2161 1622 2194 notissima

96 2219 190 2246 esset
209 2211 321 2245 dictio
342 2224 406 2245 ore
418 2209 574 2257 favere,
598 2210 769 2255 proclivis
793 2216 869 2243 erat
883 2221 1003 2251 error,
1037 2217 1075 2243 ut
1094 2221 1159 2254 pro
1174 2207 1269 2255 fove
1289 2208 1503 2243 scriberetur
1513 2207 1620 2254 fave.

95 2261 314 2304 Quamquam
332 2269 406 2291 non
425 2257 717 2291 dissimulaverim
729 2284 738 2299 ‚
770 2269 843 2290 nou
868 2269 944 2290 esse
964 2256 1067 2289 huius
1085 2256 1250 2290 lectionis
1275 2258 1347 2289 Ore
1358 2254 1455 2301 fave
1474 2255 1620 2288 eandem

95 2318 235 2340 causam
247 2332 256 2348 ,
282 2318 385 2350 quam
402 2304 496 2338 illius
515 2304 622 2349 paulo
640 2311 723 2338 ante
740 2304 894 2337 reiectae
913 2312 1133 2350 augustam,
1167 2303 1452 2348 quandoquidem
1473 2314 1537 2336 ore
1548 2300 1620 2347 fa—

94 2365 185 2387 vere
203 2353 248 2386 de
270 2352 382 2392 omni,
413 2364 486 2385 non
506 2352 550 2385 de
570 2363 672 2386 sacro
698 2351 833 2392 solum,
864 2351 1007 2384 silentio
1037 2350 1181 2383 dicitur:
1217 2349 1346 2383 Ennius
1373 2362 1408 2394 p.
1432 2349 1511 2384 114.
1531 2347 1619 2381 edit.

94 2399 253 2434 Hessel.:
279 2399 520 2443 „Insidiantes
537 2399 617 2432 heic
634 2398 799 2443 vigilant,
835 2398 967 2442 partim
984 2398 1209 2442 requiescunt
1226 2396 1380 2430 Protecti
1400 2395 1527 2441 gladiis
1554 2395 1618 2428 sub

94 2447 224 2489 scutis,
258 2459 335 2481 ore
366 2447 626 2479 faventes.“
683 2445 786 2479 Nihil
814 2444 1038 2490 proficientia
1079 2445 1234 2491 disputat
1264 2445 1390 2478 Bauer.
1425 2443 1471 2477 ad
1501 2446 1618 2476 sanct.

92 2494 180 2528 Min.
203 2496 248 2529 T.
266 2496 294 2528 I.
314 2506 349 2539 p.
373 2494 453 2529 159.
474 2506 527 2538 sq.
562 2492 659 2536 Wr.)

889 2616 1050 2662 tempus
1079 2609 1320 2648 mellationis
1347 2622 1443 2649 vere
1470 2614 1509 2646 et
1542 2621 1618 2647 au-

891 2674 1059 2707 ctumno
1076 2668 1219 2707 tradit.

94 2627 307 2652 numerum
326 2614 520 2650 exercilus
534 2613 608 2662 ‘sui
623 2611 831 2662 recipiem,

93 2671 136 2711 h.
156 2672 200 2710 in
222 2671 405 2720 ordines,
438 2670 479 2708 in
495 2675 676 2722 partem,
707 2668 832 2706 adeo-

95 2743 175 2782 que
196 2729 422 2768 immiscens
435 2758 445 2777 ,
475 2728 666 2766 inserens.

153 2789 239 2829 228
262 2809 320 2816 --
351 2789 448 2828 237.
495 2786 551 2823 De
587 2784 833 2824 castratione

94 2845 284 2884 favorum
315 2844 546 2896 praecipere
586 2842 750 2895 incipit,
790 2848 832 2880 et

96 2902 262 2955 quidem
307 2915 400 2940 cum
447 2901 646 2954 praesidia
689 2907 831 2939 contra

96 2975 219 3014 apum
245 2960 347 2998 iram
377 2965 416 2997 et
441 2961 644 3008 furorem,
674 2959 831 2998 sumum

96 3025 138 3058 et
188 3030 317 3070 aquae
378 3017 695 3071 adspersionem‚
740 3023 831 3056 tum

947 2728 1046 2768 228.
1064 2729 1162 2768 229.
1192 2734 1351 2764 servata
1371 2725 1494 2762 mella
1510 2723 1618 2761 The-

888 2786 1021 2822 sauri-s
1046 2786 1189 2822 relines
1208 2814 1217 2832 ,
1264 2797 1360 2835 pro,
1407 2781 1618 2820 thesauros

888 2842 1015 2880 mellis
1034 2842 1204 2891 servati3
1223 2842 1290 2892 qui
1300 2841 1530 2887 relinunlur,
1550 2851 1618 2876 re-

888 2900 1125 2952 signantur3
1168 2899 1331 2952 proprie
1379 2896 1616 2949 amphorae,

889 2958 998 2997 dolia
1029 2963 1070 2996 et
1100 2958 1176 2995 alia
1206 2957 1331 2995 oblita
1356 2956 1443 3007 pice
1473 2960 1514 2992 et
1541 2954 1617 2992 ob-

890 3016 1012 3056 ducta
1026 3016 1143 3055 relini
1167 3014 1372 3053 dicuntur.
1402 3015 1499 3055 229.
1520 3014 1617 3054 230.
