1734 3320
160 202 264 253 566
484 203 541 252 P.
588 201 951 254 VIRGILII
991 202 1371 256 MARONIS

159 332 272 379 Pan
302 327 435 379 deus
458 328 715 380 Arcadiae
741 338 950 395 captam
971 339 1050 394 te,
1087 332 1264 394 Luna,
1299 327 1516 395 fefellit,

159 402 222 450 In
263 416 490 451 nemora
517 400 617 450 alta
646 416 873 462 vocans;
921 417 1022 450 nec
1055 409 1116 451 tu
1149 401 1466 469 adspernata
1497 417 1695 451 vocan-

161 490 163 492 ’
954 479 1082 524 tem.

231 543 299 591 At
321 541 405 591 cui
428 540 575 590 lactis
598 556 773 605 amor,
813 541 1037 605 cytisum
1061 541 1314 610 lotosque
1338 540 1641 611 frequentis

159 612 283 677 Ipse
305 629 474 661 manu
498 610 764 678 salsasque
785 608 924 661 ferat
946 612 1294 680 praesepibus
1312 612 1521 680 herbas,
1595 616 1697 666 395

161 682 299 732 Hinc
334 691 388 732 et
415 690 595 732 amant
624 680 817 731 fluvios
847 683 1043 748 magiS,
1095 691 1148 733 et
1174 684 1344 750 magis
1378 684 1549 735 ubera
1575 693 1698 735 ten-

959 753 1096 803 dunt

159 824 228 872 Et
247 821 367 871 salis
392 821 667 872 occultum
690 819 938 872 referunt
962 824 1015 873 in
1036 795 1172 874 ladte
1196 840 1461 891 saporem.

160 891 316 942 Multi
336 892 443 942 iam
471 901 710 942 excretos
735 891 1034 959 prohibent
1061 912 1088 944 a
1111 895 1373 946 matribus
1393 893 1627 960 haed05‚

233 990 349 1039 394.
387 989 493 1051 AT,
567 993 684 1039 396.
722 1001 916 1052 MAGIS,
953 1002 1021 1038 Ac
1050 1005 1106 1040 M.

208 1127 278 1163 392
299 1135 411 1174 capta
429 1127 600 1162 Rottend.
623 1127 681 1162 alt.
729 1129 769 1162 In
786 1136 935 1174 utroque
954 1129 1142 1164 Meadiano
1166 1142 1234 1163 vss.
1262 1130 1344 1166 391.
1368 1131 1440 1167 392
1466 1129 1608 1164 inverso
1636 1140 1700 1163 or-

162 1174 244 1207 dine
266 1181 367 1207 erant
387 1174 523 1221 scripti.
619 1176 690 1211 393
715 1184 757 1209 ta
784 1176 887 1210 abest
905 1177 1067 1211 Parrhas.
1117 1190 1186 1212 nec
1209 1190 1248 1211 es
1268 1186 1473 1225 aspernata
1493 1188 1548 1222 pr.
1567 1178 1700 1212 Moret-

161 1235 209 1256 ne
229 1234 269 1255 es
286 1222 518 1269 adspernata
538 1223 644 1265 Gud.,
669 1223 772 1257 male.
869 1224 938 1260 395
969 1225 1041 1258 Ille
1066 1238 1179 1259 mana
1206 1226 1385 1259 Romanus
1407 1231 1444 1259 et
1466 1225 1595 1259 Medic.
1614 1225 1701 1259 Pie-

161 1269 225 1311 rii,
250 1282 327 1302 cum
343 1269 504 1314 pluribus
526 1270 673 1312 Heinsii‚
701 1271 814 1304 tribus
831 1272 989 1314 Martini,
1016 1273 1127 1306 Goth.
1148 1285 1203 1318 pr.
1222 1273 1295 1306 Erf.
1317 1278 1353 1306 et
1371 1279 1464 1306 vett.
1480 1272 1574 1315 edd„
1604 1272 1701 1318 quod
1716 1302 1724 1309 ,

163 1316 326 1362 equidem
349 1318 579 1362 praeferrem.
627 1320 716 1365 Ipse
734 1318 864 1352 Medic.
887 1320 977 1353 Gud.
1000 1322 1129 1353 Moret.
1147 1332 1200 1366 pr.
1220 1332 1297 1353 cum
1315 1320 1394 1354 aliis
1415 1327 1582 1361 tuentur3
1607 1321 1700 1354 bene

161 1364 283 1410 utique
309 1371 347 1397 et
364 1364 499 1410 ipsum,
533 1366 610 1410 quis
631 1365 794 1399 dubitet?
830 1367 925 1411 (Ille
947 1367 1168 1402 commendat
1192 1367 1299 1401 etiam
1320 1367 1475 1401 Iahnius.
1523 1371 1571 1401 At
1598 1374 1698 1401 recte

161 1412 260 1459 ipse,
286 1412 381 1456 quod
402 1424 599 1457 pronomen
622 1413 787 1447 notandis
808 1414 914 1447 rebus
936 1415 1123 1449 contrariis
1154 1414 1312 1448 inservit.
1361 1416 1453 1450 Nam
1472 1427 1577 1461 quum
1597 1421 1702 1449 antea

163 1458 217 1502 ei,
244 1459 298 1493 cui
315 1459 478 1493 lanitium
499 1473 602 1494 curae
623 1461 670 1494 sit
685 1487 693 1502 ‚
719 1461 943 1507 praeceperit
964 1469 1090 1508 poeta,
1125 1469 1166 1495 ut
1186 1463 1280 1496 laeta
1301 1469 1335 1496 et
1361 1462 1461 1508 larga
1482 1462 1614 1509 pabula
1639 1463 1702 1496 fu-

163 1506 258 1551 giat,
284 1519 374 1540 nunc
392 1507 604 1541 contrarium
622 1509 741 1542 facere
758 1508 859 1542 iubet
880 1521 976 1552 eum,
1003 1510 1063 1556 qui
1082 1509 1186 1544 lactis
1208 1522 1312 1544 causa
1332 1522 1478 1555 gregem
1497 1510 1581 1544 alat.
1626 1510 1702 1543 De-

162 1554 269 1599 nique
287 1554 376 1588 haec
393 1556 472 1603 ipse
492 1568 622 1597 mana,
650 1556 672 1589 i.
698 1568 727 1589 e.
750 1568 866 1597 mea,
901 1563 1001 1600 tua,
1036 1570 1115 1592 sua
1143 1569 1294 1599 manu,
1329 1557 1477 1603 iungere
1501 1565 1594 1591 amat
1610 1557 1701 1592 Vir-

163 1601 287 1646 gilius3
332 1602 395 1636 cst.
426 1603 489 1636 Ge.
514 1604 575 1645 1V,
600 1604 682 1639 329.
718 1606 804 1637 Aen.
831 1605 873 1646 11,
898 1605 978 1640 321.
1010 1605 1090 1640 645.
1123 1606 1181 1645 ΙΙΙ,
1208 1605 1289 1641 372.
1325 1605 1372 1647 V,
1399 1603 1482 1641 241.
1502 1604 1585 1641 499.
1618 1606 1700 1647 VII,

165 1647 244 1684 143.
274 1650 354 1685 620.
390 1651 474 1697 ipsa
497 1651 576 1684 suis
592 1650 762 1685 manibus
788 1652 853 1694 XI,
878 1651 935 1687 74.
970 1653 1070 1697 Wr.)
1175 1653 1248 1688 396
1273 1654 1392 1700 magis
1413 1661 1450 1686 et
1472 1654 1593 1700 magis
1618 1659 1701 1686 ante

163 1696 297 1738 Heius„
322 1703 362 1729 ut
381 1697 419 1730 in
441 1697 528 1730 aliis.
558 1698 642 1742 (hoc
658 1698 842 1742 revocavi,
876 1706 913 1732 et
933 1699 984 1733 ita
1009 1699 1137 1734 Medic.
1168 1699 1257 1734 Gud.
1277 1701 1408 1734 Moret.
1426 1712 1481 1746 pr.
1501 1701 1589 1745 Reg.
1617 1699 1701 1734 alii-

164 1755 254 1789 que,
281 1743 406 1786 etiam,
431 1751 472 1777 ut
490 1744 653 1786 videtur,
677 1746 779 1779 Rom.
828 1749 884 1780 Ac
901 1746 1042 1780 videtur
1063 1748 1106 1781 ab
1133 1747 1177 1781 iis
1206 1746 1401 1789 invectum,
1431 1747 1490 1793 qui
1519 1746 1703 1793 frequenti

163 1790 227 1824 illa
247 1788 534 1839 folmula'magis
554 1805 598 1825 ac
618 1793 740 1838 magis
753 1819 762 1834 ,
788 1794 909 1839 magis
925 1802 1037 1840 atque
1056 1796 1186 1842 magis,
1213 1794 1472 1840 deciperentur.
1520 1795 1612 1829 Hinc
1634 1796 1698 1829 Ge.

164 1839 226 1880 IV,
250 1839 351 1874 311.:
377 1852 399 1881 ‚',
409 1847 627 1885 tenuemque
650 1839 767 1884 magis<
791 1840 902 1885 magis
932 1853 1024 1875 acra
1048 1843 1243 1888 carpant“
1268 1842 1370 1875 multi
1397 1842 1501 1875 codd.
1526 1854 1570 1876 ac
1587 1842 1702 1876 inter-

163 1892 321 1931 ponunt;
359 1886 486 1919 eodem
504 1887 611 1920 modo
630 1893 799 1932 peccatur
825 1900 881 1933 ap.
910 1888 1034 1922 catull.
1055 1889 1266 1932 XXXVIII,
1299 1890 1333 1925 3.
1381 1887 1453 1923 Sed
1471 1897 1596 1924 nostro
1618 1889 1701 1924 loco

165 1933 312 1967 alterum
336 1934 455 1987 magis
487 1934 530 1967 ab
555 1934 667 1968 altero
698 1934 974 1980 seiungendum,
1006 1936 1102 1982 quod
1123 1936 1162 1970 fit
1189 1948 1255 1982 per
1283 1945 1330 1970 et.
1378 1938 1463 1970 Non
1489 1937 1703 1971 movendum

164 1988 281 2014 tamen
310 1989 346 2014 et
366 1981 435 2015 C1c.
455 1980 567 2026 Epist.
599 1982 645 2015 ad
679 1985 752 2016 Att.
777 1984 878 2026 XIV,
905 1984 959 2019 18.
983 1990 1071 2017 extr.
1108 1983 1209 2017 Ovid.
1229 1983 1377 2017 Heroid.
1404 1985 1447 2025 II,
1477 1985 1556 2020 129.
1575 1986 1701 2019 Horat.
1729 2019 1733 2021 .

166 2027 232 2061 Od.
255 2030 281 2071 1,
305 2028 363 2071 25,
389 2029 442 2070 6.;
478 2041 684 2074 quamquam
705 2036 808 2063 erunt
825 2031 998 2072 fortasse,
1028 2030 1087 2076 qui
1113 2044 1157 2064 ac
1177 2031 1231 2064 his
1261 2031 1351 2065 locis
1381 2031 1605 2065 scribendum
1631 2045 1702 2078 pu-

165 2081 251 2109 tent.
281 2078 339 2110 W
335 2075 377 2119 r.)
475 2076 545 2112 397
572 2077 753 2111 occultam
771 2077 863 2111 Gud.
909 2077 1080 2124 referant
1100 2080 1194 2112 Ven.
1243 2077 1408 2125 referent
1427 2077 1598 2113 Rottend.
1617 2085 1701 2114 tert.

165 2123 237 2158 398
255 2124 374 2157 Multi
391 2124 500 2157 ett'am
527 2124 629 2158 Laid.
653 2131 689 2158 et
712 2126 841 2159 Moret.
866 2132 978 2171 quart.
999 2138 1077 2160 cum
1099 2125 1208 2160 Goth.
1238 2138 1308 2160 sec.
1341 2132 1377 2159 et
1408 2126 1524 2160 tribus
1542 2126 1700 2161 Martini.

166 2241 400 2294 simpliciter
436 2242 506 2292 id,
555 2257 636 2295 quo
673 2244 904 2284 inducimus
961 2244 1071 2298 piam
1087 2244 1277 2295 habeant,
1303 2245 1422 2284 niulti
1442 2244 1596 2285 haedos
1618 2260 1702 2286 non

168 2306 209 2338 et
228 2301 402 2340 fallimus
424 2301 610 2341 alterum.
963 2304 1214 2343 submittunt
1234 2304 1429 2357 capellae,
1469 2304 1540 2343 sed
1562 2306 1702 2344 statim

226 2357 310 2401 394
330 2381 387 2388 -—
407 2358 504 2400 403.
545 2361 663 2399 Nunc
704 2361 754 2399 de
792 2361 906 2400 lactis

169 2417 317 2455 studio.
375 2417 408 2455 E
431 2417 614 2457 Varrone
633 2419 681 2469 II,
706 2423 746 2469 2,
771 2422 835 2462 19.
859 2421 906 2459 cs.

167 2474 318 2513 Pallad.
332 2475 420 2525 XII,
436 2478 501 2523 13,
515 2479 553 2518 8.
572 2478 750 2530 Geopon.
763 2478 907 2528 XVIII,

172 2535 225 2575 12
245 2539 287 2571 et
312 2535 376 2574 19.
438 2534 492 2571 De
509 2535 603 2584 loto,
637 2536 777 2586 herba,
805 2550 908 2588 quae

170 2597 212 2630 et
250 2592 451 2629 meliloms
476 2623 486 2641 ,
536 2593 621 2631 vid.
671 2595 724 2632 ad
763 2595 907 2647 Georg.

169 2650 218 2700 II,
238 2648 306 2691 84.
330 2651 333 2655 ’
365 2652 461 2691 396.
493 2653 664 2690 tendunt
685 2651 727 2706 (f.
750 2653 907 2692 disten-

171 2708 300 2756 dunt,
334 2707 580 2758 distentant,
612 2717 660 2749 ut
681 2711 786 2761 alibi,
819 2725 906 2750 v.0.

170 2767 253 2805 Eel.
275 2767 356 2815 IX,
377 2764 450 2820 31)
483 2766 604 2805 ubera
628 2768 745 2807 lacte.
805 2769 907 2807 Nam

170 2825 438 2878 pinguescunt
464 2839 559 2864 oves
579 2827 835 2878 potissimum
857 2841 908 2865 ex

171 2890 286 2936 potu.
345 2883 517 2923 Notavit
554 2884 635 2922 iam
672 2884 908 2924 Aristoteles

171 2942 324 2982 Histor.
344 2941 477 2981 Anim.
496 2942 599 2994 VIII,
622 2946 687 2985 10.

231 3002 327 3043 398.
365 3001 421 3040 Ut
455 3001 570 3040 lactis
606 3002 797 3042 maiorem
837 3016 908 3041 co—

965 2376 987 2400 a
1015 2368 1147 2401 matre
1181 2363 1391 2415 depellunt
1429 2363 1609 2402 sobolem
1643 2361 1703 2417 (et

965 2435 1005 2460 v.
1037 2435 1069 2460 c.
1099 2421 1288 2460 vendunt
1310 2451 1320 2471 ‚
1367 2427 1551 2460 mactant
1583 2420 1701 2476 etc.).

966 2481 1053 2517 iam
1084 2480 1234 2532 accipio
1266 2494 1341 2532 pro
1371 2494 1507 2532 porro.
1570 2481 1704 2520 Mala·

968 2535 982 2589 (
987 2551 1029 2575 ea
1036 2537 1125 2576 dem
1139 2538 1332 2576 orationis
1345 2538 1474 2576 forma
1487 2539 1557 2578 Ge.
1577 2539 1605 2589 I,
1617 2538 1701 2581 225

967 2596 1101 2634 Malu·
1114 2604 1206 2634 ante
1226 2610 1415 2647 occasum
1437 2598 1588 2636 Maiae
1609 2611 1702 2635 coe-

958 2668 1056 2705 pere
1090 2659 1131 2691 et
1162 2656 1243 2696 193
1284 2654 1450 2693 Semina
1480 2656 1568 2694 vicli
1585 2657 1702 2708 equi-

966 2712 1058 2749 dem
1080 2713 1227 2750 mallos
1245 2711 1463 2767 medicare)
1487 2713 1703 2765 prohibent

966 2769 1118 2807 haedos
1143 2785 1170 2807 α
1190 2770 1386 2809 matribus
1408 2777 1450 2810 et
1474 2780 1700 2821 excernant,

967 2841 1037 2866 seu
1064 2835 1300 2879 secernunt,
1343 2837 1555 2881 amovent,
1603 2830 1703 2870 hinc

968 2886 1151 2925 ornatius
1193 2887 1350 2926 dictum
1376 2888 1601 2939 prohibent.
1628 2903 1702 2927 ex-

966 2953 1104 2983 cretos.
1168 2946 1333 2985 Servius
1363 2955 1536 2986 excretos
1551 2977 1562 2997 ‚
1594 2942 1703 2987 vali-

969 3002 1120 3055 diores,
1160 3004 1309 3044 reddit.
1369 3004 1499 3045 Duxit
1524 3005 1624 3045 adeo
1651 3005 1702 3044 ab
