1768 3320
178 184 301 222 XCVI

620 163 767 215 TIB.
805 132 913 213 CL.
949 157 1266 211 DONATI

181 309 301 353 runt,
330 312 426 340 nam
445 295 596 336 nullius
615 294 780 334 omnino
801 290 1002 332 sententia
1019 295 1202 330 cremata
1219 286 1364 327 Aeneis
1382 284 1503 339 digna
1519 283 1604 326 visa
1619 283 1716 324 fuit:

125 372 172 409 57
183 377 265 418 qua
286 360 337 401 de
353 372 400 399 re
421 354 591 409 Sulpicii
604 351 942 406 Carthaginiensis
960 354 1123 389 exstant
1144 345 1382 387 huiusmodi
1399 357 1566 385 versusz
1612 396 1617 399 Π
1700 350 1702 352 “

410 439 591 482 Iusserat
615 436 718 475 haee
744 433 904 486 rapidis
932 431 1084 471 aboleri
1112 430 1298 468 earmina
1319 427 1515 480 flammis

1632 429 1661 444 ry

1633 458 1661 476 la

474 495 702 549 Virgilius,
735 493 963 545 Phrygium
992 503 1098 543 quae
1127 489 1301 526 cecinere
1329 485 1486 524 ducem.

416 557 554 595 Tucca
580 561 710 603 vetat,
746 552 976 603 Variusque
1005 547 1130 586 simul
1135 561 1151 594 ;
1183 554 1249 595 tu,
1279 545 1459 583 maxime
1490 542 1659 593 Caesar,

476 614 580 654 Nou
608 613 731 660 sinis,
765 618 804 648 et
833 610 986 647 Latiae
1015 605 1191 644 consulis
1218 603 1426 642 historiae.

411 671 568 725 Infelix
595 671 759 722 gemino
789 666 933 705 cecidit
953 678 1084 717 prope
1113 664 1342 715 Pergamos
1370 661 1478 713 igni,

473 731 529 769 Et
541 742 649 781 pene
679 735 738 765 est
763 726 847 765 alio
884 725 1007 763 Troia
1036 730 1217 760 cremata
1247 733 1362 772 rogo.

128 822 174 858 58
186 818 363 858 Exstant
390 818 431 852 et
461 809 634 863 Augusti
659 808 709 848 de
741 807 830 861 ipsa
858 804 1000 844 eadem
1032 816 1076 843 re
1110 815 1252 843 versus
1272 801 1411 856 plures
1430 804 1472 840 et
1499 798 1723 851 clarissimi,

186 888 362 930 quorum
380 870 542 912 initium
560 874 641 907 est:

413 954 576 1004 Ergone
605 948 802 1001 supremis
824 946 963 998 potuit
991 958 1071 984 vox
1101 940 1288 994 improba
1318 940 1448 981 verbis

419 1013 523 1050 Tam
553 1009 687 1046 dirum
717 1004 913 1044 mandare
943 1002 1093 1057 nefas?
1123 1015 1218 1054 ergo
1251 999 1325 1039 ibit
1352 1002 1397 1039 in
1425 1001 1565 1052 ignes,

414 1071 663 1121 *Magnaque
692 1064 916 1118 doctiloqui
944 1064 1135 1101 morietur
1161 1062 1297 1100 Musa
1320 1060 1514 1098 Maronis
1528 1058 1552 1103 Ρ

187 1156 240 1194 Et
262 1151 385 1208 paulo
403 1156 515 1205 post:

416 1232 498 1272 Sed
523 1231 662 1283 legum
690 1226 894 1267 servanda
912 1225 1026 1275 fides
1038 1240 1054 1275 ;
1087 1238 1279 1279 suprema
1309 1223 1500 1263 voluntas

421 1290 542 1343 Quod
567 1287 763 1336 mandat,
785 1286 963 1338 fierique
999 1283 1108 1323 iubet
1123 1315 1135 1335 ,
1163 1297 1310 1337 parere
1339 1296 1497 1322 necesse
1526 1290 1598 1321 est.

415 1351 655 1400 frangatur
671 1347 814 1398 potius
844 1345 984 1396 legum
1009 1342 1243 1383 veneranda
1268 1349 1467 1394 potestas,

425 1408 562 1459 Quam
590 1413 646 1444 tot
675 1411 883 1456 congestos
912 1410 1125 1455 noctesque
1153 1401 1318 1454 diesque
1347 1398 1504 1439 labores

419 1466 618 1505 Hauserit
647 1477 733 1502 una
761 1462 847 1500 dies
877 1461 930 1500 Et
951 1474 997 1499 ea
1012 1473 1115 1513 quae
1135 1464 1376 1513 sequuntur.

140 1555 186 1591 59
197 1548 307 1588 Nihil
324 1548 448 1601 igitur
479 1552 644 1587 auctore
675 1543 858 1598 Augusto
887 1543 1034 1583 Varius
1065 1542 1250 1594 addidit,
1282 1540 1395 1594 quod
1411 1546 1454 1580 et
1474 1538 1590 1580 Maro
1609 1549 1733 1592 prae-

198 1613 377 1661 ceperat,
420 1606 492 1645 sed
515 1604 748 1645 summatim
776 1602 1028 1652 emendavit,
1066 1608 1116 1641 ut
1143 1601 1215 1654 qui
1233 1614 1376 1642 versus
1392 1599 1519 1639 etiam
1537 1597 1733 1652 imperfe-

198 1672 309 1717 ctos,
346 1665 381 1704 si
409 1665 480 1717 qui
505 1669 642 1715 erant,
683 1662 906 1715 reliquerit.
966 1661 1052 1701 Hos
1080 1661 1202 1701 multi
1233 1673 1334 1700 mox
1363 1658 1553 1714 supplere
1582 1654 1734 1707 conati,

251 1793 282 1839 §.
304 1793 360 1828 57.
395 1791 583 1839 Sulpicius
605 1790 935 1837 Carthaginiensis.

206 1839 469 1876 Grammaticus.
489 1838 572 1872 Eius
586 1849 724 1875 carmen
740 1838 821 1871 vide
834 1837 937 1871 etiam

208 1902 265 1934 ap.
297 1887 426 1931 Scalig.
464 1886 575 1920 Catal.
606 1898 688 1931 pag.
719 1885 798 1922 140.
828 1885 936 1918 Anth.

206 1937 286 1970 Lat.
302 1934 364 1968 lib.
386 1936 437 1976 ΙΙ,
464 1933 575 1980 epigr.
598 1931 677 1969 174.
695 1951 743 1958 --
761 1933 939 1967 historiae

209 1994 293 2018 sane
320 1994 372 2015 vs.
400 1982 423 2016 4
446 1993 570 2027 parum
590 1980 773 2014 commode
801 1980 842 2013 fit
859 1991 939 2013 me-

208 2028 382 2070 morati03
416 2029 497 2062 deb.
527 2030 639 2062 Latia
664 2030 777 2062 Musa
805 2039 944 2061 memo-

209 2077 298 2116 rari3
332 2082 393 2110 aut
415 2077 525 2110 Latio
555 2088 583 2109 s.
610 2077 769 2109 Romano
793 2075 943 2109 nomini.

210 2123 290 2158 Dici
314 2130 432 2157 tamen
468 2129 589 2169 potest
621 2129 745 2157 auctor
782 2122 943 2156 carminis

211 2170 411 2217 respexisse
440 2171 595 2215 origines
623 2170 731 2204 Iuliae
761 2170 876 2215 gentis
908 2176 945 2203 et

210 2221 449 2254 Romanorum
468 2231 488 2252 a
506 2217 681 2260 Troianis,
706 2229 794 2263 quae
811 2217 945 2252 Aenei-

211 2266 267 2301 dis
285 2272 525 2310 argumentum
540 2265 770 2299 constituunt.

259 2314 291 2359 ᾗ.
325 2313 381 2348 58.
413 2314 587 2359 Augusti.
613 2311 842 2347 Grammatici
873 2312 955 2347 ali-³

214 2360 310 2395 cuius
347 2360 410 2393 sub
446 2359 592 2404 Augusti
618 2359 777 2394 nomine:
819 2359 856 2393 in
881 2360 945 2394 Pi-

213 2408 326 2442 thoeo
359 2419 394 2452 p.
422 2408 491 2449 70,
526 2407 712 2441 Catalectis
739 2420 775 2453 p.
805 2407 885 2451 141,
910 2415 946 2442 et

214 2455 254 2488 in
278 2454 496 2499 Anthologia
519 2456 569 2497 ΙΙ,
596 2454 675 2491 184.
722 2454 855 2489 Videas
884 2461 944 2489 ta-

214 2514 297 2536 men
318 2501 519 2536 Voltarium
536 2501 704 2536 horridos
730 2502 798 2536 hos
828 2509 863 2536 et
885 2502 945 2535 in—

217 2557 320 2596 eptos
339 2561 461 2582 versus
482 2560 553 2582 non
577 2549 683 2583 modo
703 2551 859 2594 Augusto
878 2551 948 2583 tri-

215 2597 338 2639 buere,
363 2608 482 2629 verum
504 2595 610 2629 etiam
628 2608 842 2642 magnopere
858 2609 949 2642 pro-

216 2644 321 2678 bare:
356 2643 406 2677 ils
441 2651 526 2677 sont
563 2642 680 2676 beaux
708 2652 743 2677 et
772 2643 950 2678 semblent

211 2692 338 2739 partit
354 2690 406 2723 du
427 2703 548 2724 coeur.
584 2691 694 2724 Essai
710 2703 776 2724 sur
795 2691 834 2724 la
853 2693 951 2725 Poe-

217 2739 272 2772 sie
301 2738 430 2785 epique
457 2737 561 2782 chap.
589 2738 623 2773 3.
672 2739 726 2771 lta
750 2737 870 2781 vides,
907 2739 952 2772 ad

217 2797 338 2821 verum
367 2784 567 2830 pulcrarum
593 2784 840 2818 sententiarum
865 2797 951 2819 sen-

218 2844 295 2866 sum
316 2837 353 2865 et
369 2831 535 2866 iudicium
554 2831 725 2865 sermonis
743 2831 952 2877 intelligen—

216 2880 304 2914 tiam
322 2878 474 2924 aliquam
494 2891 571 2912 esse
590 2879 833 2913 necessariam.
855 2880 952 2926 (Infr.

219 2926 368 2962 Testim.
390 2927 443 2960 IV
460 2932 497 2960 et
517 2926 608 2970 VII.)

267 2975 298 3021 ᾗ.
327 2973 386 3010 59.
419 2975 501 3010 Hos
533 2974 643 3008 multi
670 2986 754 3009 mox
782 2974 955 3022 supplere

995 1789 1137 1824 conati:
1163 1788 1260 1823 cuius
1283 1785 1425 1834 generis
1459 1797 1583 1822 versus
1602 1783 1736 1819 multos

994 1836 1125 1884 passim
1161 1837 1198 1870 in
1232 1834 1473 1881 suspicionem
1507 1831 1736 1874 adduximus3

995 1885 1084 1919 alios
1114 1884 1246 1918 dudum
1281 1883 1420 1918 eiecere
1448 1880 1575 1916 critici.
1621 1881 1755 1918 Fuere,

994 1939 1113 1966 tamen
1137 1931 1245 1966 etiam
1261 1929 1493 1973 recentiores,
1517 1928 1579 1976 qni
1597 1927 1739 1962 inanem

1000 1992 1146 2026 operam
1189 1979 1227 2013 in
1263 1977 1449 2025 explendis
1483 1976 1541 2011 his
1575 1975 1738 2011 versibus

1001 2027 1239 2068 collocarent;
1271 2033 1312 2060 ut
1331 2024 1492 2061 Nannius
1509 2023 1659 2058 Miscell.
1674 2023 1739 2065 VI,

1002 2077 1059 2118 10,
1086 2082 1123 2109 et
1132 2074 1334 2117 Vanierius,
1360 2073 1406 2108 de
1427 2083 1497 2119 quo
1515 2074 1542 2107 Ι.
1562 2072 1611 2106 M.
1622 2069 1740 2105 Hein-

1001 2123 1069 2166 zii,
1104 2122 1173 2157 viri
1209 2121 1327 2165 docti,
1371 2119 1555 2166 Gymnasii
1584 2119 1737 2156 Wimar.

1002 2170 1210 2212 directoris,
1246 2176 1303 2203 est
1336 2166 1603 2203 commentatio.
1647 2164 1742 2200 Illud

1002 2230 1089 2253 vero
1108 2217 1167 2252 vix
1184 2217 1263 2251 fieri
1282 2216 1446 2263 potuisse
1462 2221 1568 2262 putes
1579 2241 1590 2259 ,
1620 2221 1661 2248 ut
1678 2225 1742 2248 ex-

1001 2265 1153 2300 isterent
1170 2264 1334 2299 homines
1349 2262 1528 2309 ingeniosi
1550 2268 1588 2296 et
1607 2261 1669 2308 qui
1687 2260 1742 2296 si-

1002 2313 1041 2347 bi
1069 2313 1219 2347 subtiles
1251 2318 1288 2348 et
1313 2311 1406 2347 acuti
1426 2310 1656 2352 viderentur,
1682 2306 1744 2355 qui

1002 2361 1040 2394 in
1069 2361 1231 2395 versibus
1259 2359 1317 2394 his
1353 2359 1564 2405 imperfecte
1603 2355 1743 2391 relictis

1002 2407 1169 2442 iudicium
1196 2415 1326 2454 poetae
1353 2413 1390 2441 et
1411 2406 1536 2440 miram
1562 2404 1744 2451 sagacita-

1001 2462 1074 2489 tem
1092 2461 1322 2501 quaererent3
1340 2453 1479 2489 scilicet
1493 2459 1534 2487 ut
1553 2462 1745 2498 argumen-

1002 2503 1033 2537 ti
1054 2503 1229 2548 gravitate
1257 2508 1356 2537 tacto
1380 2500 1530 2536 lectoris
1561 2500 1678 2535 animo
1699 2498 1746 2533 ad

1005 2551 1249 2584 meditandum
1277 2562 1376 2584 mora
1396 2549 1550 2583 daretur.
1600 2549 1679 2590 Qua
1698 2546 1746 2580 de

1006 2611 1046 2632 re
1065 2599 1109 2632 cf·
1127 2597 1282 2643 Disquis.
1304 2599 1319 2631 1
1341 2597 1387 2631 ad
1406 2599 1495 2631 Aen.
1515 2601 1602 2630 extr.
1626 2597 1746 2629 Unum

1009 2652 1064 2679 est
1108 2645 1222 2680 Servii
1263 2643 1429 2679 scholion
1465 2643 1512 2678 ad
1549 2645 1638 2677 Aen.
1675 2642 1746 2684 IV,

1008 2694 1090 2734 361,
1114 2693 1151 2726 in
1178 2704 1247 2738 quo
1278 2692 1396 2726 simile
1417 2689 1587 2725 iudicium
1611 2687 1747 2724 veteris

1009 2740 1236 2775 Grammatiei
1254 2740 1376 2786 legere
1396 2736 1562 2773 memini:
1586 2740 1638 2772 Et
1656 2747 1748 2772 ora-

1010 2788 1124 2830 torie,
1156 2787 1270 2833 inquit
1288 2813 1299 2830 ,
1333 2785 1386 2821 ibi
1402 2786 1557 2832 finivit,
1599 2782 1663 2818 ubi
1689 2783 1750 2817 vis

1009 2836 1224 2880 argumenti
1240 2833 1418 2869 substitit.
1440 2831 1548 2878 Atqui
1565 2831 1656 2866 illud
1672 2829 1749 2865 sal-

1009 2887 1080 2914 tem
1098 2888 1196 2915 reete
1214 2881 1243 2915 is
1265 2886 1492 2928 perspectum
1507 2878 1646 2921 habuit,
1659 2890 1749 2913 ora-

1012 2930 1147 2962 torium
1157 2929 1195 2963 id
1207 2941 1295 2963 esse.
1322 2932 1415 2963 Sane
1433 2927 1512 2974 ipsa
1529 2939 1587 2961 res
1604 2925 1644 2960 id
1654 2926 1750 2959 ferre

1013 2975 1157 3021 debuit,
1190 2983 1231 3011 ut
1253 2975 1434 3011 nonnullis
1461 2974 1500 3009 in
1525 2973 1639 3017 locis,
1663 2983 1749 3008 sen-
