1768 3320
239 234 335 282 *60

584 230 639 278 Ρ.
688 225 1042 278 VIRGILII
1084 220 1475 272 MARONIS:

235 376 237 380 ⁴
256 359 538 419 Quantum
561 352 703 403 lenta
724 352 898 401 solent
919 351 1056 399 inter
1073 348 1295 397 viburna
1319 347 1598 414 cupressi.

264 441 320 478 Μ.
355 426 424 476 Et
444 439 580 491 quae
603 430 746 472 tanta
766 420 865 471 fuit
883 422 1112 470 Romam
1134 417 1230 466 tibi
1250 432 1427 466 caussa
1448 417 1702 470 videndi?

266 511 312 549 T.
345 493 604 545 Libertas:
642 508 776 559 quae
797 507 935 554 sera,
969 497 1150 538 tamen
1171 487 1400 554 respexit
1416 486 1670 550 mertem

332 593 413 641 28.
451 600 606 649 QUAE,

310 720 357 756 26
390 719 556 766 vzrgulta
575 722 716 763 quartus
740 716 868 749 Moret.

937 714 983 749 27
1007 715 1154 759 Ecquae
1172 711 1256 746 olim
1273 712 1410 759 aliquae
1426 712 1768 759 vulgg.ap.1·'abric.

262 767 355 801 Nam
374 769 424 800 Ec
439 778 535 818 qaae
550 764 668 798 statim
690 763 733 796 ab
758 761 848 795 Aldo
860 759 1001 794 editum.

1079 761 1125 795 28
1148 758 1336 794 Libertas:
1361 773 1466 807 quae,
1482 772 1578 803 sera,
1597 768 1718 794 tamen
1738 774 1768 794 r.

263 813 333 847 Alii
341 818 401 846 aut
416 824 486 845 non
502 811 728 868 distinguunt,
748 815 825 842 aut:
843 819 945 864 qaae,
956 819 1040 840 sera
1054 815 1187 849 tamen,
1198 819 1228 840 r.
1251 799 1361 851 (ser‘a,
1373 815 1506 850 tamen,
1525 818 1606 840 aero
1617 807 1768 853 quidem,

264 860 325 893 sed
351 859 446 892 venit
459 865 590 899 tamem
617 854 688 899 ὀψὲ
708 854 785 901 μὲν,
806 850 882 890 αλλ’
898 848 1024 907 ἦλθεν.
1049 855 1094 887 Et
1110 861 1232 887 tamen
1245 865 1356 908 saepe
1376 853 1425 888 sic
1435 833 1594 899 ponitur,
1600 860 1640 887 ut
1659 854 1768 888 omis—

264 919 339 940 sum
358 906 404 939 sit
419 905 454 938 in
467 903 748 939 antecedentibus
767 908 826 935 aut
844 902 921 942 etsi,
938 913 1102 954 quamvts
1122 906 1158 933 et
1177 900 1314 944 similia,
1344 907 1404 935 aut
1420 901 1768 948 qutdem.Prope1-t.

261 955 321 995 111,
340 953 381 995 4,
404 953 458 987 5:

263 1003 434 1044 „Sera,
457 1004 604 1032 tamen
627 997 776 1042 pietasf‘

497 955 543 994 „S
556 963 649 993 era,
674 963 689 983 s
701 950 750 983 ed
768 947 928 983 Ausoniis
943 947 1061 981 veniet
1070 947 1253 992 provincia
1271 948 1401 993 virgis!

823 995 876 1028 De
906 994 1034 1028 omisso
1058 995 1201 1041 quzdem
1222 995 1315 1029 Cort.
1337 995 1383 1029 ad
1401 994 1542 1029 Sallust.
1563 995 1637 1030 Cat.
1663 1009 1691 1030 c.
1709 997 1768 1032 52.

1405 948 1544 993 ‘.Prop
1554 947 1613 991 111,
1634 949 1689 992 15,
1698 949 1768 985 35⁶

264 1053 300 1080 et
317 1049 373 1083 61.
396 1047 554 1079 Inertem
570 1044 660 1078 male
671 1044 716 1077 ad
732 1042 898 1077 senilem'
888 1041 1051 1075 mertiam
1063 1047 1167 1087 atque
1187 1042 1229 1075 ad
1252 1048 1404 1076 aetatem
1419 1043 1596 1084 referunt,
1615 1043 1768 1088 explicat

261 1094 339 1138 ipse
364 1105 414 1126 vs·
439 1093 486 1128 32
506 1104 557 1138 sq.
577 1091 644 1124 sibi
665 1102 736 1124 non
754 1101 871 1123 curam
887 1088 1015 1135 peculii
1031 1088 1139 1122 fuisse
1162 1088 1296 1124 dicens.
1327 1091 1391 1138 Sp.
1415 1109 1461 1117 —-
1485 1089 1648 1133 Comma,
1674 1090 1768 1136 quod

261 1146 339 1175 erat
356 1145 438 1173 aute
456 1151 558 1182 sera,
588 1138 716 1172 delevi.
751 1139 808 1172 W
802 1135 847 1180 r)

259 1247 346 1288 Ital.
372 1247 449 1296 IX,
480 1248 596 1288 396.:
641 1245 832 1295 ‚,silicem,
863 1257 982 1296 quem

259 1305 462 1343 montibus
501 1304 590 1342 altis
623 1303 849 1354 Depulerac
889 1309 979 1341 tor-

257 1376 359 1401 rens.
370 1364 395 1385 “s
421 1359 509 1415 Sp.)
567 1363 635 1402 26.
679 1360 860 1401 Vibarna
884 1366 980 1399 sunt

256 1419 410 1459 fruticis
427 1433 457 1457 s.
476 1419 640 1471 virgulti
654 1432 775 1470 genus
791 1416 923 1456 flexile
938 1425 979 1457 et

255 1478 409 1516 lentum
420 1477 463 1515 in
473 1477 653 1529 saepibus
675 1476 849 1526 obvium,
861 1476 978 1515 vien-

257 1535 316 1574 dis
330 1535 370 1573 11.
380 1535 547 1587 ligandis
561 1534 754 1574 fasciculis
770 1535 879 1573 utile.
895 1534 979 1574 vid.

256 1593 397 1632 Cerda.
460 1595 505 1633 V
500 1595 629 1642 iome,
676 1594 746 1632 W
740 1592 975 1642 ald-Rebe,

255 1652 377 1689 Klein
386 1650 639 1688 Melzlbaam.
660 1650 786 1688 Aiunt
804 1662 885 1688 esse
900 1652 946 1690 V
940 1653 980 1688 ι’-

256 1708 422 1746 harnam
431 1709 625 1746 Lantana
636 1709 687 1746 L.
693 1706 846 1761 (Vossio
858 1708 979 1747 etiam

258 1765 546 1817 Sclzlingbaam
566 1795 577 1815 ,
642 1768 713 1805 W
706 1766 973 1818 egesclzlinge‚

257 1822 486 1862 Faalhaum
511 1823 669 1862 dicitur.
705 1825 775 1863 W
767 1822 815 1878 r.)

313 1883 381 1922 28.
439 1881 643 1930 Libertas,
705 1880 745 1920 11.
779 1881 977 1920 libertatis

257 1938 494 1976 obtinendae
525 1952 611 1991 spes
646 1952 692 1977 ac
726 1939 976 1979 desiderium.

256 1996 311 2034 Ut
331 1995 431 2034 nihil
453 1996 501 2034 de
518 1997 661 2049 ineptis
679 1996 798 2036 hujus
816 1998 895 2037 loci
909 1999 977 2036 in-

255 2054 606 2106 te1pretat10n1bus
630 2055 826 2106 dicamus,
877 2070 975 2107 quas

253 2111 337 2164 ipse
365 2112 551 2151 Burman.
578 2114 778 2164 sequitur,
832 2127 975 2165 quam-

255 2183 374 2221 quam
409 2171 480 2208 vix
522 2171 654 2209 omnia
687 2171 740 2209 ad
775 2171 973 2223 liquidum

253 2227 419 2280 perduci
449 2235 637 2280 possunt,
687 2229 812 2268 verba
837 2236 973 2269 tamen

254 2285 410 2324 nullum
440 2286 560 2324 alium
594 2299 751 2325 sensum
781 2289 973 2341 suppedi-

252 2348 355 2392 tant,
380 2357 497 2394 quam
516 2343 642 2382 hunc:
672 2345 835 2396 Tityrus
850 2347 973 2386 intel-

251 2399 431 2451 ligendus
459 2408 519 2439 est
543 2415 622 2439 esse
652 2403 791 2453 aliquis
820 2417 870 2442 ex
887 2418 972 2443 ser-

251 2458 326 2507 vi3‚
353 2472 523 2510 quorum
536 2460 705 2499 Romani
719 2467 880 2499 tantum
894 2477 972 2501 nu-

251 2528 406 2554 merum
419 2517 461 2555 in
478 2517 609 2555 fundis
627 2519 706 2556 suis
723 2525 764 2557 et
779 2520 878 2570 agris
894 2519 971 2558 ha—

250 2573 412 2623 bebant,
432 2575 574 2625 quibus
591 2576 671 2614 sive
688 2590 872 2628 agrorum
888 2578 971 2617 sive

249 2631 451 2684 pecudum
501 2646 597 2670 cura
643 2635 833 2672 mandata
872 2642 970 2675 erat.

250 2688 340 2728 Hoc
370 2696 578 2742 pastorum
608 2705 728 2741 genus
759 2693 837 2731 isto
864 2699 970 2732 tem-

248 2760 366 2800 pore,
413 2761 492 2799 quo
526 2748 745 2786 latifundiis
779 2759 973 2803 occupata

249 2811 337 2844 erat
369 2805 504 2854 Italia,
561 2807 662 2844 conf.
695 2807 899 2847 Plutarch.
928 2809 971 2847 in

249 2862 418 2904 Gracch.
446 2876 532 2916 pag.
569 2865 651 2905 828
669 2862 714 2902 A.
735 2862 901 2917 Appian.
922 2867 971 2904 de

248 2920 291 2960 B.
312 2921 395 2961 civ.
414 2920 454 2970 I,
485 2934 518 2959 0.
538 2922 585 2970 7,
614 2934 687 2973 per
712 2935 869 2961 omnem
886 2924 969 2962 Ita—

206 3030 209 3033 .
247 2978 339 3019 liam
361 2985 447 3019 erat
471 2979 842 3030 frequentissimum.
890 2983 969 3020 Ne·-

1039 1256 1117 1295 que
1149 1244 1249 1283 alius
1286 1242 1477 1296 Corydon
1512 1243 1594 1283 Ecl.
1623 1244 1679 1294 Π,
1730 1247 1766 1286 1.

1039 1303 1145 1340 Sunt
1164 1301 1327 1354 quidem
1353 1307 1394 1341 et
1414 1302 1524 1354 apud
1542 1301 1709 1342 Theocr.
1732 1302 1768 1342 V

1039 1360 1224 1398 Comatas
1242 1366 1283 1398 et
1302 1360 1455 1410 Lacon,
1484 1365 1658 1412 uterque
1679 1373 1766 1399 ser-

1035 1418 1126 1457 vilis
1143 1417 1405 1469 conditionis5
1422 1431 1663 1470 quamquam
1680 1419 1767 1458 aliis

1034 1475 1078 1514 in
1099 1476 1197 1515 locis
1215 1476 1290 1529 ipsi
1308 1475 1460 1515 domini
1477 1489 1639 1529 gregum
1654 1476 1767 1528 loqui

1036 1539 1078 1572 et
1098 1548 1238 1573 canere
1255 1534 1502 1586 intelligendi
1519 1540 1627 1574 sunt.
1686 1534 1767 1573 Sed

1034 1592 1078 1630 in
1095 1592 1212 1632 Italia
1230 1592 1372 1642 villici,
1404 1598 1446 1631 et
1465 1592 1706 1644 quicumque
1722 1593 1767 1631 in

1036 1650 1137 1702 agris
1157 1656 1298 1700 essent,
1318 1664 1402 1689 non
1416 1650 1530 1689 facile
1549 1650 1625 1689 alia
1644 1662 1765 1702 quam

1034 1708 1169 1747 servili
1210 1708 1440 1747 conditione
1477 1713 1550 1747 aut
1586 1708 1764 1748 libertini

1031 1766 1152 1805 fuisse
1171 1767 1375 1806 videntur.
1414 1766 1496 1815 Qui
1510 1765 1693 1806 homines
1712 1781 1764 1808 an

1032 1830 1142 1863 recte
1161 1825 1203 1863 in
1214 1824 1425 1878 pastoritio
1448 1824 1634 1875 carmine,
1652 1825 1764 1877 quod

1033 1882 1211 1922 sensibus
1233 1882 1382 1921 nostris
1403 1882 1461 1921 nil
1478 1888 1763 1935 praeterquam

1033 1941 1349 1979 amoenissimam
1375 1954 1573 1993 quamque
1599 1947 1640 1979 et
1667 1955 1762 1980 sua-

1031 1999 1233 2039 vissimam
1250 1999 1360 2038 vitae
1388 1999 1562 2038 rusticae
1590 1999 1762 2052 speciem

1032 2056 1220 2096 exhibere
1245 2057 1376 2107 debet,
1408 2071 1430 2094 a
1450 2063 1570 2110 poeta
1592 2056 1762 2096 excitari

1031 2116 1259 2168 potuerint,
1319 2129 1430 2154 nunc
1457 2129 1540 2154 non
1573 2115 1760 2168 disl‘Jut03

1029 2173 1101 2211 sed
1118 2174 1147 2212 ii
1164 2173 1366 2223 homines,
1407 2173 1440 2211 si
1469 2173 1669 2226 pequium
1687 2173 1761 2212 sibi

1030 2232 1125 2270 satis
1144 2245 1332 2284 magnum
1357 2237 1589 2285 parassent,
1627 2232 1758 2284 pretio

1031 2289 1200 2328 dominis
1232 2290 1364 2328 soluto
1394 2290 1437 2328 in
1463 2289 1691 2328 libertatem
1718 2303 1759 2327 se

1028 2348 1234 2387 vindicare
1250 2353 1451 2401 poterant.
1480 2346 1587 2386 Nota
1603 2361 1680 2397 res,
1709 2347 1759 2385 de

1029 2419 1109 2457 qua
1136 2420 1253 2444 nemo
1278 2406 1391 2445 facile
1423 2405 1592 2445 dubitet.
1651 2406 1758 2444 Sub-

1027 2464 1275 2503 ministravit
1314 2470 1450 2503 tamen
1492 2464 1556 2503 vir
1596 2459 1757 2503 doctiss.

1027 2523 1314 2561 auctoritatem
1332 2522 1453 2575 Lipsii
1468 2522 1521 2560 ad
1540 2522 1632 2560 Tac.
1649 2521 1756 2571 XIV,

1026 2579 1095 2622 42.
1124 2581 1314 2619 Burman.
1344 2580 1398 2618 ad
1414 2580 1575 2618 Petron.
1598 2579 1674 2628 75,
1716 2586 1758 2618 et

1026 2638 1146 2677 Ovid.
1168 2638 1317 2687 Α111.Ι,
1349 2640 1396 2687 8,
1429 2640 1495 2679 63.
1527 2638 1574 2676 cs.
1599 2636 1756 2690 Apulei.

1027 2695 1122 2735 Met.
1144 2696 1255 2746 VIII,
1285 2695 1353 2738 43.
1402 2695 1487 2734 Iam
1510 2695 1652 2734 iisdem
1676 2694 1755 2733 ho·-

1027 2754 1219 2804 minibm,
1250 2767 1360 2793 nunc
1375 2754 1528 2792 libertis
1547 2753 1649 2803 suis,
1679 2752 1755 2791 he-

1026 2825 1097 2850 rus
1116 2818 1278 2865 poterat
1301 2825 1436 2864 greges
1455 2825 1547 2850 suos
1568 2811 1755 2850 commit-

1027 2875 1125 2918 tere,
1157 2876 1268 2909 certa
1282 2869 1466 2910 mercede
1486 2869 1595 2908 dicta
1604 2884 1620 2919 3·
1642 2869 1755 2908 unde

1027 2933 1207 2977 pastores
1226 2928 1492 2967 mercenarios
1510 2933 1754 2966 memoratos

1025 2983 1198 3035 legimus.
1258 2987 1435 3039 Tityrus,
1465 2986 1533 3037 qui
1552 2998 1625 3039 per
1645 2986 1753 3025 mul-
