1734 3320
118 226 223 274 662

452 220 509 270 P.
555 217 914 271 VIRGILII
948 216 1323 270 MARONIS

122 346 417 402 Caeruleus
438 350 697 412 ProteUS,
738 360 1001 412 magnum
1027 345 1121 415 qui
1142 344 1380 415 piscibus
1408 360 1617 414 aequor

168 491 240 528 388
264 487 330 537 q'ui
354 487 532 538 passibus·
558 484 696 523 Zulich.
752 485 920 535 piscibus
946 487 1050 522 nimis
1078 493 1188 523 tenue
1221 493 1259 522 et
1287 486 1379 522 exile
1410 499 1489 522 esse
1513 487 1668 524 videtur.

119 538 259 582 Miror,
284 536 489 580 Heinsium,
515 536 576 583 qui
602 535 714 570 toties
738 536 880 582 pis-tres
905 535 963 569 vel
983 536 1160 584 pistrices
1179 535 1338 579 induxit,
1377 535 1417 570 h.
1434 535 1460 570 l.
1479 547 1553 570 non
1572 535 1671 571 idem

120 593 290 621 tentasse.
335 584 474 620 Saltem
504 589 665 630 praestat
683 581 872 630 pistribus
900 582 959 617 vel
981 581 1178 630 pri-stibus.
1212 582 1373 639 (Minime
1402 582 1671 618 sollicitandum

116 632 302 682 piscibus-3
329 631 430 679 quasi
461 643 534 666 non
555 630 663 665 etiam
682 629 802 675 magni
826 636 947 664 essent
967 630 1107 676 pisces!
1139 631 1414 677 Comnngendus
1433 637 1671 667 autemuter-

121 693 189 727 que
216 692 339 715 versus
367 680 438 723 ita,
481 686 521 714 ut
550 678 633 724 equi
663 676 793 711 marini
817 677 1096 724 descriptionem
1124 678 1326 721 contineat,
1359 679 1541 713 anteriore
1566 686 1671 725 parte

123 740 270 776 equum,
294 727 500 775 posteriore
519 725 656 774 piscem
672 725 882 768 referentis3
908 732 947 760 et
964 724 1016 760 sic
1034 725 1113 773 ipse
1133 725 1294 773 Heynius
1307 725 1346 760 in
1364 726 1454 761 Not.
1481 726 1579 773 Wr.)

122 847 217 899 ubi,
256 853 514 887 monstrante
538 844 734 896 Idothea,
781 845 873 885 Me-

122 907 266 947 nelaus
283 906 326 945 in
346 905 504 957 Pharo,
536 903 710 959 Aegypti
726 904 873 956 insula,

124 965 268 1005 eodem
296 964 421 1004 modo
439 965 589 1005 Protea
618 963 872 1017 adgreditur,

125 1037 177 1064 ex
196 1035 326 1075 eoque
347 1023 507 1063 reditus
531 1022 574 1062 in
590 1023 767 1076 patriam
785 1023 875 1062 sor—

128 1089 278 1122 tunam
298 1082 494 1135 exquirit.
523 1082 680 1121 Fabula
701 1081 753 1121 de
767 1083 876 1120 Pro-

128 1150 188 1180 teo
215 1154 267 1179 ex
285 1140 473 1195 Aegypto
499 1139 632 1180 *ducta
657 1139 771 1179 haud
791 1139 874 1179 du-

124 1200 213 1250 bie;
254 1199 369 1239 sedes
401 1199 487 1239 eius
515 1199 626 1253 apud
645 1199 874 1239 Homerum

127 1258 179 1297 ad
210 1256 393 1298 Pharum
427 1258 627 1310 insulam,
662 1258 705 1297 in
731 1258 874 1297 littore

126 1323 217 1356 tum
243 1316 424 1369 deserto;
459 1316 561 1356 hinc
583 1317 627 1357 in
649 1316 873 1370 Carpathio

128 1376 322 1427 AVeptani
338 1378 530 1429 gurgite,
563 1375 605 1415 h.
627 1376 743 1427 mari,
775 1389 874 1415 ver-—

126 1439 241 1473 satur
292 1432 419 1489 (nam
461 1433 690 1488 Carpathos
740 1433 876 1473 insula

127 1492 311 1547 Aegypto
340 1494 514 1534 obversa
543 1492 642 1548 est);
680 1493 751 1532 sed
773 1493 876 1532 alte-

126 1565 222 1592 rum
259 1551 366 1591 illud
386 1582 398 1604 ,
446 1552 560 1605 quod
603 1552 873 1603 Emathiam,

131 1611 215 1650 late
241 1609 283 1651 h.
316 1610 344 1651 l.
376 1611 530 1651 dictam
546 1642 557 1662 ,
589 1617 631 1650 et
656 1612 872 1661 Pallenen,

129 1675 446 1724 procurrentem
477 1669 589 1709 illam
615 1669 877 1709 Macedoniae

129 1729 175 1768 in
208 1729 384 1768 formam
423 1729 660 1782 peninsulae
699 1734 876 1782 partem,

129 1801 207 1841 pro
232 1789 378 1840 patria
405 1788 442 1826 ei
473 1788 670 1840 assignat,
708 1787 790 1827 hoc
811 1788 876 1827 sa-

128 1846 229 1887 bula
266 1846 402 1898 aliqua
442 1846 673 1898 antiquiore
712 1846 875 1896 nititur,

131 1904 240 1945 conf.
268 1903 311 1944 h.
336 1905 362 1943 l.
383 1905 596 1956 Servium3
630 1918 735 1957 quae
754 1905 876 1944 etiam

131 1962 396 2017 Lycophroni
426 1961 542 2003 Alex.
577 1963 659 2006 115
673 1977 759 2016 sqq.
790 1976 879 2002 me-

131 2027 331 2062 moratur.
359 2021 444 2062 vid.
477 2020 667 2076 Apollod.
695 2022 753 2073 H,
774 2022 814 2072 5,
837 2025 877 2073 9,

133 2087 173 2121 et
191 2081 319 2120 Notas
340 2094 382 2133 p.
406 2081 505 2124 385.
566 2080 692 2120 Forte
709 2080 794 2120 fuit
809 2080 880 2119 illa

133 2154 186 2180 ex
202 2138 353 2179 >sabulis
383 2138 573 2193 Orphicis
601 2153 700 2178 mox
726 2140 771 2179 in
791 2139 880 2178 He-

131 2198 278 2239 raclias
298 2198 474 2250 adscita3
503 2212 601 2237 nam
618 2198 816 2238 Hercules
832 2198 879 2237 in

133 2258 182 2297 iis
203 2257 304 2297 locis
323 2257 461 2296 Protei
479 2257 585 2296 filios
605 2257 767 2308 occidit,
798 2271 880 2310 quo

134 2322 292 2370 spectat
321 2316 598 2369 fragmentum
633 2316 882 2356 narrationis

136 2375 249 2429 apud
280 2373 469 2414 Eustath.
506 2389 546 2428 p.
573 2377 672 2425 686,
698 2373 756 2417 24
797 2390 882 2428 φο-

137 2432 376 2476 νευθέντων
418 2431 463 2474 δὲ
501 2435 586 2474 τῶν
625 2434 791 2475 παίδων
824 2433 884 2484 εἰς

136 2490 236 2547 ὅρος
254 2489 464 2549 Θρᾳκικὸν
483 2488 674 2534 ''Ham-ov
706 2487 882 2547 ἄναβοῖς,

135 2548 247 2605 ἤπυε
285 2554 406 2601 θεοῖς
450 2545 788 2604 ἀποκαταστῆναι
827 2550 886 2600 εἰς

136 2609 366 2663 Αἴγυπτον.
427 2608 632 2662 Orphicae
657 2615 794 2648 autem
820 2609 886 2649 fa-

136 2667 260 2707 bulae
289 2667 343 2706 ad
369 2666 458 2705 illas
485 2667 662 2706 maxime
680 2673 886 2708 terrarum

137 2732 278 2781 partes
318 2731 517 2779 spectant.
578 2726 756 2765 Omnino
793 2726 887 2766 Pie-

137 2785 244 2825 riam
277 2790 319 2823 et
346 2783 501 2824 vicinas
529 2790 687 2838 partes,
719 2791 760 2823 et
778 2785 886 2824 inter

139 2843 215 2883 has
236 2843 461 2894 Pallenen,
496 2843 652 2895 aliquot
684 2843 886 2895 antiquis-

139 2902 338 2941 simarum
357 2901 587 2941 fabularum
598 2901 808 2956 propriam
821 2915 887 2940 se-

142 2960 237 3000 dem
257 2973 362 3011 esse,
403 2960 482 3000 alio
514 2960 604 3000 loco
626 2960 887 3014 exposuimus

141 3018 221 3074 (de
253 3018 404 3059 Musar.
435 3019 547 3072 relig.
584 3018 748 3072 eiusque
791 3019 888 3072 orig.

935 848 1048 889 1766
1065 846 1355 887 commentatt.
1373 847 1464 889 Vol.
1482 846 1585 899 VIII,
1606 848 1674 888 in-

931 912 997 945 ter
1034 903 1298 958 Antiquiores
1317 935 1329 957 ,
1377 913 1419 946 et
1453 906 1593 960 Progr.
1624 907 1675 947 de

931 964 1012 1004 litt.
1051 970 1094 1003 et
1136 969 1214 1004 art.
1254 964 1409 1005 condit.
1446 964 1491 1004 in
1517 965 1608 1006 Vol.
1640 966 1676 1006 Π

933 1024 1084 1077 Opusc.
1102 1036 1192 1076 pag.
1212 1020 1340 1078 299).v
1389 1023 1584 1064 'Ceterum
1606 1024 1675 1064 illa

933 1081 1116 1122 narratio
1155 1081 1206 1120 de
1252 1081 1379 1122 variis
1420 1082 1586 1134 formis,
1629 1084 1677 1124 in

933 1155 1034 1194 quas
1070 1153 1112 1179 se
1156 1141 1465 1181 transmutabat
1505 1143 1677 1182 theus

936 1198 995 1254 (et
1021 1198 1134 1253 apud
1160 1198 1283 1250 alios,
1314 1206 1365 1239 ut
1385 1199 1676 1254 Pherecydem,

933 1257 1070 1298 Schol.
1093 1256 1301 1312 Apollonii
1322 1258 1390 1310 IV,
1418 1261 1546 1310 1396,
1583 1260 1677 1300 Ne-

931 1333 1043 1368 reus,
1075 1317 1181 1356 conf.
1204 1315 1397 1370 Apollod.
1422 1317 1470 1369 11,
1511 1317 1553 1368 5,
1589 1314 1677 1377 11),

932 1376 1129 1429 originem
1148 1375 1300 1415 habere
1317 1376 1486 1417 videtur
1508 1389 1560 1415 ex
1577 1390 1679 1431 poe-

932 1435 986 1475 tis
1005 1434 1310 1488 cosmogonicis,
1338 1436 1411 1488 qui
1426 1448 1569 1475 rerum
1591 1436 1679 1475 ori-

932 1494 1044 1548 gines
1071 1494 1154 1533 suis
1174 1493 1422 1534 carminibus
1443 1494 1678 1546 tradebant,

934 1560 977 1593 et
1005 1566 1155 1605 aquam
1187 1552 1373 1593 omnium
1399 1566 1541 1593 rerum
1558 1553 1678 1607 prin-

935 1612 1089 1666 cipium
1125 1611 1354 1665 ponebant,
1396 1612 1511 1652 cuius
1538 1619 1680 1652 trans-

933 1670 1200 1711 formationes
1221 1670 1263 1709 in
1279 1670 1438 1724 reliqua
1456 1684 1681 1726 corporum

933 1743 1082 1783 genera
1105 1760 1116 1780 ,
1159 1729 1293 1782 ignem
1312 1760 1324 1781 ,
1372 1742 1507 1770 aerem
1544 1727 1680 1784 (conf.

934 1789 1006 1828 inf.
1028 1788 1126 1831 409.
1148 1786 1276 1843 410),
1308 1794 1350 1827 et
1365 1789 1439 1828 rel.
1456 1789 1682 1844 symbolica

934 1847 1014 1886 ista
1034 1846 1172 1886 sabula
1199 1847 1471 1900 exponebant.
1530 1847 1683 1887 Eadem

936 1905 1005 1944 alii
1022 1911 1233 1958 tamquam
1253 1919 1341 1944 rem
1358 1912 1513 1959 gestam
1532 1920 1682 1947 narra-

937 1970 1052 2005 runt.
1129 1964 1188 2002 De
1222 1964 1372 2004 Proteo
1407 1965 1493 2005 vid.
1527 1964 1681 2020 Hymn-

937 2022 1107 2076 Orphic.
1135 2022 1287 2064 XXIV.
1325 2023 1407 2063 Vix
1424 2023 1563 2076 itaque
1579 2038 1683 2078 pro-

936 2081 1072 2122 babile
1102 2080 1175 2132 fit,
1213 2081 1377 2121 fabulae
1398 2082 1574 2123 fundum
1605 2083 1683 2123 ali-

937 2154 1060 2194 quem
1085 2139 1130 2178 in
1162 2152 1209 2179 eo
1230 2153 1315 2179 esse
1331 2171 1342 2191 ‚
1373 2141 1487 2193 quod
1506 2155 1582 2182 rex
1597 2143 1684 2181 <Ae-

935 2199 1053 2253 gypti
1081 2198 1247 2238 nomine
1279 2199 1450 2239 Proteus
1476 2200 1582 2252 suit,
1612 2202 1684 2254 qui

939 2263 1072 2297 artem
1096 2259 1206 2297 inter
1226 2256 1446 2312 Aegyptios
1466 2266 1606 2299 natam
1615 2266 1684 2300 te—

938 2322 1076 2356 neret:
1107 2316 1221 2369 quod
1247 2323 1367 2356 acute
1386 2318 1683 2372 suspicabatur,

938 2381 990 2416 ut
1017 2375 1095 2414 alia
1123 2375 1175 2414 de
1205 2376 1367 2419 fabulae
1398 2390 1525 2430 apum
1559 2390 1684 2431 repa-

939 2434 1166 2475 randarum
1196 2435 1366 2486 caussis,
1395 2436 1462 2476 vir
1481 2436 1685 2489 ingeniose

944 2493 1091 2532 doctus
1144 2492 1195 2532 de
1239 2494 1368 2533 Pauw
1407 2491 1685 2549 (Reehemlzes

934 2551 1279 2605 philosophiqaes
1296 2567 1368 2591 sur
1377 2552 1436 2592 les
1456 2554 1686 2607 Egyptiens

944 2611 1060 2667 Tom.
1080 2610 1112 2661 I,
1132 2624 1173 2663 p.
1196 2609 1291 2653 174.
1312 2609 1427 2665 175).

1004 2671 1104 2712 388.
1142 2670 1240 2712 389.
1279 2668 1467 2721 piscibus
1493 2676 1531 2708 et
1566 2683 1687 2708 curra

943 2726 1135 2780 bipedum
1177 2741 1370 2780 equomm
1406 2729 1564 2778 iuncto,
1609 2741 1686 2781 pro

945 2799 1073 2824 curru
1089 2784 1267 2838 piscibus
1287 2790 1329 2824 et
1345 2786 1457 2838 equis
1474 2785 1688 2839 bipedibus

945 2844 1107 2893 iuncto,
1154 2841 1198 2883 h.
1231 2842 1344 2895 equis
1388 2844 1579 2895 marinis,
1617 2843 1688 2897 qui

945 2901 1172 2955 posteriore
1190 2901 1254 2942 sui
1270 2908 1388 2955 parte
1404 2903 1449 2942 in
1468 2903 1596 2956 pisces
1614 2903 1689 2942 de-

947 2960 1148 3010 sinerent,
1179 2961 1313 3013 qualia
1345 2967 1528 3001 monstra
1550 2962 1618 3002 vel
1638 2975 1690 3001 ex

947 3019 1182 3072 vulgaribus
1222 3019 1394 3074 picturis
1429 3026 1528 3061 nota
1568 3026 1689 3071 sunt,
