1768 3320
190 197 291 233 v111
665 171 1219 229 PRAEFATIO

192 310 514 391 putabam,
559 327 766 365 omnes
790 305 1048 362 telorum
1087 301 1241 358 ictus
1270 296 1479 356 subire
1515 298 1718 371 malle,

196 410 386 468 quam
410 389 776 446 subductum
803 387 879 443 ab
907 384 1036 441 acie
1082 392 1138 438 et
1163 380 1413 459 pulvere
1456 390 1596 459 post
1637 378 1721 437 si-

196 490 315 549 gna
355 469 684 526 subsidere.
764 465 1039 523 Aliorum
1078 462 1203 518 iam
1236 460 1375 532 erit,
1416 459 1718 532 iudicare,

199 562 377 609 acuto
422 549 619 627 gladio
663 566 743 604 an
791 547 1002 602 obtuso
1045 562 1175 599 rem
1227 541 1536 620 gesserim.
1618 540 1722 598 Id-

201 652 318 708 que
373 629 696 700 iudicium,
756 627 893 684 licet
943 624 1163 681 virium
1222 640 1506 680 mearum
1560 640 1719 699 quae

201 712 276 767 sit
315 711 571 768 tenuitas
610 707 778 766 haud
816 708 1117 786 ignorem,
1164 723 1234 761 eo
1276 703 1482 760 minus
1526 722 1722 783 expa-

199 811 403 864 vesco,
466 810 582 866 quo
631 788 819 866 magis
876 786 1028 843 illud
1077 787 1283 863 fugere
1339 784 1575 857 studui,
1639 804 1719 842 ne

202 892 382 948 quem
401 871 663 950 prudens
697 869 1055 925 lacesserem
1077 865 1483 939 laederemve,
1525 868 1723 923 unum

200 952 267 1008 id
310 971 518 1029 agens,
560 962 624 1006 ut
645 949 897 1027 optimas
935 959 1089 1005 artes
1111 948 1472 1023 literasque,
1517 946 1723 1024 aqui-

201 1034 314 1090 bus
357 1033 484 1110 ipse
528 1042 583 1087 et
635 1030 913 1086 solatium
964 1029 1029 1084 in
1072 1027 1340 1085 adversis
1383 1029 1570 1085 rebus
1613 1049 1725 1109 pe-

200 1125 324 1170 tere
376 1113 534 1169 soleo
590 1122 645 1166 et
693 1109 759 1166 in
809 1109 1094 1167 secundis
1150 1121 1602 1182 ornamentum,
1670 1109 1723 1167 si

203 1213 323 1270 qua
362 1211 617 1271 possem,
660 1191 1010 1248 adiuvarem
1034 1202 1089 1246 et
1110 1209 1221 1269 pro
1244 1190 1519 1263 summis,
1563 1209 1722 1267 quae

200 1274 342 1330 inde
398 1272 476 1328 ad
524 1291 620 1328 me
673 1271 1117 1343 redundarunt,
1170 1271 1484 1329 beneficiis
1542 1271 1724 1348 quasi

199 1370 642 1424 remunerarer,
683 1353 885 1410 sinon
924 1370 1176 1428 magne,
1221 1364 1281 1410 at
1302 1364 1470 1431 grato
1513 1364 1724 1410 tamen

197 1453 463 1490 munere.
513 1431 721 1508 Itaque
746 1433 862 1490 hoc
887 1434 1165 1512 inprimis
1188 1433 1545 1491 faciendum
1565 1433 1725 1492 mihi

198 1513 431 1591 putavi,
493 1523 562 1568 ut
613 1512 954 1591 diligentius
1015 1526 1373 1572 excuterem
1443 1515 1725 1573 codicem

197 1592 562 1664 Mediceum,
621 1594 889 1652 omnium
939 1595 1537 1674 praestantissimum
1587 1595 1722 1654 iure

199 1674 413 1730 haberi
452 1674 708 1731 solitum.
788 1670 988 1753 Atque
1023 1676 1128 1734 hic
1170 1696 1297 1732 non
1336 1688 1536 1756 potest
1576 1678 1722 1735 satis

199 1754 540 1831 praedicari
576 1753 841 1834 Fogginii
881 1757 1219 1835 diligentia,
1276 1777 1466 1833 quam
1506 1758 1558 1816 is
1600 1759 1722 1817 hoc

201 1833 268 1888 in
305 1834 456 1890 libro
498 1834 651 1912 typis
694 1850 974 1895 accurate
1019 1838 1426 1896 describendo
1468 1839 1726 1919 praesti-

202 1913 286 1968 tit.
365 1914 515 1970 Nam
536 1914 844 1989 Heinsius,
888 1920 993 1995 qui
1014 1920 1216 1999 ipsum
1250 1919 1532 1978 codicem
1573 1940 1726 1979 ocu-

202 1993 274 2049 lis
316 1995 649 2073 usurpavit,
704 1998 1077 2057 festinantius
1120 2001 1187 2058 in
1230 2021 1301 2058 eo
1347 2002 1722 2060 conferendo

203 2085 468 2130 versatus
522 2087 621 2132 est.
712 2077 839 2135 Iam
889 2080 1023 2138 fieri
1083 2102 1211 2138 non
1271 2083 1503 2161 potuit,
1572 2083 1725 2161 quin

206 2151 543 2231 discrepent
602 2157 754 2214 inter
814 2180 877 2216 se
939 2161 1245 2220 interdum
1299 2163 1586 2222 Heinsius
1652 2183 1724 2223 ac

204 2230 550 2310 Fogginius,
597 2250 699 2294 aut
741 2242 1042 2315 quaedam
1085 2245 1160 2300 ab
1198 2245 1318 2301 hoc
1362 2264 1725 2324 repraesen-

204 2323 430 2383 tentur,
486 2335 742 2390 quorum
782 2323 1151 2381 notationem
1191 2326 1417 2382 frustra
1461 2345 1722 2402 quaeras

208 2393 370 2484 apud
397 2394 595 2486 illum.
675 2397 749 2455 Et
790 2415 1015 2476 quanta
1059 2417 1212 2461 esset
1235 2405 1512 2485 Fogginii
1550 2407 1723 2481 fides,

205 2470 437 2528 Hemsu
462 2489 682 2549 quanta
721 2480 1023 2540 interdum
1063 2486 1457 2564 negligentia,
1501 2507 1755 2565 quam--¹

209 2568 392 2626 quam
442 2574 559 2610 usu
608 2572 882 2636 expertus
938 2563 1301 2638 didiceram,
1352 2579 1563 2626 tamen
1616 2570 1724 2627 illa

207 2651 303 2687 res
346 2633 663 2720 sollicitum
685 2658 781 2695 me
808 2652 861 2696 et
886 2663 1243 2721 suspensum
1265 2667 1444 2728 saepe
1486 2650 1723 2708 habuit.

207 2710 415 2803 Itaque
441 2714 593 2771 nihil
612 2718 762 2801 mihi
786 2723 976 2799 magis
1004 2737 1129 2781 erat
1153 2728 1218 2784 in
1242 2731 1457 2805 optatis
1476 2774 1490 2803 ,
1535 2751 1724 2808 quam

207 2803 275 2846 ut
326 2792 572 2885 ahquiS,
633 2796 992 2860 Florentiam
1045 2806 1143 2861 cui
1196 2809 1363 2866 adire
1411 2813 1725 2890 'continge—

208 2883 326 2942 ret,
396 2892 617 2949 cuique
669 2878 786 2935 hoc
839 2884 1144 2960 negotium
1207 2902 1372 2947 recte
1424 2894 1723 2952 mandare
