1768 3320
340 225 446 274 AD
491 222 870 272 CARMINA
916 221 1331 273 BUCOLICA
1518 230 1586 277 43

187 351 410 400 *Interea
429 346 606 398 Pollio
628 347 737 397 sive
756 348 995 397 terrestri
1027 348 1219 398 itinere
1238 365 1411 415 prope
1437 367 1586 402 mare

62 417 422 483 denudem,
477 418 587 467 sive
621 417 878 468 advocato
922 418 1164 468 Domitio
1207 418 1263 467 in
1290 420 1587 481 Venetiam,

62 489 285 540 classem
324 489 440 540 eius
485 505 611 537 cum
638 490 749 539 VII.
778 487 1081 552 legionibus
1120 488 1226 538 suis
1260 489 1587 553 conscendit,

62 559 276 610 obviam
324 558 562 610 Antonio
619 558 802 608 iturus,
872 557 1215 625 Appulerunt
1263 558 1483 607 Antonii
1534 568 1590 608 et

59 629 283 690 Domitii
332 628 682 680 Ahenobarbi
737 627 927 677 classes
987 645 1162 695 prope
1205 627 1587 690 Brundusium,

59 699 155 750 ubi
186 699 324 750 duae
354 698 620 764 legioneS,
669 707 951 748 terrestres
982 698 1206 749 Domitii
1244 699 1455 765 copiae,
1507 715 1590 747 ca-

61 778 168 820 stra
192 778 346 820 erant
370 777 616 820 metatae.
687 768 1052 818 Brundusium
1083 769 1357 819 Octaviani
1397 776 1590 818 tenue-

62 848 191 890 mnt
213 880 228 905 ,
281 838 519 907 ideoque
562 839 788 889 introitu
818 848 1064 888 recusato
1110 839 1376 889 Antonius
1415 854 1590 905 oppu-

61 925 225 976 gnare
252 910 448 976 coepit.
518 908 699 959 Italiae
731 909 865 959 haec
897 917 1010 958 erat
1028 908 1294 971 conditi0‚
1336 918 1398 959 ut
1420 907 1591 959 fames

61 997 163 1049 per
191 989 364 1045 totam
395 979 603 1030 Italiam
627 980 732 1029 iam
756 996 856 1046 per
880 980 1151 1044 integrum
1172 995 1376 1028 annum
1399 988 1454 1029 et
1472 978 1590 1028 diu-

62 1051 167 1100 tius
204 1048 415 1100 fureret
454 1050 802 1111 atrocissima,
857 1066 1028 1116 quum
1064 1050 1333 1099 Domitius
1369 1049 1591 1100 Aheno-

64 1121 264 1171 barbus
300 1121 357 1170 in
386 1120 560 1183 Ioni0‚
599 1121 736 1170 Sext.
763 1119 1058 1186 Pompeius
1086 1119 1142 1169 in
1172 1118 1354 1169 Siculo
1386 1128 1440 1169 et
1459 1123 1591 1183 Tyr-

63 1190 240 1241 rheno
278 1190 415 1240 mari
451 1199 507 1239 et
541 1206 603 1240 ex
634 1188 819 1239 insulis
846 1189 1273 1240 intercluderent
1317 1206 1591 1239 commea-

63 1270 196 1312 tum.
263 1264 389 1312 Non
430 1259 608 1310 solum
633 1260 784 1324 regio
821 1260 1071 1310 Perusiae
1104 1260 1298 1321 vicina,
1354 1259 1452 1310 sed
1480 1269 1592 1309 tota

66 1341 227 1400 atque
261 1332 510 1382 universa
548 1329 697 1380 Italia
734 1347 795 1379 ex
829 1329 1088 1380 divisione
1122 1346 1375 1395 agrorum
1408 1339 1462 1379 et
1490 1333 1593 1380 Pe-

67 1402 253 1452 rusino
298 1400 450 1451 bello
503 1408 777 1450 commota
828 1408 953 1452 erat.
1034 1401 1140 1462 Qui
1181 1399 1444 1449 tumultus
1476 1408 1593 1448 tan-

66 1482 185 1522 tum
220 1471 403 1521 aberat
428 1479 489 1520 ut
522 1479 700 1520 essent
729 1470 985 1536 repressi,
1033 1479 1095 1520 ut
1126 1470 1359 1519 maiores
1388 1471 1445 1519 in
1479 1469 1593 1519 dies

66 1541 186 1592 fieri
229 1540 557 1591 viderentur.
640 1540 918 1590 Discordia
960 1541 1102 1589 inter
1140 1541 1493 1590 Octavianum
1541 1548 1597 1588 et

67 1612 364 1663 Antonium
396 1619 663 1668 creverat3
733 1611 999 1661 Antonius
1051 1611 1158 1659 iam
1210 1611 1427 1660 accessit
1471 1626 1594 1659 cum

64 1682 306 1734 Domitio
348 1690 404 1731 et
439 1680 713 1743 Pollione,
785 1680 1008 1730 navibus
1059 1689 1114 1730 et
1158 1679 1395 1729 militum
1442 1680 1595 1746 copia

70 1751 379 1803 abundante
410 1751 711 1802 instructus.
782 1750 1055 1800 Favebant
1088 1750 1137 1800 ei
1168 1749 1367 1800 milites
1403 1750 1460 1799 in
1491 1753 1595 1800 lta-

66 1823 147 1874 lia.
220 1822 513 1872 Octaviano
542 1820 703 1870 dubia
731 1819 850 1870 fere
884 1820 1029 1888 apud
1058 1819 1260 1870 multos
1300 1821 1596 1879 auctoritaS‚

68 1892 167 1943 sed
196 1891 340 1960 apud
363 1891 544 1959 plures
570 1900 715 1956 grata
744 1907 997 1956 agrorum
1018 1889 1269 1940 datorum
1304 1891 1597 1950 memoria;

70 1962 214 2030 apud
247 1963 387 2012 cives
413 1963 602 2026 ingens
636 1961 838 2013 odium.
908 1963 1099 2028 Itaque
1124 1960 1253 2011 belli
1284 1960 1442 2010 civilis
1464 1962 1598 2025 igni-

70 2032 174 2083 culi
199 2048 356 2098 aegre
379 2033 527 2095 tecti,
560 2048 742 2098 neque
765 2048 896 2081 vero
924 2031 1186 2094 restincti,
1232 2031 1286 2079 in
1319 2029 1596 2080 flammam

73 2103 314 2170 erupturi
335 2102 579 2170 proxime
600 2101 933 2154 videbantur.
974 2105 1260 2151 Praeterea
1284 2103 1598 2152 Sext.Pom-

69 2175 223 2241 peius
244 2173 515 2237 instigatus
547 2189 646 2239 per
668 2174 964 2222 Antonium
992 2189 1115 2221 cum
1150 2186 1344 2235 magna
1366 2171 1597 2220 militum

69 2261 238 2293 manu
262 2242 561 2292 Sardiniam
594 2242 759 2309 cepit,
798 2241 1030 2291 Thurios
1080 2250 1134 2291 et
1165 2242 1511 2292 Consentiam
1543 2242 1596 2290 in

69 2313 216 2364 Italia
242 2312 466 2365 obsedit.

209 2383 529 2435 Octavianus
552 2382 840 2448 Agrippam
868 2398 992 2431 cum
1010 2380 1273 2429 veteranis
1303 2381 1446 2429 misit
1469 2397 1599 2430 con-

72 2464 153 2511 tra
172 2453 485 2505 Antonium.
558 2455 740 2515 Quum
766 2467 1006 2518 pugnare
1039 2450 1287 2500 nolentes
1324 2451 1469 2515 signa
1505 2451 1599 2500 de-

74 2525 383 2586 seruissent,
434 2540 558 2572 cum
587 2523 688 2571 alio
720 2523 950 2571 exercitu
983 2522 1095 2587 ipse
1119 2520 1486 2570 Brundusium
1504 2537 1599 2587 pe-

76 2595 181 2658 tiit,
226 2594 492 2644 veteranis
517 2592 764 2659 quidem,
813 2592 978 2641 inscio
1005 2592 1327 2654 Octaviano,
1365 2600 1598 2639 statuen-

75 2663 240 2728 tibus,
286 2680 345 2713 se
375 2663 655 2713 conciliare
700 2662 838 2712 velle
880 2671 1173 2728 utrumque
1221 2660 1430 2711 ducem.
1499 2663 1600 2710 Ex-

80 2743 242 2783 eunte
253 2733 574 2799 -Septembri
602 2749 703 2799 per
740 2733 943 2799 aliquot
972 2731 1109 2795 dies,
1148 2749 1317 2798 quum
1346 2732 1453 2779 iam
1481 2729 1599 2778 uni-

78 2819 229 2852 versa
256 2803 402 2853 Italia
427 2803 557 2853 belli
577 2803 702 2852 novi
727 2803 871 2852 initia
897 2803 1139 2865 timeret,
1178 2802 1338 2850 etiam
1363 2802 1412 2851 S.
1437 2803 1600 2849 Pom-

79 2873 204 2939 peio
236 2871 520 2923 infestante
550 2873 732 2934 litora,
778 2881 997 2922 mutuae
1032 2871 1467 2938 exprobrationes
1500 2867 1600 2916 mi-

80 2943 234 2992 litum
254 2942 530 3009 utriusque
555 2943 834 3004 exercitus3
871 2942 1094 2992 tandem
1115 2940 1386 2992 Octaviani
1410 2937 1600 2987 milites
