1768 3320
337 262 342 265 Α
415 238 571 301 PER.
586 234 839 286 ANNUS*
859 233 1166 284 DIGESTA
1471 252 1558 286 cxl

631 365 694 415 U.
733 364 789 414 C.
826 367 945 415 711.

304 466 308 470 ⁶
374 473 427 521 C.
472 471 636 519 Vibius
670 472 852 518 Pansa.
922 469 984 519 A.
1021 469 1223 516 Hirtius.

103 568 156 616 C.
194 556 351 615 Iulius
384 567 574 615 Caesar
602 566 914 613 Octavianus.
993 563 1053 628 Q.
1082 562 1267 609 Pedius
1286 558 1492 627 suffecti.

413 665 459 698 a.
490 649 542 697 C.
569 650 651 697 43.
716 648 915 711 Virgilii
936 649 1003 696 27
1016 647 1181 695 -28,

143 753 285 793 Habiti
309 753 352 793 in
379 753 471 793 Iulii
493 753 672 792 Caesaris
698 751 898 792 honorem
925 750 1033 801 ludi,
1075 750 1119 789 in
1148 746 1374 788 dedicando
1393 746 1562 785 Veneris

28 811 244 853 Genitricis
270 812 442 866 templo;
482 825 558 851 nec
586 818 720 850 tamen
749 817 843 850 ante
871 809 1052 849 medium
1083 807 1338 856 Ianuarium,
1373 818 1466 844 cum
1492 805 1562 843 Sol

25 872 70 911 in
97 871 344 924 Capricorno
373 876 493 910 esset:
535 870 648 922 quod
678 870 787 909 idem
814 870 974 921 signum
1002 867 1137 906 natale
1163 864 1335 917 Augusti
1362 870 1470 903 erat:
1511 864 1560 902 cs.

26 930 77 968 de
95 931 273 968 Mairan
298 929 341 968 in
361 929 489 982 Epist.
519 929 573 967 ad
597 929 708 968 Com.
742 928 792 967 de
824 927 972 981 Caylus
992 939 1113 979 super
1140 938 1296 978 gemma
1320 937 1413 962 cum
1430 921 1561 961 horo—

27 988 150 1042 scopo
174 987 367 1040 Augusti:
404 988 448 1026 in
487 987 636 1040 Opusc.
704 987 751 1026 In
793 985 858 1026 his
896 985 1004 1025 ludis
1034 984 1150 1023 stella
1179 983 1328 1023 crinita
1354 982 1561 1035 apparuit:

5 1083 7 1087 ,
27 1046 110 1088 Ecl.
128 1045 201 1096 IX,
231 1045 289 1089 47
305 1048 411 1085 Ecce
430 1047 614 1085 Dionaei
625 1047 823 1097 processit
845 1045 1031 1083 Caesaris
1048 1051 1201 1082 astrum
1215 1073 1225 1091 ‚
1259 1040 1331 1080 ubi
1351 1054 1391 1080 v.
1411 1039 1504 1078 Not.

141 1104 300 1144 Bellum
321 1104 569 1155 Mutinense,
598 1118 699 1156 quo,
731 1117 824 1143 cum
843 1109 975 1142 totam
996 1102 1168 1140 Galliam
1189 1099 1443 1152 Cisalpinam,
1472 1104 1563 1137 tum

28 1175 170 1217 agrum
197 1162 490 1214 Mantuanum,
540 1162 722 1214 adeoque
750 1161 904 1214 Virgilii
932 1160 1199 1214 possessiones
1235 1158 1355 1198 valde
1393 1156 1564 1196 afflictas

27 1223 148 1263 fuisse
170 1234 329 1277 necesse
347 1227 420 1261 est.
479 1221 546 1260 Ad
576 1220 680 1260 haec
705 1227 890 1273 tempora
916 1219 1114 1272 respicere
1138 1218 1303 1257 videtur
1323 1216 1444 1255 Silius
1458 1215 1561 1265 VIII,

29 1282 116 1325 589
146 1281 194 1321 V
188 1295 232 1319 os
256 1281 380 1320 etiam
394 1311 405 1330 ,
449 1282 611 1319 accisae
645 1279 927 1332 desolataeque
962 1280 1157 1327 virorum,
1195 1276 1375 1315 Eridani
1402 1282 1558 1327 gentes.

0 1348 3 1351 ⁴
27 1339 93 1379 Ex
120 1337 159 1378 V
177 1339 268 1379 Kal.
294 1338 503 1378 Decembr.
536 1337 591 1377 M.
622 1337 819 1391 Lepidus,
849 1336 904 1376 M.
933 1335 1162 1385 Antonius,
1203 1335 1245 1374 C.
1272 1334 1418 1372 Caesar
1436 1332 1563 1371 Octa-

27 1397 194 1448 vianus,
233 1397 488 1437 Triumviros
513 1396 612 1450 reip.
644 1395 950 1435 constituendae
980 1395 1023 1433 in
1061 1393 1239 1446 quinque
1268 1406 1396 1431 annos
1429 1404 1470 1430 se
1494 1403 1564 1430 re-

28 1455 241 1505 nuntiant,
270 1456 594 1509 proscriptorum
624 1454 785 1493 tabulas
813 1458 1072 1507 proponunt,
1103 1452 1211 1490 inter
1239 1464 1340 1504 quos
1368 1464 1402 1489 a.
1433 1449 1473 1489 d.
1491 1448 1565 1488 VII

28 1514 88 1554 Id.
110 1514 202 1554 Dec.
219 1514 358 1554 Cicero
381 1514 594 1553 occiditur.

149 1573 193 1612 In
213 1573 518 1626 prox³inciarum
542 1571 850 1621 distributione,
889 1584 981 1609 cum
1002 1568 1197 1618 Africam,
1239 1567 1434 1616 Siciliam,
1466 1567 1564 1604 Sar-

31 1629 186 1685 diniam
215 1630 469 1683 reliquasque
498 1630 584 1669 eius
604 1630 727 1669 maris
753 1629 906 1668 insulas
937 1630 1081 1667 Caesar
1099 1626 1371 1675 Octavianus,
1414 1624 1565 1677 Hispa-

31 1691 118 1730 nias
138 1703 231 1729 cum
254 1686 385 1729 Gallia
403 1688 654 1728 Narbonensi
672 1687 848 1741 Lepidus
860 1718 871 1737 ,
901 1687 1077 1739 reliquas
1096 1686 1243 1724 Gallias
1262 1683 1466 1723 Antonius
1488 1683 1566 1722 ob-

29 1748 238 1798 tinuisset,
279 1748 363 1788 vid.
393 1747 566 1801 Appian.
598 1746 713 1786 Civil.
737 1747 804 1796 IV,
831 1760 920 1799 pag.
945 1747 1042 1788 953.
1070 1743 1175 1794 954,
1207 1757 1300 1795 ager
1315 1742 1564 1782 Mantuanus

30 1807 85 1847 M.
116 1804 285 1858 Antonii
316 1806 417 1845 sorti
457 1811 690 1844 accesserat.
748 1805 915 1843 Miserat
942 1803 1012 1842 hic
1038 1803 1081 1842 in
1109 1802 1184 1841 has
1219 1809 1350 1841 terras
1379 1800 1563 1839 Asinium

0 1895 8 1917 ,χ
30 1864 274 1915 Pollionem,
314 1866 383 1917 qui
404 1878 532 1916 usque
553 1863 606 1902 ad
625 1878 659 1903 a.
677 1863 763 1907 714
784 1863 954 1902 Galliam
975 1861 1218 1915 Cisalpinam
1241 1861 1286 1899 in
1301 1859 1467 1898 Antonii
1483 1858 1564 1897 fide

31 1924 245 1963 continuit.
285 1923 335 1962 cf.
351 1923 422 1962 inf.
444 1923 497 1962 ad
511 1924 608 1965 713.

7 2008 9 2010 -
149 1981 216 2021 Ad
231 1980 344 2021 hunc
369 1996 494 2035 porro
524 1995 677 2020 annum
695 1980 990 2018 Palaemonem
1009 1978 1197 2030 Eclogam
1226 1976 1282 2015 III
1310 1977 1435 2015 refert
1451 1975 1564 2014 Mar-

31 2040 145 2080 tinus
176 2038 292 2095 (Life
324 2040 379 2091 os
402 2038 557 2093 Virgil)
589 2053 627 2093 p.
649 2038 777 2077 XLIV
802 2043 843 2076 et
878 2035 927 2075 ad
958 2037 1041 2075 Ecl.
1060 2036 1108 2085 V,
1140 2038 1209 2085 86,
1241 2035 1432 2087 quoniam
1451 2035 1494 2073 in
1517 2047 1564 2071 ea

32 2099 159 2139 Pollio
183 2104 221 2137 et
248 2098 404 2151 primus
432 2104 474 2137 et
500 2098 609 2136 solus
638 2103 782 2151 poetae
808 2095 998 2134 laudibus
1032 2100 1216 2133 ornatur.
1276 2094 1339 2132 Ex
1363 2093 1429 2143 iis,
1461 2105 1564 2144 quae

33 2157 159 2197 modo
180 2157 289 2196 dicta
308 2162 428 2207 sunt,
460 2156 733 2195 coniecturam
754 2153 1035 2207 elegantissimi
1054 2153 1131 2192 viri
1153 2152 1300 2203 alioqui
1321 2151 1564 2190 levissimam

34 2216 198 2255 firmare
212 2215 361 2268 possis,
393 2221 500 2254 certe
517 2213 598 2253 hoc
617 2214 858 2267 impetrare,
888 2218 1048 2251 mature
1069 2212 1111 2250 in
1131 2210 1257 2249 Asinii
1275 2210 1466 2249 Pollionis
1485 2223 1564 2248 no—

35 2274 170 2314 titiam
190 2273 347 2314 venisse
363 2281 524 2327 poetam
536 2303 547 2323 ‚
579 2287 671 2312 cum
687 2273 720 2311 is
738 2285 812 2325 per
830 2284 895 2309 eos
919 2284 1046 2308 annos
1064 2270 1107 2308 in
1126 2269 1203 2308 illis
1226 2269 1363 2307 Italiae
1379 2268 1567 2322 partibus

37 2333 210 2386 degeret.
271 2332 353 2371 Cur
371 2331 473 2370 mihi
490 2332 600 2370 inter
617 2332 747 2384 prima
770 2335 912 2382 poetae
939 2329 1162 2367 tentamina
1189 2326 1404 2366 referenda
1421 2326 1567 2366 videa—

35 2397 108 2430 tur
121 2391 267 2444 Ecloga
287 2390 353 2440 ΙΙΙ,
383 2403 429 2428 ea
448 2396 509 2428 est
528 2403 665 2428 caussa
678 2420 689 2439 ,
730 2387 842 2440 quod
873 2387 1090 2426 iuvenilem
1108 2385 1414 2425 meditationem
1431 2391 1473 2423 et
1492 2398 1566 2436 ei<-

36 2449 313 2489 ercitationem
345 2462 428 2487 non
457 2449 626 2487 obscure
657 2447 818 2501 prodit3
855 2451 917 2484 est
945 2445 1050 2484 enim
1078 2459 1129 2484 ex
1145 2444 1394 2484 Theocriteis
1413 2442 1567 2496 Idylliis

35 2507 150 2561 Νγεῒ
168 2507 206 2547 V
223 2508 343 2546 unice
368 2520 563 2546 conversa
581 2512 653 2545 aut
670 2505 924 2544 adumbrata.

93 2556 196 2608 Iulio
215 2565 373 2605 Caesari
392 2565 601 2617 Virgilium
619 2563 844 2603 innotuisse
865 2568 906 2600 et
922 2575 1063 2601 carum
1090 2560 1230 2609 fuisse,
1264 2573 1316 2599 ex
1333 2560 1416 2599 Ecl.
1438 2559 1484 2610 V,
1509 2558 1566 2602 52

38 2624 197 2662 amavit
219 2639 292 2662 nos
322 2637 478 2675 qaoque
505 2623 724 2674 Daphnis,
765 2620 1044 2670 contendunt3
1083 2618 1337 2672 Daphnidem
1368 2618 1473 2657 enim
1494 2617 1566 2656 Iu-

36 2681 137 2726 lium
157 2682 364 2721 Caesarem
388 2694 469 2719 esse
495 2681 653 2719 volunt.
693 2680 743 2719 cf.
767 2678 866 2718 ibid.
894 2684 1132 2731 argument„
1165 2677 1263 2716 item
1282 2677 1504 2716 Martinum
1523 2675 1565 2712 in

38 2739 132 2778 Vita
149 2739 286 2792 Virgil.
308 2753 347 2791 p.
368 2739 570 2789 XXXIV,
610 2745 650 2776 et
682 2738 735 2776 ad
754 2738 835 2777 Ecl.
854 2737 902 2786 V,
933 2737 1001 2779 52.
1060 2736 1171 2774 Idem
1202 2735 1268 2774 vir
1298 2735 1442 2773 doctus
1469 2746 1566 2771 ver-

40 2810 130 2835 sum
156 2797 270 2835 illum
296 2797 347 2835 ad
374 2797 556 2835 studjum
583 2796 763 2835 Caesaris
795 2796 838 2834 in
870 2795 1114 2834 Mantuanos
1144 2793 1367 2843 referebat,
1406 2791 1564 2843 quibus,

42 2868 135 2892 cum
160 2855 301 2894 ceteris
320 2855 472 2893 Galliae
492 2855 805 2908 Transpadanae
831 2853 1023 2903 urbibus,
1055 2852 1261 2892 civitatem
1289 2865 1381 2890 eum
1410 2849 1565 2888 dedisse

40 2918 239 2951 memorat
254 2912 330 2950 Dio
350 2913 451 2963 XLI,
483 2915 551 2955 36.

155 2969 306 3021 Lepida
322 2970 690 3009 Grammaticorum
713 2969 850 3009 sabula
871 2974 933 3007 est
960 2968 1009 3006 de
1029 2967 1172 3019 Ecloga
1199 2972 1316 3004 sexta
1343 2967 1385 3003 in
1413 2963 1564 3001 theatro

42 3042 71 3066 a
93 3026 300 3080 Qythericle
330 3028 457 3066 mima
486 3036 678 3079 cantata,
722 3041 845 3080 quam
871 3040 964 3065 cum
993 3026 1131 3064 Cicero
1163 3024 1343 3073 audiret,
1381 3032 1565 3072 magnam
