1768 3320
152 237 258 285 212

481 232 537 281 Ρ.
574 230 860 282 VIRGIL
876 229 936 277 ΙΙ
976 225 1349 277 MARONIS

152 359 336 426 Incipe
358 357 651 408 Maenalios
668 371 910 415 mecum,
947 370 1071 403 mea
1098 353 1247 418 tibia,
1283 369 1480 404 versus

150 433 307 481 Nunc
331 437 385 478 et
407 428 520 478 ovis
542 427 686 477 ultro
713 424 875 490 fugiat
893 423 1076 490 lupusg
1116 440 1274 474 aurea
1294 422 1459 474 durae

150 499 288 551 Mala
304 497 481 549 ferant
502 513 753 565 quercus3
792 494 1025 543 narcisso
1043 492 1237 544 floreat
1260 493 1436 555 alnus3

151 570 372 635 Pinguia
392 568 676 620 corticibus
694 565 892 615 sudent
915 563 1109 614 electra
1126 564 1383 629 myricae3

154 643 377 693 Certent
398 649 452 690 et
472 638 645 703 cycnis
662 635 866 695 ululae3
905 635 970 683 sit
989 635 1200 700 Tityrus
1222 633 1501 700 Orpheus3

1613 634 1681 684 55

154 710 409 778 Orpheus
429 710 482 758 in
507 708 670 771 silvis,
705 707 847 755 inter
872 704 1154 772 delphinas
1180 705 1361 756 Arion.

151 781 336 847 Incipe
357 778 648 832 Maenalios
670 793 915 839 mecum,

154 851 352 902 Omnia
370 849 455 899 vel
473 848 719 897 medium
742 844 874 895 fiant
894 863 1059 897 mare.

953 792 1076 825 mea
1094 775 1247 839 tibia,
1282 789 1482 824 versus

1130 846 1331 907 Vivite,
1369 843 1555 903 silvae3

151 925 413 987 Praeceps
435 919 558 968 aerii
579 916 793 984 specula
819 915 888 966 de
913 916 1115 966 montis
1139 916 1195 966 in
1214 914 1386 965 undas

151 990 403 1053 Deferar3
426 999 727 1040 extremum
742 986 850 1036 hoc
862 1003 1061 1037 munus
1075 986 1357 1036 morientis
1374 982 1592 1035 habeto,
1613 987 1681 1035 60

197 1110 244 1146 52
268 1110 378 1144 Nunc
396 1109 446 1142 ad
465 1119 553 1141 oves
572 1106 672 1140 ultro
686 1103 820 1153 fugiat
837 1105 950 1153 lupus
968 1105 1118 1148 Zulich.,
1138 1104 1234 1150 quod
1254 1103 1389 1138 arridet
1404 1104 1614 1136 Burmanno.
1641 1109 1683 1136 ut

152 1169 240 1191 oves
259 1157 357 1190 ultro
369 1154 478 1202 fagit
498 1154 587 1188 ven.

151 1212 188 1237 ut
207 1216 314 1248 saepe
333 1202 428 1236 alias.
460 1202 553 1246 Wr.)

683 1154 731 1189 53
748 1151 882 1199 serent
901 1153 1032 1186 Moreti
1054 1153 1179 1197 fragm.
1214 1153 1431 1197 (quaereus,
1455 1149 1527 1191 sic,
1552 1147 1681 1182 Medic.

652 1201 699 1236 55
722 1203 773 1234 Et
793 1208 937 1233 certent
961 1199 1095 1233 Zulich.
1145 1199 1301 1232 Theocr.
1321 1199 1366 1240 V,
1392 1199 1460 1234 136
1491 1193 1586 1232 ποτ’
1613 1192 1681 1241 ἄη-

151 1248 248 1285 δόνα
268 1250 396 1289 κίσσας
419 1246 573 1293 ἕρίσδεν.
623 1249 675 1281 Ex
692 1248 762 1281 hoc
781 1259 885 1280 versu
905 1247 1067 1280 adstruas
1088 1258 1228 1292 quoque
1253 1245 1444 1279 lectionem
1468 1241 1537 1289 κήξ
1559 1240 1682 1289 ὁρέων

149 1296 211 1332 τοὶ
231 1297 376 1337 σκῶπες
396 1293 534 1340 οἷηδόσι
558 1294 777 1339 δαρίσαιντο
798 1306 865 1338 pro
887 1291 1118 1339 γαρύσαιντο
1139 1293 1226 1327 ibid.
1246 1294 1274 1334 I,
1293 1294 1372 1329 136.
1421 1291 1609 1326 Contraria
1625 1290 1682 1324 via

150 1345 293 1379 Wakef.
311 1342 447 1377 monitu
467 1342 569 1376 amici
594 1354 635 1375 ex
656 1355 719 1375 ms.
739 1341 858 1374 intulit
877 1350 1047 1383 cantent,
1075 1347 1114 1373 ut
1131 1339 1319 1374 conveniat
1338 1351 1415 1373 cum
1436 1335 1680 1384 γαρύσαιντο.

149 1392 197 1427 56
222 1392 414 1438 delphines
433 1390 567 1423 Zulich.
618 1391 730 1423 Orion
752 1389 788 1421 in
808 1388 986 1426 nonnullis
1007 1400 1063 1433 ap.
1083 1389 1198 1421 Bu'rm.

1294 1387 1341 1422 58
1357 1386 1437 1430 fiat
1456 1386 1585 1420 Medic.
1604 1396 1682 1419 cum

149 1438 249 1471 Leid.
276 1451 346 1472 sec.
374 1450 394 1471 a
430 1450 475 1470 m.
507 1449 561 1481 pr.
593 1444 628 1470 et
648 1436 738 1470 Gud.
773 1435 895 1481 (etiam
914 1437 947 1471 2.
967 1437 1001 1473 3.
1021 1438 1075 1472 11.
1110 1435 1180 1468 vid.
1203 1436 1247 1476 Q.
1268 1435 1315 1469 V.
1334 1434 1429 1476 VIII,
1453 1434 1488 1477 2,
1517 1434 1553 1467 b.
1584 1431 1680 1477 Wr.)

148 1487 195 1522 59
219 1487 257 1519 in
276 1486 393 1519 altam
408 1483 571 1531 Deferat·
589 1483 679 1528 legit
697 1483 855 1527 Scaliger
873 1483 919 1516 ad
937 1486 1068 1517 Auson.
1103 1481 1228 1527 cupid.
1249 1493 1341 1516 cruc.
1358 1480 1417 1517 24.

1513 1482 1561 1517 60
1583 1481 1682 1516 Ver-

150 1545 207 1566 sus
225 1532 399 1578 repetitus
421 1531 459 1565 in
477 1531 548 1565 Ciri
567 1532 648 1567 267.
673 1537 708 1564 et
725 1543 775 1565 vs.
796 1531 841 1567 59
864 1530 951 1565 ibid.
972 1543 1023 1565 vs.
1042 1530 1124 1567 302.

150 1630 212 1679 Χ,
242 1631 348 1679 727,
379 1627 488 1668 unde
516 1629 600 1667 fere
625 1633 885 1681 permutatur

151 1701 244 1726 cum
265 1688 430 1738 impius.
495 1687 597 1725 cons.
616 1685 782 1725 Anthol.
797 1686 884 1725 Lat.

149 1745 181 1795 Ι,
206 1759 246 1797 p.
267 1744 364 1787 358.
435 1742 532 1798 (Sed
559 1745 676 1794 vide,
713 1757 816 1796 quae
841 1744 886 1783 in

148 1804 198 1842 V.
217 1803 259 1841 L.
282 1802 500 1855 disputavi.
537 1805 608 1843 W
601 1801 650 1857 r.)

210 1860 409 1903 52—56.
431 1862 492 1899 Ex
504 1860 674 1899 Theocr.
685 1860 716 1910 Ι,
737 1863 886 1903 132-—

156 1922 251 1960 136.
293 1916 361 1972 (de
387 1918 493 1958 Adv.
525 1919 627 1957 ultro
656 1919 740 1959 vid.
764 1919 815 1967 Q.
839 1919 885 1958 V.

152 1976 320 2026 XXVII,
349 1979 385 2017 1.
421 1979 492 2017 W
485 1975 533 2031 r.)
595 1976 662 2020 54.
691 1979 883 2030 myricae,

151 2034 236 2074 vid.
266 2034 318 2072 ad
335 2034 415 2073 Eel.
437 2035 503 2085 IV,
529 2038 569 2077 2.
609 2050 735 2073 aurea
757 2036 886 2086 mala,

151 2092 235 2132 vid.
258 2092 310 2130 ad
329 2093 397 2142 ΙΙΙ,
422 2096 489 2135 71.
532 2093 599 2136 56.
638 2093 823 2145 Orpheus
844 2095 888 2132 in

151 2165 205 2200 s.,
227 2149 268 2189 h.
288 2151 465 2203 Tityi-m,
485 2151 600 2189 rudis
623 2158 760 2201 cantu,
776 2165 889 2191 nunc

150 2209 258 2247 inter
277 2209 444 2260 reliqua,
465 2222 566 2260 quae
587 2216 730 2248 contra
749 2223 888 2248 rerum

152 2273 342 2305 naturam
357 2267 469 2316 fient,
491 2268 569 2306 erit
587 2268 688 2306 alter
699 2267 887 2321 Orpheus

153 2330 193 2363 et
222 2324 360 2364 Arion.
424 2325 585 2363 Poetica
622 2326 887 2365 exornatione

154 2382 299 2421 adiecit
319 2383 481 2435 utrique
506 2383 886 2423 determinationem

153 2440 203 2479 ab
235 2447 403 2479 externa
433 2442 566 2492 aliqua
595 2442 770 2481 ratione:
803 2443 887 2481 Or-

152 2497 281 2552 pheus
316 2498 424 2537 inter
462 2500 585 2549 seras,
626 2501 753 2539 Arion
780 2501 887 2540 inter

152 2556 304 2596 belluas
352 2557 536 2596 marinas.
618 2558 679 2596 Ita
728 2558 887 2598 adiecta

154 2621 290 2653 erant:
339 2616 543 2653 bom-inas
576 2615 618 2653 in
658 2616 788 2666 silvis,
828 2639 887 2648 -

145 2674 272 2724 pinus
295 2672 339 2710 in
359 2672 507 2710 hortis:
539 2673 620 2711 Ecl.
638 2674 722 2723 VII,
751 2676 818 2716 68.

212 2730 281 2773 58.
311 2731 488 2768 medium
525 2745 648 2768 mare.
710 2732 888 2770 mediam

153 2788 361 2828 interdum
402 2801 485 2826 non
523 2787 582 2825 ita
620 2787 782 2826 definite
817 2790 887 2828 sed

153 2846 290 2900 paullo
310 2845 495 2898 pinguius
516 2845 608 2894 diei,
633 2845 790 2884 dudum
810 2847 887 2885 do—

155 2918 274 2944 cuere
294 2904 372 2943 viri
391 2903 520 2942 docti:
546 2903 604 2941 ita
622 2909 682 2941 est
697 2917 809 2942 mare
825 2905 886 2943 al-

154 2970 256 3002 tum.
314 2961 475 3013 Alioqui
503 2967 563 2999 est
596 2973 729 3010 mare,
775 2963 886 3013 quod

156 3026 215 3059 est
243 3020 285 3059 in
310 3020 451 3059 mediis
476 3018 617 3069 terris3
656 3032 768 3058 nunc
794 3020 887 3071 qui-

945 1627 1037 1666 dem
1065 1640 1262 1679 aquarum
1288 1632 1420 1665 terras
1446 1623 1681 1678 opprimen-

943 1686 1048 1725 tium
1065 1684 1219 1724 illuvie.
1256 1686 1303 1725 V
1297 1685 1408 1735 ivite,
1434 1684 1568 1724 valete
1585 1687 1681 1734 etc.;

945 1744 1070 1783 ducta
1092 1743 1194 1782 haec
1214 1756 1265 1781 ex
1283 1741 1454 1781 Theocr.
1474 1742 1505 1792 Ι,
1529 1740 1682 1784 115-

946 1804 1042 1845 118.
1081 1805 1149 1845 59.
1167 1801 1293 1841 Nimis
1311 1801 1458 1840 subtile
1477 1805 1550 1850 est,
1569 1797 1682 1852 quod

942 1860 1142 1913 respicere
1186 1859 1333 1899 volunt
1375 1864 1580 1912 pastorem
1627 1857 1683 1896 ad

944 1919 1130 1972 scopulos
1153 1918 1370 1967 Leucatae,
1398 1915 1680 1971 promontorii,

945 1976 1131 2030 Sapphus
1160 1977 1270 2015 iactu
1301 1976 1478 2026 nobiles,
1512 1989 1552 2015 v.
1581 1970 1681 2013 Sca-

943 2035 1008 2087 lig.
1039 2035 1091 2074 ad
1111 2033 1263 2074 Auson.
1285 2034 1428 2087 Cupid.
1454 2046 1494 2073 v.
1516 2031 1596 2084 24,
1624 2033 1679 2072 ib.

945 2094 1071 2144 TolL,
1110 2093 1155 2132 it.
1184 2093 1237 2132 ad
1266 2093 1400 2132 Strab.
1430 2106 1469 2145 p.
1492 2090 1578 2134 694
1603 2097 1680 2130 etc.

947 2152 1125 2204 Specula
1144 2166 1220 2204 pro
1246 2151 1473 2200 cacumine,
1507 2163 1560 2188 ex
1589 2162 1680 2191 σκο-

945 2205 1034 2251 πιᾶ.
1094 2209 1305 2263 Expressit
1340 2215 1476 2248 autem
1509 2206 1679 2247 Theocr.

944 2268 1062 2321 Idyll.
1082 2268 1149 2317 III,
1178 2268 1246 2311 25.
1316 2270 1384 2310 60.
1413 2267 1491 2305 lzoe
1515 2280 1676 2315 munus,

944 2326 1018 2365 int.
1046 2340 1232 2376 carmen,
1264 2325 1375 2378 quod
1401 2325 1566 2375 ceeinjt3
1596 2337 1681 2363 non

944 2391 1135 2424 mortem:
1175 2398 1278 2437 quae
1314 2398 1399 2423 non
1433 2388 1569 2436 posset
1598 2394 1680 2421 esse

944 2457 1092 2481 munus
1127 2445 1341 2481 morientis.
1409 2440 1495 2480 Etsi
1530 2454 1603 2494 per
1638 2453 1680 2478 se

946 2501 1095 2540 amicae
1114 2501 1258 2553 aliquis
1278 2499 1467 2552 spiritum
1486 2513 1532 2538 ac
1550 2498 1680 2538 vitam

943 2573 1020 2612 pro
1041 2572 1208 2598 munere
1230 2558 1373 2597 offerre
1401 2557 1504 2597 velle
1531 2562 1679 2610 posset.

947 2615 1046 2671 (Sed
1073 2623 1185 2656 totus
1218 2615 1414 2655 orationis
1441 2614 1553 2654 color
1578 2614 1680 2655 haec

946 2675 996 2713 de
1015 2681 1148 2714 morte
1165 2674 1354 2714 Damonis
1372 2673 1540 2725 intelligi
1554 2673 1678 2713 iubet.

943 2732 1162 2773 Morientes
1198 2745 1369 2772 munera
1397 2731 1679 2784 superstitibus

946 2791 1090 2830 offerre
1118 2791 1269 2842 solent3
1309 2791 1393 2829 Ecl.
1422 2790 1479 2840 ΙΙ,
1523 2792 1590 2832 38.
1621 2802 1678 2841 sq.

944 2847 1098 2888 Acerbe
1127 2849 1250 2901 igitur
1270 2850 1443 2887 Damon:
1473 2847 1562 2886 Hoc
1585 2861 1680 2886 niu-

945 2907 1066 2958 neris,
1083 2906 1191 2946 hanc
1205 2907 1278 2946 tibi
1290 2906 1486 2945 laetitiam
1505 2905 1681 2944 moriens

947 2965 1082 3014 offero,
1102 2971 1153 3004 ut
1171 2971 1241 3005 tua
1263 2978 1382 3003 causa
1401 2964 1544 3003 misere
1562 2976 1680 3016 pere—

946 3036 1023 3062 am.
1062 3024 1134 3065 W
1127 3022 1183 3078 r.)
1226 3022 1418 3077 Respexit
1438 3022 1491 3062 ad
1510 3020 1679 3061 Theocr.
