1768 3320
129 221 293 256 cxxxn
360 207 415 256 P.
452 204 638 256 VIRG.
673 203 838 254 MAR„
874 202 1040 252 VITA
1077 199 1212 249 PER
1245 199 1398 248 ANN.
1435 196 1573 247 DIG.

129 337 374 389 implicuerit
387 364 399 385 ,
442 333 534 373 odio
565 332 800 385 excidioque
833 331 1052 385 afflixerit,
1095 328 1187 368 ludi
1214 327 1404 366 litterarii
1429 325 1654 380 disciplina

128 404 286 433 nostrae
308 396 464 446 qaoque
485 393 701 429 memoriae
724 392 900 428 inustum
919 396 987 426 est.

244 452 301 491 Ut
319 450 484 503 Virgilio
517 449 691 488 Ennium
709 447 758 486 ab
784 446 964 486 Adriano
994 443 1222 497 praelatum
1244 448 1403 482 taceam
1429 440 1653 497 (Spartian.

131 525 164 550 c.
191 508 284 565 15):
316 508 492 561 Caligula
508 507 661 559 Virgilii
678 504 891 545 memoriae
915 501 1135 541 admodum
1164 500 1339 540 infestus
1365 500 1455 541 fuit.
1517 502 1601 540 Sed
1615 509 1653 540 et
1722 533 1731 539 .

137 569 309 620 Virgilii
327 575 365 605 et
387 569 435 605 T.
459 567 577 604 Livii
593 566 743 616 scripta
771 571 807 602 et
837 563 1060 614 imagines,
1093 560 1290 611 paullum
1321 558 1457 612 afuit,
1480 561 1589 616 ‘quin
1603 573 1653 598 ex

132 625 314 665 omnibus
330 624 575 663 bibliothecis
598 629 796 661 amoveret
809 650 821 671 ,
862 633 1029 673 qaorum
1054 618 1248 667 alterum,
1289 625 1337 656 at
1359 618 1514 657 nullius
1531 619 1653 671 inge-

131 686 193 722 nii
215 684 483 734 minimaeque
514 681 718 719 doctrinae
743 700 801 708 —
820 676 1013 729 carpebat
1045 677 1211 715 Sueton.
1231 675 1353 728 Calig.
1384 674 1453 718 34.
1511 676 1653 728 Itaque

131 741 286 794 Virgilii
310 740 466 780 codices
499 738 550 777 ad
578 750 750 792 parvum
775 741 865 775 tum
893 747 1108 774 numerum
1126 733 1314 773 redactos
1340 733 1464 773 fuisse
1491 747 1653 774 necesse

133 805 205 841 est.
263 798 328 838 An
354 799 459 838 forte
482 796 576 835 inde
602 796 645 834 in
672 800 788 834 tanto
826 807 937 832 nunc
967 791 1296 845 apographorum
1324 805 1497 832 numero
1523 793 1653 832 mirus

131 858 200 897 ille
221 857 417 896 librorum
444 854 562 893 etiam
578 853 847 893 vetustiorum
872 852 916 890 in
942 851 1192 903 corruptelas
1216 863 1434 890 consensus
1459 857 1652 905 repeten-

134 916 210 954 dus
230 915 317 954 est'?
347 920 407 962 ut,
438 927 530 952 cum
546 918 639 964 post
656 910 755 949 haec
770 909 984 961 Virgiliana
1001 909 1180 948 carmina
1195 922 1246 948 ex
1262 909 1415 962 paucis,
1444 923 1521 949 nec
1543 910 1653 949 forte

133 972 482 1021 emendatissimis,
526 968 819 1022 exemplaribus
850 967 1198 1017 describerentur,
1239 980 1340 1007 vera
1366 968 1448 1007 iam
1472 974 1564 1007 tum
1590 968 1653 1007 le-

134 1032 215 1071 ctio
234 1030 435 1084 periisset3
464 1042 542 1080 quo
561 1029 731 1075 sactum,
761 1031 807 1065 ut
827 1026 981 1065 frustra
1001 1039 1113 1064 nunc
1139 1040 1163 1064 a
1187 1025 1300 1065 libris
1320 1026 1540 1077 auxilium,
1579 1025 1652 1065 ubi

133 1089 319 1138 haereas,
349 1092 596 1140 expectetur.
653 1084 831 1123 Extabat
861 1090 993 1124 tamen
1021 1084 1175 1136 Virgilii
1198 1097 1343 1123 manus
1374 1084 1510 1124 adhuc
1533 1084 1652 1124 Plinii

134 1147 295 1186 maioris
315 1151 444 1184 aetate
466 1144 516 1183 H.
535 1144 582 1183 N.
602 1143 710 1192 XIII,
745 1146 798 1185 12
822 1149 925 1182 extr.
953 1149 993 1181 et
1019 1142 1306 1193 Quinctiliani‚
1336 1143 1433 1183 Inst.
1459 1143 1491 1194 I,
1521 1146 1562 1194 7,
1581 1146 1650 1186 20.

134 1206 234 1244 Nam
260 1204 370 1257 apud
387 1203 486 1242 Gell.
514 1202 544 1252 Ι,
575 1204 627 1244 21
654 1201 878 1254 Hyginum,
917 1201 986 1253 qui
1010 1201 1149 1254 paullo
1179 1207 1273 1254 post
1294 1201 1506 1254 Virgilium
1531 1200 1651 1251 vixit,

134 1264 281 1302 librum
303 1277 351 1300 ex
369 1261 485 1299 domo
506 1268 625 1312 atque
629 1257 808 1312 familia
833 1260 1007 1311 Virgilii
1033 1258 1220 1300 habuisse
1247 1259 1306 1299 nil
1334 1260 1495 1300 mirum.
1554 1259 1651 1300 Vir-

133 1321 212 1373 gilii
228 1318 506 1372 idiographum
525 1318 672 1356 librum
690 1317 934 1369 inspectum,
973 1317 1044 1356 sed
1066 1318 1115 1356 ab
1141 1318 1249 1368 aliis,
1280 1318 1433 1358 Gellius
1453 1323 1654 1357 memorat

133 1379 180 1418 N.
199 1378 246 1418 A.
268 1379 337 1427 IX,
371 1375 435 1418 14.
492 1374 614 1429 Apud
633 1375 805 1414 eundem
835 1375 882 1425 II,
915 1378 940 1417 3
962 1399 1020 1405 --
1045 1378 1154 1416 venit
1179 1375 1293 1414 nobis
1323 1378 1365 1415 in
1395 1379 1648 1426 memoriam,

134 1437 283 1475 Fidum
307 1435 520 1486 Optatam,
551 1435 856 1473 multinominis
876 1434 1036 1472 Romae
1063 1436 1404 1486 grammaticam,
1436 1434 1652 1474 ostendisse

133 1494 235 1532 milii
252 1492 395 1531 libram
413 1491 604 1531 Aeneidis
623 1492 839 1530 secundum
851 1522 861 1542 ,
892 1492 1105 1531 mirandae
1132 1494 1340 1531 vetustatis
1367 1491 1518 1548 (medio
1550 1505 1651 1532 saec.

133 1551 198 1606 11),
227 1560 372 1589 emtam
390 1552 433 1588 in
451 1551 673 1602 Sigillariis
692 1551 788 1589 XX
805 1553 954 1600 aureis,
988 1565 1107 1603 quem
1126 1553 1255 1603 ipsius
1275 1552 1449 1604 Virgilii
1463 1566 1545 1590 esse
1565 1565 1652 1591 cre-

133 1610 267 1659 debat,
296 1609 338 1647 in
356 1622 436 1660 quo
455 1607 552 1647 Aen.
570 1607 618 1658 II,
650 1607 733 1650 470
757 1623 861 1647 aena
882 1609 1081 1661 scriptum
1098 1615 1203 1659 erat,
1234 1608 1376 1649 addita
1394 1624 1517 1663 supra
1538 1609 1652 1648 litte-

134 1682 180 1706 ra
210 1668 239 1706 Ιι
264 1667 414 1706 sactum
442 1666 586 1704 aliena.
644 1664 766 1718 Apud
795 1666 915 1706 eund.
947 1667 1054 1718 XIII,
1085 1670 1142 1710 20
1171 1667 1329 1707 Probus
1356 1690 1413 1699 -
1442 1670 1486 1707 in
1512 1669 1652 1720 primo

139 1727 362 1777 Georgicon
377 1754 387 1773 ‚
438 1737 556 1775 quem
583 1736 674 1776 ego,
714 1726 866 1777 inquit,
914 1724 1064 1764 librum
1095 1741 1222 1766 manu
1257 1725 1384 1779 ipsius
1419 1732 1653 1766 correctum

136 1783 231 1835 legi,
262 1782 368 1820 urbis
385 1796 459 1833 per
478 1783 682 1820 ilitteram
705 1784 875 1834 scripsit.

248 1840 430 1891 Magnam
449 1840 604 1893 copiam
622 1853 812 1879 versuum
830 1848 870 1880 et
892 1841 1058 1881 lusuum
1073 1842 1117 1881 in
1143 1843 1358 1897 Virgilium
1379 1844 1542 1896 eiusque
1560 1857 1653 1883 car-

136 1898 244 1936 mina
271 1911 362 1936 cum
390 1898 496 1935 bona
524 1903 611 1936 tum
644 1899 769 1948 mala,
814 1900 1088 1940 vetustiorum
1117 1908 1158 1940 et
1193 1902 1392 1942 seriorum
1424 1907 1652 1956 poetarum,

137 1955 219 1995 vid.
243 1962 335 2008 post
355 1955 565 1994 Pithoeum
585 1962 624 1994 et
645 1957 718 1995 Ios.
738 1958 980 2010 Scaligerum
1003 1959 1045 1998 in
1071 1960 1282 2000 catalectis
1300 1960 1411 2014 apud
1430 1961 1652 2000 Burmann.

137 2014 179 2052 in
197 2012 411 2065 Antholog.
436 2013 523 2052 Lat.
542 2014 609 2053 lib.
634 2014 681 2064 II,
710 2028 769 2067 ep.
802 2018 880 2058 173
905 2030 990 2069 sqq.
1049 2018 1106 2056 De
1132 2017 1195 2057 his
1210 2018 1556 2059 Scholasticorum
1576 2032 1652 2057 ex—

138 2071 437 2110 ercitationibus
453 2085 492 2110 v.
512 2071 691 2114 Prooem.
710 2072 764 2112 ad
783 2074 969 2114 Culicem.
997 2076 1049 2115 ef.
1067 2077 1319 2117 Wernsdors.
1342 2078 1381 2118 P.
1401 2077 1518 2118 L.'M.
1538 2077 1652 2119 Tom.

138 2129 205 2180 VI,
233 2143 271 2181 p.
291 2132 359 2170 29.
1172 2148 1175 2152 ’

252 2187 354 2225 Cum
375 2187 491 2225 semel
510 2186 719 2227 hominum
739 2189 953 2229 doctorum
968 2191 1127 2243 ingenia
1144 2192 1198 2232 ad
1215 2194 1355 2233 inanes
1375 2194 1488 2233 lusus
1509 2198 1549 2232 et
1571 2206 1653 2232 nu-

137 2258 203 2295 gas
222 2244 403 2296 poeticen
424 2244 694 2286 deflexissent:
725 2248 859 2287 exorti
888 2263 1048 2301 quoque
1072 2256 1188 2301 sunt,
1227 2252 1295 2304 qui
1318 2251 1502 2291 illiberali
1528 2264 1653 2304 pror-

138 2315 204 2340 sus
226 2302 390 2340 invento
419 2309 603 2341 centones
628 2305 864 2357 Virgilianos
885 2308 1118 2348 conderent.
1178 2310 1241 2349 Ex
1259 2310 1340 2349 hoc
1368 2323 1540 2350 numero
1562 2322 1653 2348 sae-

139 2360 229 2397 culo
249 2366 392 2411 quarto
414 2368 583 2400 exeunte
601 2362 791 2402 inclaruit
808 2364 997 2403 Falconia
1019 2367 1167 2409 Proba.
1192 2370 1295 2408 conf.
1322 2370 1417 2408 Sax.
1445 2368 1652 2408 Onomast.

138 2418 183 2456 T.
207 2417 238 2465 I,
257 2432 295 2470 p.
316 2416 412 2459 438.
471 2420 582 2457 Circa
606 2420 713 2460 idem
738 2428 897 2475 tempus
924 2423 1142 2476 dispescuit
1174 2441 1267 2466 suos
1299 2433 1490 2466 centones
1517 2425 1653 2465 Auso-

140 2475 240 2513 nius.
297 2473 409 2513 Adeo
438 2475 593 2515 difficile
620 2486 679 2517 est
695 2481 917 2533 perspicere
937 2487 977 2520 et
1008 2483 1246 2535 diiudicare,
1277 2485 1377 2537 quid
1396 2498 1540 2525 verum
1555 2484 1652 2538 pul-

139 2545 330 2583 crumque
359 2532 431 2581 sit,
473 2535 503 2572 si
531 2537 649 2574 semel
668 2536 878 2577 hominum
899 2539 1049 2579 iudicia
1076 2544 1307 2583 occaecavit
1343 2543 1462 2596 pravi
1479 2541 1653 2595 exempli

139 2590 334 2642 falsaeque
357 2591 550 2642 opinionis
571 2595 799 2635 auctoritas.
863 2597 1113 2640 Mirabantur
1133 2607 1272 2641 tamen
1294 2601 1339 2641 hi
1355 2601 1539 2641 homines
1556 2601 1652 2642 Vir-

137 2647 273 2699 gilium
293 2662 374 2686 non
393 2649 521 2688 minus
540 2664 585 2689 ac
607 2652 765 2692 Pisones
783 2654 849 2694 vel
868 2655 1057 2696 Messalae
1076 2673 1126 2698 ex
1148 2659 1354 2714 Augusteo
1374 2660 1546 2700 saeculo.
