1734 3320
166 167 270 217 482

505 167 561 217 P.
598 167 952 218 VIRGILII
994 167 1368 219 MARONIS

168 290 495 358 Speluncae,
531 292 745 359 vivique
771 292 939 355 lacus3
980 302 1030 342 at
1051 291 1243 358 frigida
1266 297 1504 362 Tempe,

162 362 508 429 Mugitusque
529 363 718 427 boum,
735 362 1038 429 mollesque
1061 364 1159 413 sub
1185 364 1378 414 arbore
1398 366 1577 416 somni
1595 371 1697 419 470

161 435 288 483 Non
311 431 527 492 absunt3
565 432 668 482 illic
694 433 855 483 saltus
879 450 937 482 ac
963 433 1125 483 lustra
1147 432 1411 499 ferarum,

160 504 229 554 Et
249 503 457 571 patiens
484 519 716 570 operum
742 504 1041 570 exiguoque
1064 504 1282 555 adsueta
1304 506 1577 567 iuventus;

164 575 321 624 Sacra
351 572 544 636 deum,
582 573 858 639 sanctique
885 582 1086 639 patres3
1127 584 1362 626 extrema
1381 592 1482 643 per
1503 575 1624 625 illos

160 643 362 695 Iustitia
387 643 650 693 excedens
672 644 827 692 terris
850 644 1068 708 vestigia
1088 642 1230 697 fecit.

229 717 320 764 Me
342 730 472 763 vero
495 714 735 780 primum
757 713 939 763 dulces
962 724 1085 765 ante
1110 715 1293 765 omnia
1314 717 1516 780 Musae,

703 819 970 872 ADSUETA,

231 812 296 859 47
301 814 347 859 2.
387 822 631 870 OPERUM,

1590 719 1692 767 475

205 936 276 971 469
290 949 345 972 ,ac
362 942 435 969 tres
457 947 514 980 ap.
536 936 665 977 Burm.‚
699 935 771 968 duo
794 935 887 980 apud
905 934 1051 969 Martin.
1073 941 1109 968 et
1127 940 1275 980 uterque
1296 935 1406 970 Goth.
1455 943 1492 969 et
1505 935 1634 970 Medic.
1656 942 1692 976 et

158 984 291 1027 Comm.
316 984 441 1028 Cruqu.
477 983 523 1015 ad
555 984 679 1016 Horat.
711 983 776 1016 od.
805 985 839 1023 Ι,
863 985 921 1018 21.

1017 983 1086 1018 471
1112 984 1152 1016 In
1179 983 1333 1029 antiquis
1364 983 1445 1017 edd.
1470 984 1528 1017 illi
1554 990 1591 1016 et
1615 984 1692 1018 illis

157 1028 307 1075 legitur,
333 1037 370 1063 et
390 1031 477 1064 Non
498 1028 632 1063 absint.
670 1030 746 1063 illis
766 1030 871 1063 etiam
892 1030 1093 1075 Cantabrig.
1128 1030 1234 1064 illinc
1253 1032 1344 1065 Ven.
1369 1043 1437 1065 nec
1457 1036 1494 1064 et
1513 1038 1550 1063 et
1568 1030 1692 1065 lustra

157 1090 249 1111 nonn
256 1077 328 1110 ulii.

423 1077 495 1112 472
519 1081 571 1110 At
587 1076 687 1110 Leid.
712 1084 748 1110 et
766 1078 894 1111 Donat.
916 1079 960 1111 ad
978 1080 1124 1111 Terent.
1147 1078 1255 1112 Andr.
1273 1080 1300 1121 Ι,
1327 1082 1358 1119 1,
1383 1077 1441 1121 48,
1464 1076 1526 1111 ubi
1545 1083 1581 1111 et
1595 1090 1691 1125 par-

158 1138 300 1171 voque,
339 1125 435 1169 quod
454 1125 591 1157 habent
609 1125 685 1157 fere
704 1136 824 1158 omnes
847 1125 972 1170 scripti
993 1131 1029 1158 et
1051 1124 1138 1158 editi
1161 1125 1285 1159 eodem
1306 1137 1421 1159 sensu.
1469 1127 1517 1159 At
1533 1128 1690 1172 exiguo—

158 1185 227 1218 que
256 1172 394 1216 recepit
418 1171 594 1205 Heinsius.
643 1173 787 1205 Habent
817 1172 854 1205 id
874 1174 1073 1213 Romanus,
1097 1172 1298 1215 Mediceus,
1322 1174 1500 1215 Venetus,
1526 1171 1581 1205 ed.
1598 1173 1688 1206 Ven.

157 1226 193 1252 et
216 1219 296 1252 edd.
318 1219 491 1252 Macrobii
512 1220 574 1261 VI,
600 1220 632 1254 2.
658 1219 728 1253 vid.
750 1221 866 1255 Burm.
887 1221 1034 1266 (exiguo
1055 1219 1162 1252 etiam
1184 1220 1263 1254 cod.
1284 1223 1379 1254 Serv.
1398 1221 1441 1254 G.
1458 1219 1553 1264 apud
1572 1221 1687 1252 Burm.

156 1266 303 1300 Vossius
327 1278 521 1313 parvoque
553 1267 710 1312 recepit;
736 1267 799 1300 sed
825 1274 924 1300 recte
953 1268 1022 1300 iam
1042 1268 1157 1300 Burm.
1184 1266 1294 1310 vidit,
1331 1280 1373 1300 ex
1390 1270 1477 1301 Aen.
1503 1267 1570 1309 IX,
1593 1268 1688 1309 607„

154 1313 215 1346 ubi
237 1314 332 1346 idem
349 1326 468 1347 versus
488 1314 640 1358 legitur,
665 1314 735 1347 hoc
757 1314 946 1358 repetitum
968 1326 1056 1348 esse.
1105 1313 1223 1348 Facile
1255 1314 1360 1348 etiam
1388 1313 1596 1360 exquisitior
1620 1325 1689 1348 vox

155 1362 290 1408 exiguo
313 1360 349 1393 in
364 1361 544 1405 vulgarem
558 1374 681 1407 parvo
704 1361 832 1395 mutari
853 1361 982 1407 potuit.
1014 1362 1110 1405 W‘r.)

746 1408 816 1444 475
843 1411 906 1442 Me
932 1421 1019 1442 vero
1035 1410 1184 1456 privum
1210 1409 1367 1443 malebat
1383 1408 1567 1451 Reiskius‚
1593 1409 1630 1442 h.
1656 1420 1686 1442 e.

154 1408 294 1452 tabrig„
319 1414 358 1441 ut
374 1411 458 1442 Aen.
484 1410 544 1449 VI,
574 1410 651 1443 159.

1207 1362 1278 1397 474
1302 1363 1463 1409 vestigia
1480 1361 1574 1408 figit
1593 1362 1689 1395 Can-

155 1454 295 1489 οἰκεῖον
313 1454 377 1490 καὶ
399 1455 501 1489 ἴδιον
520 1452 675 1495 ἑαυταῖς
688 1482 696 1497 ,
733 1456 802 1489 sibi
821 1456 1001 1490 addictum
1026 1463 1063 1489 et
1087 1456 1285 1502 proprium.
1334 1457 1471 1492 Dulces
1492 1457 1626 1491 Musas
1645 1468 1688 1490 ex

153 1502 189 1536 h.
210 1503 233 1536 l.
253 1509 427 1536 memorat
448 1502 586 1548 Dialog.
605 1503 650 1536 de
671 1506 767 1537 Orat.
789 1504 843 1539 13.

154 1610 467 1660 continuandae,
485 1616 535 1648 ut
553 1610 595 1648 in
609 1609 772 1648 Graecis
789 1622 891 1661 poe—

153 1667 202 1706 tis
228 1668 292 1717 δὲ,
339 1664 469 1723 αὕτοέρ
488 1701 498 1719 ,
540 1675 580 1707 et
609 1668 762 1706 similia.
795 1669 891 1706 latis

152 1728 236 1764 otia
249 1726 426 1778 fundis.-
467 1741 551 1764 non
584 1726 634 1764 de
665 1726 890 1764 latifundiis

153 1784 432 1835 cogitandum,
476 1785 546 1822 sed
579 1790 675 1823 sunt
699 1785 829 1836 campi
852 1790 891 1822 et

152 1843 272 1881 colles
310 1843 462 1895 aperti,
505 1842 616 1881 unde
648 1850 889 1895 prospectus

149 1907 266 1953 patet
285 1901 386 1939 late:
428 1914 529 1952 quae
547 1914 611 1939 res
633 1901 685 1938 ad
706 1901 888 1940 animum

151 1966 192 1997 et
203 1960 379 1998 frontem
402 1959 682 2011 explicandam
699 1974 889 2012 magnam

150 2018 235 2056 vim
269 2017 393 2056 habet
433 2016 672 2071 (Meierotto
709 2031 798 2070 pag.
820 2016 886 2072 9).

149 2075 246 2118 469.
278 2079 365 2115 νίνί
392 2077 527 2126 [αι-ιω,
569 2090 672 2127 aqua
705 2077 886 2129 perenni.

146 2134 309 2186 frigida
347 2137 496 2185 Tempe
513 2165 523 2184 ,
554 2135 772 2173 umbrosae
794 2135 887 2174 val-

148 2192 216 2231 les.
278 2192 374 2235 470.
406 2194 545 2231 molles
577 2195 730 2243 somni,
765 2193 886 2243 lenes,

149 2251 362 2302 tranquilli
384 2257 425 2289 et.
442 2251 590 2290 dulces.
614 2252 695 2290 Ecl.
716 2252 799 2302 VII,
815 2253 884 2295 45.

149 2308 247 2350 471.
280 2310 418 2346 Saltus
444 2310 611 2361 proprie
643 2309 693 2348 de
711 2310 883 2363 pascuis,

149 2368 274 2405 las-[ra
288 2367 486 2417 ferarum,
521 2368 660 2418 silvae,
691 2369 883 2408 venatio-

149 2438 240 2463 nem
274 2425 495 2477 designant.
556 2425 653 2468 472.
697 2442 877 2478 operum,

147 2483 220 2521 int.
244 2496 344 2534 opus
360 2484 559 2522 rusticum
570 2499 580 2534 3
598 2485 799 2524 laboriosa
817 2486 883 2524 iu-

148 2547 318 2590 ventus,
350 2542 457 2580 vitae
489 2556 583 2594 pars
606 2544 760 2583 melior.
795 2545 884 2581 exi-

144 2613 229 2650 guo
260 2601 448 2649 acas-ueta,
480 2607 529 2638 ut
554 2616 700 2651 parvo.
736 2602 883 2640 Tibull.

146 2657 176 2706 I,
203 2660 239 2705 1,
260 2658 314 2700 25
346 2666 548 2695 contentas
576 2661 707 2697 vivere
731 2674 878 2711 parvo.

117 2752 127 2765 ,
146 2714 242 2756 473.
260 2715 345 2753 Illic
366 2730 485 2753 sacra
503 2717 623 2756 deum
634 2733 649 2764 ,·
684 2717 766 2757 scil.
788 2732 883 2756 san-

147 2779 212 2811 cta
232 2774 328 2811 sunt
346 2780 385 2811 et
397 2773 614 2823 habentur,
631 2781 681 2813 ut
698 2775 882 2814 Servius:

146 2830 226 2870 hoc
256 2832 370 2881 vult,
414 2846 526 2871 sacra
568 2832 624 2870 ibi
652 2840 758 2871 caste
787 2833 880 2883 coli3

144 2889 228 2928 illic
256 2890 447 2942 pietatem
469 2897 510 2929 et
535 2897 687 2929 metum
711 2892 881 2930 deorum

145 2961 238 2986 esse.
267 2941 401 2986 saneti
428 2955 524 2988 sunt
549 2957 712 3000 patres,
754 2963 881 2989 vene-

949 1610 1116 1660 rabiles,
1148 1610 1218 1662 qui
1237 1615 1374 1648 sancte
1392 1623 1439 1648 ac
1453 1610 1518 1664 pie
1541 1611 1686 1651 colun—

949 1674 1033 1708 tur.
1094 1669 1177 1707 Nisi
1216 1668 1397 1721 argutius
1438 1668 1541 1708 haec
1576 1669 1686 1708 dicta

949 1726 1084 1766 malis:
1120 1728 1206 1766 Illic
1243 1727 1406 1766 demum
1441 1742 1554 1767 sacra
1588 1741 1711 1767 verev

950 1799 1064 1823 saera
1107 1784 1198 1838 (pro
1238 1786 1361 1823 sacris
1398 1799 1496 1825 vere
1523 1786 1681 1842 habita)

949 1850 1068 1894 sunt,
1098 1844 1180 1882 illic
1206 1857 1347 1882 senum
1369 1845 1563 1883 sanctitas
1583 1845 1685 1884 visi-

949 1907 1033 1940 tur.
1094 1901 1191 1944 474.
1212 1911 1388 1940 extrema
1402 1918 1482 1955 per
1499 1904 1591 1942 illos
1613 1918 1684 1942 ve-

946 1962 1074 2012 stigia
1097 1961 1206 2012 fecit
1218 1990 1229 2009 ‚
1292 1973 1385 1999 cum
1419 1961 1571 2000 scilieet
1602 1961 1683 2001 iam

945 2018 1078 2057 multo
1105 2025 1200 2057 ante
1223 2018 1333 2057 aulas
1352 2024 1393 2056 et
1412 2020 1566 2072 palatia
1583 2020 1682 2059 bea-

945 2082 1086 2115 torum
1128 2077 1368 2128 reliquisset.
1425 2078 1513 2118 Vid.
1565 2077 1680 2119 Arat.

944 2134 1097 2176 Phaen.
1125 2138 1206 2178 100
1225 2149 1309 2187 sqq.
1368 2135 1597 2189 Supersunt
1614 2137 1681 2176 in—

943 2199 1009 2232 ter
1036 2200 1208 2246 agrestes
1241 2193 1409 2245 vestigia
1437 2196 1594 2248 priscae
1611 2196 1680 2235 iu·-

943 2251 1078 2290 stitiae
1100 2258 1142 2290 et
1167 2253 1433 2292 innocentiae.

1002 2309 1280 2354 475—489.
1326 2309 1508 2350 Primui‘n
1528 2343 1538 2362 ‚
1585 2319 1679 2352 ante
1731 2334 1734 2338 ·

943 2369 1099 2419 onmia,
1143 2369 1289 2407 studiis
1326 2368 1604 2423 philosophiae
1633 2387 1681 2411 ac
1730 2408 1734 2425 Ι,

940 2434 1112 2466 naturae
1129 2433 1404 2466 consecratam
1424 2429 1551 2467 vitam
1565 2444 1679 2482 agere
1732 2457 1734 2461 .

942 2498 983 2523 se
1003 2486 1106 2524 velle
1124 2486 1192 2535 ait,
1224 2485 1335 2536 quod
1354 2486 1384 2524 si
1402 2500 1483 2525 non
1502 2487 1677 2540 licuerit,
1729 2489 1734 2534 Ξ

942 2549 985 2581 at
1006 2550 1115 2582 certe
1134 2544 1340 2583 rusticam.
1371 2544 1551 2597 Utraque
1572 2548 1678 2586 enim

941 2602 1025 2640 vita
1037 2602 1157 2640 beata
1172 2608 1212 2639 et
1222 2602 1479 2655 exoptabilis,
1497 2603 1582 2648 490
1592 2617 1675 2658 sqq.
1730 2650 1734 2665 ¹

942 2659 1108 2698 alterius
1137 2666 1274 2698 tamen
1308 2660 1458 2700 deliciis
1487 2676 1533 2701 ac
1561 2664 1677 2703 bonis

943 2717 1480 2759 describendisimmoratur.
1497 2722 1676 2775 Expres-
1719 2743 1723 2772 ³,

941 2775 993 2813 sit
1020 2775 1120 2814 haec
1150 2782 1294 2815 auctor
1324 2778 1478 2830 Dialogi
1499 2780 1549 2818 de
1569 2781 1676 2820 Ora-

939 2839 1018 2871 tor.
1043 2848 1127 2887 cap.
1154 2837 1220 2883 13,
1246 2835 1389 2887 digno,
1422 2838 1491 2888 qui
1509 2836 1675 2892 compa-
1719 2839 1721 2841 ’

938 2898 1078 2942 retur,
1108 2893 1210 2931 1000.
1272 2893 1431 2932 Semina
1452 2898 1674 2936 sententia-

938 2963 1033 2989 rum
1051 2951 1157 2990 iacta
1175 2952 1255 2989 iam
1276 2952 1415 2991 videas
1431 2953 1474 2993 in
1487 2954 1672 2995 Axiocho
1719 2963 1723 2970 ’
