1734 3320
0 216 5 225 ¹
0 184 11 209 v„
0 151 4 168 *⁷
0 109 10 142 tv

247 166 757 239 GE-onefflon
774 184 915 235 Lm.
935 185 1029 249 111,
1056 188 1351 242 505—521
1461 192 1565 243 585

32 309 295 367 Discissos
314 309 477 360 nudis
497 308 769 359 laniabant
792 309 1048 361 dentibus
1072 321 1229 364 artuS.
1548 324 1551 326 “

33 381 176 433 Ecce
200 388 384 430 autem
408 379 547 439 durp
573 378 790 430 fumans
813 380 913 430 sub
937 397 1162 431 vomere
1184 391 1366 434 taurus
1460 388 1564 438 515

7 476 10 477 ⁷
33 448 313 514 Concidit,
352 458 406 499 et
426 450 654 500 mixtum
675 451 878 517 spumis
902 451 1073 500 vomit
1098 468 1192 501 ore
1218 469 1483 519 cruorem,

31 520 427 588 Extremusque
452 520 561 570 ciet
578 522 822 586 gemitus,
877 523 926 570 It
945 521 1107 571 tristis
1132 530 1332 586 arator,

0 596 2 654 j
31 589 372 641 Maerentem
397 590 694 656 abiungens
719 590 955 641 fraterna
978 601 1158 642 morte
1188 593 1505 655 iuvencum;

31 662 211 728 Atque
237 677 406 727 opere
432 661 486 710 in
512 660 699 711 medio
726 660 900 711 defixa
921 661 1181 730 relinquit
1202 671 1383 714 aratra.

19 733 157 782 'Non
185 730 414 781 umbrae
454 731 688 782 altorum
725 749 1042 795 nemorum,
1077 749 1193 782 non
1220 732 1407 782 mollia
1436 749 1564 799 pos-

824 811 950 852 sunt
1461 806 1564 855 520

0 869 6 873 ’
30 872 185 921 Prata
211 887 439 921 movere
470 871 741 937 animum,
776 889 920 939 non,
959 873 1050 941 qui
1078 889 1179 941 per
1208 888 1325 922 saxa
1348 871 1564 923 volutus

101 967 220 1017 519.
254 979 510 1025 RELIQUIT

77 1093 151 1130 514
179 1093 347 1134 Discite:
369 1094 467 1129 Toll.
513 1093 690 1140 Dffissos
714 1106 801 1128 unus
819 1095 937 1129 Mead.
973 1095 1174 1141 (discussos
1190 1098 1287 1130 Serv.
1305 1094 1434 1129 Dresd.
1462 1096 1520 1130 W
1515 1094 1561 1139 r)

32 1140 176 1175 udu—
185 1139 359 1175 dentibus
373 1141 556 1176 Mediceus
585 1154 606 1175 a
626 1154 671 1175 ιιι.
698 1154 774 1188 pr.‚
810 1150 848 1175 ut
864 1155 929 1187 sup
932 1155 993 1176 .v.
1009 1143 1080 1178 388
1100 1143 1213 1176 udum
1236 1143 1406 1189 palatum
1426 1149 1463 1176 et
1480 1141 1561 1176 alia.
1611 1162 1614 1164 v

29 1187 103 1222 vid.
122 1186 262 1229 Heius„
286 1187 347 1234 qui
365 1196 401 1223 et
419 1189 512 1223 coni.
535 1189 664 1223 crudts
681 1188 853 1223 denubus
870 1189 927 1223 vel
946 1190 1084 1229 amdin
1120 1196 1321 1235 praestaret
1340 1190 1466 1223 saltem
1488 1190 1563 1223 du-

32 1235 99 1269 ris.
146 1237 195 1269 At
211 1235 308 1269 nudi
323 1242 426 1278 sunt,
459 1236 585 1270 nudati
605 1249 625 1269 a
643 1236 749 1269 labiis
767 1248 830 1270 ore
858 1237 1028 1278 reducto,
1060 1249 1159 1270 more
1179 1236 1412 1281 ringentium,
1438 1248 1562 1270 canum

29 1281 195 1336 inprimis
214 1293 255 1316 ac
271 1281 501 1317 furiosorum.
551 1284 661 1317 Recte
681 1283 916 1328 Philargyr.,
920 1291 977 1325 ,ut
994 1284 1203 1317 foeditatem
1224 1284 1454 1329 exprimeret,
1492 1283 1562 1317 ad-

29 1327 116 1364 iecit
142 1329 293 1363 nudi-nst
341 1330 483 1364 Lueret.
513 1331 558 1373 V,
584 1331 677 1366 1063
705 1332 872 1364 Inritaca
897 1344 1029 1364 canum
1048 1351 1094 1355 —
1114 1331 1249 1365 Mollia
1275 1333 1371 1365 ricta
1390 1330 1563 1377 fremunt

30 1376 148 1411 duros
175 1375 364 1411 nudantia
401 1378 543 1412 dentes.
599 1378 713 1411 Porro
742 1376 886 1412 osszbus
904 1387 1014 1411 artus
1039 1377 1203 1411 Parthas.
1254 1379 1330 1423 (—
1354 1378 1435 1413 515.
1459 1377 1563 1411 Malit

28 1423 180 1457 fortasse
194 1421 342 1469 aliquis:
382 1426 477 1458 Ecce
493 1426 625 1464 etimn3
662 1425 726 1458 sed
755 1434 879 1458 autem
900 1424 1085 1458 transitum
1102 1425 1190 1458 facit
1209 1425 1254 1458 ad
1279 1436 1428 1467 novum,
1450 1436 1563 1470 aeque

27 1470 226 1552 ῗῗᾚὲ
240 1471 702 1565 θὶῗωῖἷξᾝέαηζὲὲι...
720 1472 793 1552 ῗὲδ
802 1472 1283 1553 ⁵2²}1“'L²ii„'”13‘1‘12‘11'12?2⁸¹¹‘⁶¹'
1292 1478 1387 1555 „rifi”
1397 1472 1563 1552 1,...νῖὶῖ

30 1571 68 1599 et
90 1572 255 1601 maestus
284 1571 492 1600 constanter
513 1566 642 1600 Medic.
677 1568 733 1601 W
730 1566 775 1611 r)
877 1567 947 1602 519
972 1567 1120 1620 reliquit
1138 1568 1267 1600 Donat.
1287 1566 1324 1599 in
1350 1566 1459 1600 Andr.
1483 1567 1561 1600 Te-

29 1611 137 1646 rentii
157 1612 218 1653 111,
242 1612 337 1655 5,1‚
362 1614 494 1647 Moret.
512 1625 583 1648 sec.
604 1613 814 1654 Zulichem.;
840 1619 877 1646 et
891 1613 1026 1647 Pierius
1046 1626 1088 1647 ex
1110 1614 1213 1647 codd.
1232 1614 1284 1647 ita
1301 1619 1454 1647 notarat.
1501 1612 1561 1646 Sic

30 1666 66 1693 et
82 1671 170 1693 unns
188 1659 306 1694 Mead.
330 1660 495 1706 (Parisini
515 1662 680 1696 7.8.11.
713 1659 768 1696 14.
794 1672 872 1694 cum
899 1664 996 1695 Serv.
1016 1661 1142 1694 Dresd.
1179 1662 1278 1705 Wr.)
1306 1667 1343 1693 et
1366 1666 1453 1694 vett.
1479 1659 1561 1693 edd.

29 1712 67 1741 et
82 1705 290 1752 exquisitius
311 1707 382 1741 hoc
397 1707 581 1753 magisque
604 1720 646 1742 ex
663 1719 729 1741 usn
749 1714 878 1752 poetae
897 1720 999 1753 quam
1014 1708 1109 1753 vulg.
1132 1708 1319 1753 relinquit.
1353 1707 1413 1752 (in
1432 1707 1496 1740 tali
1520 1718 1561 1740 re

28 1753 196 1788 audiendi
220 1753 381 1795 oodioe35
406 1767 515 1800 quare
534 1756 700 1789 revocavi
718 1754 846 1800 optimi
874 1754 1041 1800 cuiusque
1064 1755 1150 1789 libri
1166 1754 1355 1788 lectionem
1374 1755 1561 1800 relinquit,
1592 1784 1598 1789 .

0 1804 2 1806 ’
27 1801 216 1848 probatam
243 1801 352 1836 etiam
371 1779 503 1836 ’Iahnio
530 1802 576 1836 ad
605 1803 669 1836 Ge.
703 1803 765 1845 IV,
790 1800 873 1838 434·
913 1804 970 1837 W
965 1803 1011 1846 r)
1122 1802 1204 1837 520.
1229 1803 1296 1838 521
1320 1801 1407 1836 Non
1433 1800 1563 1835 umbra

15 1847 87 1882 ed.
104 1849 223 1883 Bnrm.
242 1855 280 1883 et
295 1856 421 1883 nostra
440 1849 561 1894 prior,
587 1862 607 1883 e
634 1849 736 1883 vitio.
779 1849 922 1894 (Medic.
943 1852 1005 1884 An
1026 1862 1074 1890 ιι.
1099 1862 1123 1883 a
1138 1848 1279 1894 quidem
1307 1848 1418 1882 ferme
1436 1848 1563 1881 abrasa

29 1901 68 1929 et
86 1898 195 1940 snpra
213 1895 320 1942 pictis
336 1896 451 1930 literis
472 1909 532 1931 on.
561 1898 659 1941 Wr.)
707 1909 781 1930 non
800 1898 973 1944 gramina
991 1905 1151 1943 possunt
1177 1897 1297 1930 Grata
1316 1908 1462 1930 movere
1479 1894 1561 1929 edd.

28 1942 220 1977 nonnullae
241 1951 322 1978 ante
341 1943 507 1978 Pieriam.
555 1946 676 1978 Parta
691 1943 885 1978 Zulichem.

29 2053 135 2089 rem,
164 2040 363 2089 furorem,
392 2040 539 2078 mentis
565 2026 770 2079 abaliena-

27 2096 206 2147 tionem,
258 2103 307 2136 ut
355 2098 436 2136 iam
471 2096 769 2151 Philargyrius,

28 2154 230 2204 hostibus,
267 2156 467 2208 profanis,
498 2156 650 2209 impiis,
680 2170 770 2194 sce-

27 2213 162 2262 lestis,
190 2227 285 2266 opp.
307 2215 408 2265 piis.
452 2213 692 2253 Aemulatus
709 2220 771 2253 est

28 2270 294 2321 Nicandrum,
312 2271 497 2311 Theriac.
510 2274 566 2314 86
578 2269 766 2325 Ἐχθρῶν

27 2345 112 2378 που
127 2328 224 2382 τέρα
238 2333 356 2371 κεῖνα
371 2326 579 2383 καρήασιν
595 2326 767 2383 ἐμπελά-

29 2400 123 2429 σειε.
183 2387 318 2426 Placet
335 2388 411 2427 sibi
433 2389 476 2427 in
495 2387 574 2427 hac
590 2389 769 2427 formula

29 2445 220 2485 ovidius:
243 2460 284 2485 v.
301 2460 335 2485 e.
367 2446 565 2485 Hostibus
583 2449 770 2486 eveniant

29 2506 219 2543 convivia
247 2506 353 2543 talia
393 2507 550 2544 nostris.
618 2505 699 2543 Sed
728 2511 770 2544 et

28 2561 82 2601 in
97 2575 206 2614 seqq.
226 2563 376 2601 mirare
397 2563 591 2602 dilectum
608 2570 767 2615 poetae,

18 2613 111 2672 ”lluo
143 2620 279 2659 omnia
313 2634 361 2659 ea
385 2621 641 2674 potissimum
680 2635 769 2659 me-

28 2684 185 2728 morat,
231 2692 336 2731 quae
371 2694 456 2719 non
492 2686 578 2718 tam
614 2678 768 2718 horro-

28 2749 130 2786 rem,
151 2750 274 2788 quam
288 2737 588 2777 miserationem
601 2751 767 2777 movere

29 2793 200 2847 possint.
259 2794 358 2838 515.
369 2796 572 2848 fumans,
602 2796 763 2835 sudore.

29 2851 292 2895 517—519.
321 2853 592 2893 Lacrimosam
622 2854 765 2906 imagi-

28 2922 123 2948 nem
150 2909 277 2948 sensit
309 2915 350 2948 et
376 2912 576 2964 expressit
611 2913 764 2951 Statius

29 2966 156 3006 Theb.
200 2967 279 3017 lx,
309 2969 442 3010 82—
469 2969 538 3013 85.
580 2969 763 3010 Gueuius

829 2040 954 2079 alium
981 2039 1117 2078 locum
1141 2039 1285 2079 laudat
1314 2053 1335 2077 e
1355 2037 1563 2091 Tryphio-

828 2098 952 2147 doro,
991 2097 1177 2150 dignum,
1208 2097 1277 2148 qui
1303 2102 1562 2148 comparetur

829 2153 888 2209 (v.
910 2154 963 2197 14
979 2178 1038 2185 —
1062 2154 1146 2209 16).
1205 2157 1291 2198 520
1308 2177 1367 2185 —
1381 2154 1479 2198 524.
1499 2154 1562 2192 al-

827 2214 1009 2252 teriusne
1038 2212 1160 2252 huius
1186 2213 1347 2252 iuvenci
1364 2211 1561 2264 supersti—

823 2273 898 2322 tis,
937 2286 987 2310 an
1026 2271 1160 2320 tauri,
1209 2271 1277 2322 qui
1316 2270 1560 2324 prociderat,

826 2344 879 2368 an
900 2330 1090 2369 universe
1117 2329 1271 2368 taurini
1298 2329 1452 2381 generis
1474 2329 1562 2367 sor-

824 2395 970 2428 tunam
1004 2388 1191 2441 deplorat
1226 2388 1378 2440 poeta?
1431 2386 1561 2424 ambi-

826 2461 928 2499 guus
954 2445 1114 2485 haereo.
1174 2446 1238 2495 Si,
1280 2445 1392 2497 quod
1416 2445 1559 2484 ultimo

826 2505 917 2544 loco
949 2506 1087 2557 posui,
1117 2504 1366 2556 probabilius
1393 2509 1476 2553 est,
1508 2502 1563 2541 ad

826 2577 956 2602 unum
982 2563 1123 2601 saltem
1150 2568 1318 2601 taurum
1336 2561 1560 2609 revocavit,

824 2627 873 2660 ut
898 2627 1041 2672 poeta,
1081 2634 1184 2672 quae
1218 2620 1268 2658 de
1296 2626 1387 2659 toto
1416 2632 1561 2671 genere

824 2679 1092 2732 pronuntiare
1108 2678 1252 2718 voluit.
1292 2677 1364 2732 (ad
1391 2678 1560 2716 univer-

824 2752 914 2777 sum
936 2738 1149 2776 tam-inum
1176 2750 1301 2789 genus
1317 2736 1416 2774 haec
1436 2749 1561 2774 revo-

826 2795 956 2834 canda
995 2809 1078 2834 esse
1097 2825 1108 2845 ,
1167 2794 1345 2834 declarat
1389 2794 1561 2832 verbum

815 2862 1046 2906 pascuntur
1082 2867 1142 2893 vs,
1173 2853 1269 2896 528.
1315 2852 1386 2891 W
1379 2850 1444 2905 r.)
1514 2851 1559 2889 In

822 2913 958 2951 verbis
978 2912 1174 2964 expressit
1192 2916 1331 2949 noster
1348 2908 1559 2948 Lucretia-

821 2984 876 3010 na
907 2970 966 3021 H,
988 2972 1069 3013 361
1088 2991 1146 3000 —
1166 2970 1250 3012 363
1281 2968 1372 3007 Nec
1403 2976 1558 3021 tenerae
