1734 3320
283 180 771 271 GEORclcoN
805 213 947 264 ΜΒ.
969 215 1058 279 lv,
1079 221 1373 270 290-294
1479 221 1580 270 645

33 337 49 370 T*
62 339 199 391 bia-or,
222 339 284 384 si,
300 340 398 388 quod
415 340 453 374 in
470 341 569 375 Nota
585 339 748 386 apposni,
773 340 1081 375 animadverteris:
1116 343 1193 377 Nili
1211 344 1303 379 ostia
1322 345 1392 379 duo
1412 351 1578 385 extrema,

64 387 110 424 'nb
130 387 323 422 occidente
347 387 580 443 Canopicum,
605 388 650 421 ab
678 387 814 421 oriente
842 387 1080 431 Pelusiacum,
1114 389 1228 431 innui3
1262 392 1331 425 hoc
1358 392 1505 425 alterum
1532 393 1578 426 ad

35 459 37 462 .
54 433 151 470 fines
170 434 311 481 imperii
334 434 492 469 Parthici
512 442 674 480 spectare
701 434 814 467 videri
836 434 975 480 potuit,
998 447 1076 468 cnm
1103 437 1235 471 Arabes
1254 439 1359 471 modo
1383 438 1486 472 armis
1505 439 1577 472 do-

23 507 27 514 .
56 481 147 518 niti
161 481 269 530 11ιῷὶο
288 481 461 516 societate
478 493 655 515 armorum
682 481 791 515 iuncti
811 480 989 515 interiecti
1009 489 1138 517 essent.
1185 485 1276 517 Tum
1297 497 1382 518 vero
1402 487 1535 519 vicinia
1556 499 1576 519 a

30 557 32 559 ,
62 529 238 581 fidenam
261 528 325 563 ubi
343 528 531 562 deduxeris
544 555 553 571 ‚
577 528 777 573 intelliges:
811 530 966 562 eundem
990 529 1119 563 Nilum
1140 543 1275 577 urgere
1294 533 1429 565 vicinia
1448 534 1577 566 Persi-

17 582 38 590 ⁴
62 575 144 620 die,
181 574 389 622 propiorem
422 575 557 609 habere
593 587 730 610 cursum
757 587 878 609 versus
907 575 1060 610 Parthos
1091 578 1219 610 ostium
1248 577 1322 611 Nili
1352 578 1576 613 Pelusiacum.

19 621 35 659 J
54 620 240 672 fecundet
258 622 350 657 Gud.
367 622 463 669 quod
480 622 630 668 arripuit
647 622 792 656 Wakef.
811 622 903 656 hunc
919 621 955 656 in
976 623 1137 657 modum:
1165 627 1317 671 Quaque
1328 625 1496 671 phar-etr.
1526 629 1577 658 Et

11 685 48 715 5
60 668 215 704 diversa
232 682 358 704 ruens.
412 672 536 716 Usque
554 670 741 704 coloratis.
788 671 838 703 Ut
856 670 1011 703 viridem
1028 674 1136 717 Aegy
1163 680 1240 705 tum
1263 672 1375 718 nigra
1385 669 1566 717 secundet

61 728 191 751 vena.
225 717 293 762 (De
310 717 433 762 Gange
451 716 541 750 haec
566 729 611 750 ne
642 716 901 761 intelligamus,
925 723 1045 751 vetant
1069 729 1130 750 ver
1156 731 1176 752 a
1207 719 1372 752 devexus
1400 716 1446 751 ab
1470 718 1576 751 Indis

11 773 30 811 g}
60 774 113 799 vs.
129 764 224 806 293„
246 763 342 806 Nili,
374 775 444 797 non
472 763 606 809 Gangis
631 775 766 798 cursum
790 763 994 798 indicantia.
1041 765 1199 809 Heynius
1227 771 1264 798 et
1284 764 1431 799 Vossius
1449 764 1575 797 ostium

8 824 25 857 Ἰ,·
59 809 275 857 Cnnopicum
297 818 334 844 et
349 810 568 845 Pelusiacum
588 810 644 844 his
669 810 786 844 verbis
814 810 991 855 designari
1014 818 1189 854 statuunt3
1223 812 1287 846 sed
1311 811 1390 845 vide
1417 810 1575 857 primum,

9 866 14 899 j
59 868 168 904 quam
192 858 264 892 hoc
289 858 339 893 sit
362 864 471 892 tenue
489 858 526 892 h.
552 858 590 900 l.‚
614 864 797 903 utramque
815 857 889 891 Nili
918 857 1032 903 ripam
1051 858 1331 899 commemorari;
1355 865 1450 900 tum,
1474 857 1575 898 sica,

18 933 24 944 ;
59 916 151 951 quae
179 904 264 939 inde
285 918 306 939 a
331 917 382 940 vs.
411 906 494 942 290.
518 905 700 950 leguntur,
725 917 829 939 unum
851 904 976 938 ostium
1002 905 1218 940 Pelusiacum
1242 905 1448 951 designant,
1481 904 1574 946 vide,

62 963 167 999 quam
183 964 307 999 parum
325 958 410 998 apte
431 953 585 986 insertus
601 952 648 986 sit
666 964 799 986 versus.
848 955 899 986 Et
930 953 1126 987 diversa
1151 966 1266 986 tuens
1295 961 1470 1000 septem
1493 952 1574 985 dis-

3 1042 6 1046 ·
58 1000 179 1034 currit
203 1000 243 1034 in
270 1011 373 1041 ora5
407 999 559 1046 denique
582 999 639 1034 vix
664 999 876 1045 probabitur
905 998 1063 1044 cuiquam
1094 999 1197 1033 nimis
1218 999 1334 1045 ampla
1362 1006 1398 1032 et
1423 998 1573 1032 verbosa

10 1046 22 1083 ἐ,
57 1044 136 1081 Nili
149 1045 345 1093 descriptio
378 1046 499 1102 posito
522 1046 632 1093 ipsius
648 1046 724 1080 Nili
747 1059 798 1080 vs.
822 1046 903 1081 288.
921 1046 1074 1080 nomine.
1119 1047 1189 1081 Sed
1213 1046 1376 1091 leguntur
1394 1045 1433 1079 hi
1452 1056 1573 1078 versus

0 1083 23 1164 ξ
40 1091 98 1128 ⁴in
121 1092 282 1128 omnibus
303 1093 408 1127 libris
431 1106 513 1128 mss.
563 1093 737 1128 Nimirum
765 1093 858 1127 valet
885 1093 930 1126 ad
946 1104 1028 1135 eos,
1050 1095 1275 1136 5391—293.⁷
1305 1093 1400 1138 quod
1415 1091 1572 1137 Heynius

0 1163 10 1225 ἕ

0 1236 11 1253 μ

57 1139 96 1174 in
112 1141 158 1175 V.
183 1140 226 1175 L.
252 1140 395 1182 statuit,
429 1141 594 1187 quodque
622 1143 700 1187 ipse
722 1140 794 1174 dixi
818 1140 863 1173 ad
890 1141 953 1174 Ge.
982 1141 1044 1182 IV,
1075 1141 1178 1176 203:
1210 1141 1323 1174 videri
1347 1139 1488 1186 quidem
1504 1138 1571 1171 hos

12 1192 16 1219 ζ
58 1185 129 1222 vss.
150 1199 229 1222 esse
247 1187 414 1233 Virgilii,
437 1189 503 1222 sed
521 1188 670 1232 margini
696 1187 828 1222 codicis
845 1187 997 1220 fortasse
1019 1187 1063 1220 ab
1093 1188 1171 1232 ipso
1191 1187 1326 1229 auitos,
1366 1193 1444 1229 aut,
1475 1184 1572 1231 qnod

38 1233 168 1280 ⁸magis
210 1235 394 1279 robabile,
419 1248 461 1269 ex
476 1235 556 1269 aliis
578 1235 651 1269 eius
670 1234 899 1277 carminibus,
938 1234 1132 1279 deperditis
1159 1234 1228 1268 illis
1247 1234 1406 1280 quidem,
1439 1233 1482 1266 ab
1501 1231 1571 1265 ali—

56 1293 131 1328 quo
150 1293 172 1316 a
216 1280 363 1328 criptos,
389 1289 426 1316 et
444 1282 527 1317 hinc
546 1283 583 1316 in
603 1289 700 1316 texta
721 1282 892 1315 invectos.
939 1281 1041 1315 Cuius
1060 1282 1113 1315 rei
1130 1282 1216 1315 fides
1238 1281 1383 1314 mirifice
1402 1281 1439 1314 h.
1457 1280 1482 1312 l.
1505 1291 1570 1312 au-

0 1342 13 1365 r
56 1335 162 1375 genu·
181 1341 246 1373 eo,
270 1330 366 1376 quod
385 1329 519 1376 triplex
541 1336 595 1363 est
613 1330 773 1364 codicum
794 1329 883 1362 inter
909 1341 947 1362 se
968 1327 1205 1374 discrepantia
1223 1329 1260 1362 in
1281 1326 1495 1363 collocandis
1514 1325 1571 1359 his

55 1376 229 1411 versibus.
276 1377 347 1412 Sed
363 1389 615 1423 persequamur
633 1377 781 1422 reliqua.
828 1375 930 1409 Nihil
954 1375 1034 1409 dico
1050 1376 1096 1409 de
1114 1375 1284 1421 epithetis
1307 1375 1436 1409 viridis
1454 1380 1491 1407 et
1508 1373 1571 1406 ni-

0 1428 9 1456 ζ·
27 1421 29 1424 ’
82 1435 145 1466 νας
169 1435 378 1479 quamquam
396 1431 500 1458 erunt
518 1430 665 1469 praeter
684 1425 894 1469 Bryantum‚
920 1422 1045 1468 quibus
1068 1423 1156 1457 haec
1174 1423 1285 1456 minus
1305 1422 1478 1468 placeant.
1526 1423 1571 1452 At

53 1435 209 1505 §ersis
233 1471 410 1517 quomodo
436 1475 496 1505 Ae
508 1484 596 1517 gyp
609 1479 652 1505 to
680 1471 796 1505 vicina
814 1469 885 1503 dici
904 1469 1027 1515 possit,
1051 1482 1122 1503 non
1141 1477 1283 1514 exputo.
1304 1469 1470 1503 'Parthos
1488 1478 1570 1500 sae-

53 1528 102 1563 pe
121 1529 142 1552 a
164 1517 283 1563 poetis
304 1518 376 1552 dici
392 1519 539 1561 Persas,
571 1531 689 1552 verum
713 1526 766 1552 est
783 1517 941 1563 quidem3
974 1516 1039 1550 sed
1056 1516 1179 1550 Parthi
1199 1517 1303 1551 etiam
1325 1528 1394 1561 quo
1415 1515 1490 1548 iure
1510 1512 1569 1547 di—

54 1571 177 1599 cantur
194 1565 231 1599 in
249 1565 408 1603 confiniis
431 1566 587 1612 Aegypti
607 1565 771 1599 habitare
784 1591 793 1606 ,
816 1576 886 1597 non
910 1564 1084 1608 intelligo.
1118 1566 1244 1609 Neque
1265 1564 1294 1597 is
1312 1569 1365 1597 est
1386 1562 1444 1597 hic
1457 1562 1570 1602 locus,

53 1611 116 1645 ubi
139 1611 247 1646 liceat
272 1612 420 1646 liberius
442 1614 494 1647 uti
520 1613 733 1659 populorum
750 1611 966 1646 nominibus:
1000 1623 1126 1655 nempe
1150 1611 1187 1644 in
1208 1611 1278 1645 situ
1292 1611 1450 1644 locorum
1464 1619 1570 1642 accu-.

51 1658 161 1694 ratius
178 1659 380 1694 definiendo
399 1672 461 1694 sua
482 1667 520 1694 et
535 1661 681 1706 propria
699 1658 949 1693 vocabulorum
966 1658 1113 1691 notione
1135 1659 1300 1692 utendum
1319 1665 1392 1699 est,
1417 1662 1457 1688 ut
1478 1653 1570 1688 faci-

47 1705 89 1740 le
140 1705 230 1741 nivis
253 1706 393 1751 videat,
429 1720 519 1753 quae
546 1707 749 1752 designetur
777 1706 889 1751 regio.
949 1707 1065 1747 Quare
1091 1705 1216 1739 adduci
1246 1716 1317 1738 non
1344 1714 1507 1750 possum,
1530 1707 1570 1734 ut

23 1766 26 1768 ’
53 1764 114 1788 cre
213 1754 365 1797 Vossio,
400 1755 536 1789 Arabes
559 1766 698 1801 quoque
718 1755 900 1787 Persarum
920 1753 1061 1786 nomine
1080 1751 1341 1798 comprehendi.
1389 1749 1482 1791 Quid
1497 1748 1569 1793 igi-

50 1795 138 1834 tur?
162 1812 242 1834 num
272 1801 482 1835 eiiciendum
508 1802 708 1847 putabimus
736 1813 787 1834 VS.
805 1799 915 1836 290st
960 1803 1006 1833 At
1024 1799 1133 1833 verba
1160 1801 1276 1843 omnis
1301 1798 1403 1845 regio
1421 1809 1470 1829 vs.
1487 1794 1569 1831 294.

51 1846 111 1882 vix
131 1847 296 1882 videntur
312 1849 503 1883 admittere
529 1849 621 1883 hanc
641 1849 777 1882 critices
798 1846 1041 1887 severitatem5
1072 1858 1187 1891 neque
1208 1846 1299 1879 enim
1321 1843 1490 1878 credibile
1507 1849 1570 1884 est,

50 1893 142 1929 haec
169 1902 314 1940 poetam
347 1896 565 1930 adiecturum
594 1896 722 1938 fuisse,
754 1895 785 1929 si
808 1907 887 1927 eum
913 1894 1020 1928 modo
1046 1900 1193 1927 tractum
1212 1891 1364 1936 intelligi
1390 1890 1570 1930 voluisset,

50 1941 113 1988 qui
134 1948 190 1976 est
210 1942 302 1977 circa
324 1943 515 1988 Canopum.
563 1945 706 1988 Integer
726 1949 781 1975 est
796 1942 904 1986 igitur
925 1947 962 1974 et
979 1941 1168 1985 genuinus,
1192 1939 1223 1973 si
1243 1940 1327 1986 quid
1343 1938 1460 1979 video,
1487 1948 1571 1970 ver-

50 1990 223 2025 sus‘290.
281 1993 330 2024 Ac
361 1991 517 2024 Persidis
552 1990 694 2024 nomine
720 1988 869 2022 indicari
895 2000 1040 2032 regnum
1064 1987 1282 2028 Parthicum,
1315 1985 1402 2019 mihi
1431 1995 1570 2030 quoqne

0 2043 13 2081 ’ξ
49 2047 255 2081 persuasum
285 2043 358 2077 est;
383 2037 433 2070 sic
461 2037 554 2070 enim
579 2038 703 2070 Persas
721 2035 840 2069 vocari
870 2046 952 2077 εοε,
977 2034 1037 2079 qui
1063 2034 1209 2079 proprie
1225 2032 1349 2067 Parthi
1367 2029 1570 2077 appellandi

51 2089 171 2126 erant,
198 2095 240 2116 ex
260 2084 434 2117 communi
452 2091 635 2129 poetarum
656 2095 720 2116 nsu
738 2083 833 2115 inter
852 2093 972 2114 omnes
992 2081 1174 2114 constabat
1189 2080 1255 2113 illo
1275 2087 1447 2124 tempore.
1480 2079 1570 2110 Par-

47 2130 131 2164 thos
157 2137 272 2164 autem
290 2130 491 2176 Euphrates
522 2138 594 2164 tum
615 2130 823 2174 seiungebat
847 2140 865 2161 a
886 2130 1120 2161 Romanorum
1146 2126 1308 2171 imperio.
1357 2127 1477 2170 Itaque
1498 2126 1570 2168 sy·-

0 2212 2 2217 ,
47 2177 138 2211 riam
154 2184 244 2223 puto
264 2190 285 2211 a
299 2177 451 2222 Virgilio
472 2177 528 2210 his
548 2177 664 2210 verbis
684 2175 884 2222 significari.
934 2175 1038 2216 Quod
1057 2181 1170 2207 autem
1201 2174 1245 2207 de
1268 2172 1369 2218 Syria
1387 2171 1476 2204 nihil
1494 2170 1569 2203 tale

0 2222 7 2238 ”
47 2235 70 2258 a
86 2224 268 2259 veteribus
295 2224 527 2270 scriptoribus
558 2224 749 2258 memoriae
774 2222 955 2268 proditum
981 2227 1054 2262 est,
1087 2220 1177 2253 nihil
1200 2232 1265 2253 nos
1284 2230 1426 2253 movere
1448 2218 1569 2259 debet,

46 2271 155 2306 modo
178 2278 338 2313 constet,
363 2272 400 2305 id
422 2272 517 2317 quod
537 2284 579 2305 ex
596 2271 683 2317 ipsis
702 2271 819 2304 verbis
840 2268 994 2315 perspici
1013 2268 1170 2301 existimo
1183 2293 1192 2310 ‚
1223 2279 1298 2300 eam
1314 2266 1442 2307 fuisse,
1467 2276 1569 2310 quam

48 2318 124 2351 dixi
138 2345 148 2361 ,
170 2326 301 2364 poetae
319 2319 533 2364 opinionem.
581 2321 653 2352 Iam
673 2329 758 2351 vero
775 2317 856 2351 vide
875 2316 982 2358 mihi,
1006 2327 1106 2360 quam
1122 2314 1228 2347 alieni
1246 2314 1316 2347 sint
1333 2314 1376 2346 ab
1397 2312 1463 2345 hac
1484 2323 1568 2344 ora—

14 2378 18 2379 ’
46 2364 148 2400 tione
167 2372 242 2399 tres
263 2366 414 2411 proximi
434 2366 575 2399 versus!
601 2377 687 2411 quos
708 2365 777 2398 iam
797 2375 840 2397 eo
853 2390 862 2405 ,
886 2363 978 2396 unde
996 2362 1237 2407 irrepserunt,
1259 2360 1449 2405 remigrare
1472 2357 1566 2391 iussi.

46 2413 214 2446 ceterum
237 2412 365 2454 miror,
390 2413 586 2458 Heynium‚
611 2413 675 2446 Iul.
695 2411 816 2446 Sabini
837 2410 1045 2444 auctoritate
1062 2416 1212 2451 motum,
1237 2408 1366 2441 dudum
1389 2419 1408 2439 e
1430 2404 1567 2438 Latini—

45 2465 122 2494 tate
151 2460 301 2494 eiectum
332 2460 542 2494 vocabulum
569 2461 743 2493 vicinium
768 2469 937 2492 revocare
963 2456 1129 2490 voluisse.
1175 2455 1279 2498 Wr.)
1403 2453 1473 2488 293
1498 2451 1569 2485 Ille

29 2502 216 2541 'nottend.
246 2519 301 2552 pr.
330 2519 396 2552 pro
428 2520 500 2541 var.
528 2507 611 2540 lect.
635 2506 706 2541 τοῦ
743 2508 877 2551 Usque.
936 2504 1109 2538 devectus
1134 2502 1320 2536 nonnullos
1337 2500 1489 2545 legisse,
1523 2510 1567 2531 ne

0 2554 5 2560 ’
45 2553 205 2594 dubites;
240 2566 344 2587 sensu
376 2554 481 2600 plane
509 2554 652 2591 eodem;
686 2553 750 2587 sed
788 2552 901 2585 minus
929 2551 1088 2596 poetice3
1131 2550 1227 2595 quod
1260 2548 1387 2582 declivi
1418 2547 1473 2580 via
1500 2546 1567 2579 de—

44 2600 177 2644 fertur,
209 2601 247 2634 id
277 2608 333 2635 est
360 2602 549 2635 devexum.
599 2600 644 2634 ab
671 2601 783 2634 undis
809 2601 933 2633 Franc.
1050 2597 1121 2633 294
1143 2599 1183 2630 [n
1210 2597 1308 2630 hanc
1337 2597 1483 2629 Roman.
1505 2605 1567 2625 re-

43 2649 109 2695 gio
133 2656 270 2682 certam
299 2650 422 2682 Franc.
479 2657 578 2682 certe
600 2648 728 2681 Medic.
757 2659 777 2680 a
812 2660 857 2680 m.
882 2658 934 2691 pr.
983 2647 1079 2678 iacet
1102 2645 1249 2677 Roman.
1278 2643 1367 2675 Gud.
1399 2654 1419 2675 a
1448 2653 1493 2696 ξπ.
1513 2651 1566 2683 pr.

46 2700 85 2728 et
104 2694 176 2729 alii.
202 2696 325 2740 (etiam
350 2696 388 2729 in
414 2695 577 2729 Mediceo
602 2696 691 2729 iacit
704 2700 859 2727 mutatur
878 2693 914 2725 in
934 2693 1045 2732 iacet;
1078 2691 1188 2733 male,
1214 2701 1419 2736 quamquam
1438 2688 1565 2730 αρχαϊ-

46 2741 123 2782 ’κῶς
139 2742 299 2776 locutum
315 2751 459 2789 poetam
488 2742 612 2787 aliquis
640 2741 776 2775 dixerit.
805 2742 862 2776 W
858 2740 902 2784 r.)
953 2740 1051 2785 petit
1073 2740 1252 2780 Venetus,
1288 2749 1331 2770 ex
1348 2736 1566 2778 interpreta-

8 2832 11 2834 ‚
42 2788 155 2832 fiune.
202 2789 317 2824 imbre
335 2789 521 2825 salubrem
538 2790 610 2823 Erf.
629 2802 650 2823 a
666 2802 711 2822 m.
730 2801 795 2835 pr.,
827 2794 975 2832 stupore
998 2785 1147 2819 librarii.

42 2890 131 2935 tae,
163 2884 264 2924 fines
284 2898 401 2937 saepe
423 2900 508 2924 non
527 2885 623 2923 satis
647 2884 781 2923 subti-
840 2884 1014 2922 locatam
1036 2881 1150 2921 vides
1171 2893 1223 2917 ex
1239 2890 1362 2916 verss.
1387 2875 1565 2913 Homero

42 2942 158 2993 liter,
209 2957 261 2981 ex
295 2942 560 2995 geographica
600 2944 778 2992 ratione,
835 2941 1001 2980 tributis
1045 2937 1153 2991 apud
1194 2935 1357 2974 Diodor.
1396 2932 1468 2981 ΙΙΙ,
1498 2933 1565 2972 66.

44 3000 264 3054 designare.
295 3001 446 3053 Nysam
471 3001 523 3039 ad
542 3001 677 3040 Nilum
692 3001 778 3039 col-
838 3000 994 3047 Persae,
1028 2997 1069 3035 11.
1103 2996 1129 3034 l.
1156 3008 1229 3046 pro
1264 2990 1435 3045 imperio
1463 2989 1566 3028 Par-
