1768 3320
184 225 269 277 m

188 349 354 410 Tum,
393 344 525 394 casia
546 353 705 411 atque
727 341 835 391 aliis
858 340 1096 389 intexens
1118 334 1365 385 suavibus
1384 334 1584 401 herbiS,
1619 351 1630 380 a.

185 415 368 468 Mollia
387 413 586 465 luteola
603 413 772 480 pingit
790 409 1018 460 vaccinia
1039 404 1219 456 caltha.
1450 419 1451 422 ’

485 210 578 269 ,.P.‘
613 215 967 269 V‘IRGILII
1009 209 1428 263 MARONIS,

1585 409 1704 457 '50

187 489 310 554 Ipse
333 500 432 550 ego
453 501 581 533 cana
596 482 769 547 legam
785 489 969 530 tenera
987 475 1237 540 lanugine
1255 475 1410 538 mala,

232 624 280 660 49
316 627 402 658 Cum
430 624 531 658 casia
554 623 643 656 ven.
675 627 712 654 et
738 619 899 653 Parrhas.
927 619 1030 651 Tunc
1051 615 1164 650 multi.

1257 615 1306 652 50
1338 615 1502 663 Pinguia
1522 615 1547 650 l.
1566 615 1704 650 Nouius

186 671 371 708 Marcellus
389 671 427 705 in
443 670 595 704 calcula.
617 668 720 702 aliter
738 667 845 700 Prisc.
865 665 888 699 1.
909 666 967 698 ΙΙΙ.

186 781 286 822 Plin.
305 779 357 820 H.
374 779 421 818 N.
449 777 561 827 XXI,
586 777 649 818 14.
669 774 831 814 humilis
859 774 911 812 sit

187 851 410 893 parumque
426 836 611 889 speciosa,
634 840 673 872 et
693 840 911 871 auctunmo

187 898 355 946 floreat,
387 895 514 933 alieno
535 893 583 931 ab
603 891 644 931 h.
665 891 691 930 l.
718 897 912 944 tempore.

187 956 338 995 Verum
353 953 408 991 ibi
427 950 571 990 diserte
580 949 729 988 Plinius
749 947 914 999 inuma-

187 1014 338 1052 ximam
358 1023 440 1049 esse
466 1009 585 1048 luteis
606 1007 915 1057 auctoritatem3

189 1077 230 1110 et
238 1074 468 1122 arg1m1ento
478 1081 503 1104 a
511 1073 690 1119 tempore
702 1066 829 1118 petito
844 1079 915 1103 oc-

189 1141 351 1167 cursum
380 1139 500 1179 supra
529 1140 551 1163 a
568 1123 746 1177 Spohnio
774 1123 827 1161 ad
854 1137 913 1162 vs.

188 1186 256 1229 46.
299 1187 362 1226 W
362 1183 410 1239 r.)
476 1185 694 1235 Papavera
734 1187 830 1221 sunt
863 1194 915 1219 ex

187 1257 327 1296 genere
342 1241 534 1290 silvestri,
552 1241 652 1279 flore
670 1240 761 1278 rufo
772 1270 782 1289 ,
804 1238 915 1291 quod

187 1303 231 1341 in
243 1301 348 1340 arvis
369 1314 460 1339 cum
480 1297 634 1337 hordeo
653 1298 913 1347 numimewna-

186 1359 324 1399 scitur.
353 1358 451 1397 Plin.
470 1357 580 1406 XIX,
592 1358 630 1398 9.
649 1355 730 1395 vid.
749 1356 912 1394 Martin.

187 1417 230 1456 h.
254 1417 281 1455 1.
313 1421 353 1454 et
387 1416 439 1454 ad
465 1416 535 1454 Ge.
563 1414 603 1464 I,
629 1416 697 1456 78.
737 1415 913 1452 Narcis-

187 1490 254 1513 sus
272 1488 323 1513 ex
338 1488 384 1513 eo
404 1473 544 1524 utique
560 1485 701 1525 genere
714 1477 785 1521 est,
803 1471 915 1524 quod

187 1547 259 1572 nos
276 1532 334 1571 ita
355 1532 608 1585 appellamus,
637 1544 678 1569 v.
713 1530 832 1569 eund.
862 1530 915 1568 ad

189 1592 258 1629 Ge.
269 1590 334 1639 IV,
351 1593 444 1632 122.
456 1588 662 1628 Schreber.
680 1588 733 1626 ad
745 1588 913 1627 Theocr.

188 1650 218 1699 I,
251 1650 330 1690 133
366 1662 458 1686 cum
496 1648 669 1686 Linnaeo
703 1646 914 1696 consentit,

189 1707 258 1758 qui
286 1707 526 1744 Nan-issum
544 1707 748 1756 poeticum
774 1705 914 1744 edidit.

191 1764 322 1818 (Quae
339 1770 474 1802 autem
496 1763 617 1802 Iulius
637 1763 806 1802 Sabinus
822 1763 864 1802 h.
886 1764 913 1802 l.

189 1822 313 1861 habet
333 1822 381 1860 (16
399 1821 594 1870 Narcisso,
621 1821 776 1859 coronis
794 1822 914 1860 Erin—

190 1894 316 1933 nyum
340 1880 560 1929 destinato,
590 1880 717 1931 petita
741 1885 837 1918 sunt
863 1893 915 1918 ex

191 1938 323 1977 Schol.
356 1937 539 1990 Sophocl.
567 1938 664 1976 Oed.
689 1938 770 1976 Col.
799 1936 912 1991 681.)

190 1996 393 2035 Anethum
412 2002 596 2034 nostrum
616 1996 728 2045 Tille,
747 1996 914 2045 s.Dille,

190 2055 280 2103 dill,
313 2062 429 2103 anet,
468 2067 548 2091 esse
573 2060 764 2106 putatur,
805 2053 915 2105 quod

191 2117 233 2150 et
253 2112 296 2150 in
314 2111 609 2151 nostrishortis
628 2112 784 2161 visitur,
815 2112 916 2150 flore

191 2169 310 2209 flavo.
343 2167 506 2222 ἄνηθον
531 2170 649 2207 etiam
679 2170 917 2208 Theocritus

193 2241 283 2266 cum
315 2227 414 2266 rosis
441 2234 481 2266 et
509 2228 623 2266 violis
665 2228 793 2280 iungit
833 2229 915 2277 VII,

193 2289 264 2328 63:
294 2285 458 2324 Dubites
488 2292 622 2324 tamen
649 2286 698 2323 de
731 2286 806 2324 alio
825 2286 914 2324 loco

190 2343 307 2395 Idyll.
328 2343 415 2392 XV,
450 2346 541 2385 119.
586 2344 685 2382 Cum
712 2345 853 2382 malvis
875 2350 916 2382 et

193 2402 281 2454 apio
313 2401 441 2452 iungit
473 2396 518 2441 τό
542 2396 573 2440 τ’
594 2398 765 2449 εὐθαλὲς
791 2396 915 2443 οὖλον

192 2458 356 2511 ἄνηθον
378 2458 563 2496 Moschus
593 2459 708 2511 Idyll.
730 2460 793 2508 HI,
819 2463 913 2501 101.

192 2516 259 2559 49.
293 2517 414 2554 Casia
443 2531 465 2554 a
482 2516 609 2555 Plinio
638 2517 745 2555 inter
768 2516 915 2556 herbas

192 2589 239 2613 ac
265 2574 385 2615 flores
418 2581 647 2613 recensetur
677 2576 918 2625 coronarios,

193 2639 235 2671 et
250 2633 357 2671 inter
381 2645 467 2681 eos,
491 2645 589 2683 quos
619 2632 724 2671 circa
746 2634 918 2672 alvearia

192 2703 322 2729 serere
342 2689 465 2728 iubet.
511 2690 637 2741 Vulgo
659 2691 919 2728 lavendulam

192 2754 374 2789 nostram
397 2760 479 2785 esse
494 2752 652 2799 putant.
670 2748 752 2786 vid.
791 2749 919 2786 Corda

194 2806 248 2845 ad
282 2806 351 2845 Ge.
380 2805 446 2855 IV,
479 2808 545 2854 30,
576 2819 662 2857 pag.
693 2804 788 2846 480.
840 2806 919 2844 Sed

192 2863 390 2904 Martinus
410 2893 420 2912 ,
461 2864 700 2915 comparatis
735 2862 840 2901 inter
879 2877 919 2901 se

193 2922 340 2972 Plinio,
370 2920 600 2960 Dioscoride
618 2934 664 2958 ac
683 2919 918 2972 Theophra-

194 2986 276 3030 sto,
317 2978 457 3028 docet,
500 2979 663 3017 Casiam
699 2977 803 3016 hanc
838 2992 918 3016 cssc

969 786 1136 811 cneoron
1163 771 1433 822 Graecorum,
1466 786 1495 810 s.
1530 771 1703 824 Thyme-

970 832 1092 869 laean
1135 831 1211 868 lini
1242 830 1354 882 solio
1368 860 1379 879 ‚
1433 843 1537 882 qaae
1566 844 1705 882 grana

970 889 1107 928 cnidia
1141 889 1233 927 fert.
1272 900 1313 927 v.
1353 887 1516 926 Mai-tin.
1550 887 1603 926 ad
1634 888 1703 925 Ge.

971 948 1006 987 Π
1028 977 1039 997 ,
1105 949 1203 988 213.
1290 943 1489 1000 (Vossius
1533 945 1709 984 Zeilancl

972 1005 1158 1059 appellat.
1223 1001 1340 1058 lVr.)
1446 1003 1514 1046 50.
1568 1005 1705 1055 pingit

972 1065 1160 1106 vaccinia
1172 1093 1183 1112 ‚
1217 1061 1460 1115 hyacinthos
1478 1062 1703 1114 femgineo

974 1122 1107 1160 colore
1127 1152 1137 1171 ,
1182 1121 1339 1171 variat,
1385 1120 1546 1170 caltha,
1595 1126 1703 1158 tam-

972 1193 1094 1231 quam
1123 1179 1226 1218 flore
1256 1178 1407 1218 diversi
1440 1178 1584 1217 coloris
1596 1208 1607 1228 ,
1620 1222 1622 1224 ,
1637 1179 1703 1215 in-

971 1246 1106 1276 texens
1125 1236 1255 1275 herbis
1273 1251 1314 1276 n.
1330 1237 1459 1276 violas
1478 1243 1520 1275 et
1537 1236 1702 1288 reliqua.

970 1295 1069 1335 Aen.
1090 1295 1181 1345 VH,
1203 1294 1288 1337 488
1317 1309 1478 1334 cervam
1506 1294 1705 1333 Mollibus

971 1356 1148 1392 intexens
1187 1352 1354 1391 ornabat
1388 1367 1538 1391 cornua
1573 1354 1698 1390 sertis.

974 1412 1122 1451 Caltlza
1133 1411 1255 1463 vulgo
1277 1416 1415 1450 nostra
1427 1410 1702 1462 Ringelblum,

971 1470 1193 1522 marggold
1204 1499 1214 1519 ,
1247 1483 1382 1521 soucy,
1414 1468 1600 1508 habetur.
1619 1468 1702 1508 vid.

973 1528 1123 1578 Cerda,
1155 1541 1399 1579 quamquam
1426 1527 1475 1565 de
1496 1540 1542 1565 eo
1569 1526 1704 1565 adhue

974 1587 1136 1626 dubitat
1154 1585 1316 1625 Martin.
1338 1586 1391 1624 ad
1409 1585 1451 1624 11.
1470 1585 1496 1624 l.
1527 1585 1584 1623 De
1601 1599 1702 1624 vac—

973 1647 1090 1683 ciniis
1107 1644 1191 1684 vid.
1212 1644 1265 1682 ad
1285 1658 1324 1682 v.
1357 1646 1423 1685 18.
1453 1644 1608 1693 mollia,
1637 1649 1703 1682 te-

972 1717 1082 1753 nera,
1112 1709 1162 1742 ut
1180 1702 1263 1741 Ecl.
1280 1702 1328 1751 V,
1351 1704 1406 1743 38
1426 1702 1560 1739 mollis
1579 1701 1702 1750 viola,

972 1762 1038 1812 VI,
1068 1762 1123 1804 53
1155 1761 1289 1798 mollis
1322 1759 1564 1811 hyacinthus
1595 1765 1636 1798 et
1654 1764 1703 1798 ut

971 1825 1158 1860 nostrum
1175 1818 1287 1870 sanfi
1306 1831 1382 1871 pro
1414 1826 1512 1856 zarl.

1031 1878 1098 1920 51.
1129 1892 1235 1915 cana
1258 1877 1397 1928 legam
1423 1884 1556 1914 tenera
1579 1876 1702 1913 lanu-

970 1938 1068 1988 gine
1084 1936 1212 1973 mala.
1237 1930 1447 1986 χνοάοντα.
1470 1933 1703 1985 Intelligunt

972 1994 1094 2046 vulgo
1122 1993 1228 2031 mala
1246 1991 1439 2044 cydonia,
1471 2006 1500 2030 s.
1522 1998 1702 2041 cotonea,

972 2053 1088 2091 nobis
1115 2052 1291 2102 Quium,
1317 2063 1419 2101 quae
1439 2063 1538 2088 cana
1557 2050 1652 2088 lana
1671 2065 1701 2088 s.

973 2110 1159 2163 lanugine
1207 2109 1355 2148 obduci
1399 2109 1495 2147 satis
1531 2114 1701 2147 constat.

974 2170 1114 2217 Quum
1140 2173 1278 2206 tamen
1305 2180 1350 2204 ea
1374 2167 1511 2219 palato
1546 2167 1703 2220 puellae

974 2241 1120 2281 parum
1139 2232 1253 2278 grata
1263 2225 1382 2264 fuisse
1398 2224 1531 2263 videri
1548 2224 1704 2277 possint

975 2284 1141 2339 (oblitus
1161 2290 1248 2323 erat
1267 2283 1331 2322 vir
1358 2283 1630 2333 doctissimus,
1660 2282 1701 2321 h.

972 2345 998 2382 1.
1019 2344 1068 2381 (16
1090 2357 1134 2381 re
1161 2342 1374 2381 coronaria
1397 2342 1477 2393 agi,
1509 2341 1562 2379 ad
1582 2355 1703 2392 quam

971 2403 1206 2440 reseruntur
1244 2413 1403 2452 quoque
1439 2398 1588 2438 calathi
1623 2399 1702 2437 flo—

971 2460 1083 2499 ribus
1112 2466 1152 2498 et
1176 2458 1305 2511 pomis
1329 2458 1579 2510 nucibusque
1605 2458 1702 2496 scite

973 2518 1145 2572 ornati),
1177 2517 1338 2557 coniicit
1353 2516 1554 2555 Martinus
1581 2516 1703 2568 signi-

974 2577 1087 2615 ficari
1114 2590 1137 2613 a
1158 2581 1278 2627 poeta
1294 2576 1530 2627 praecocia,
1561 2588 1591 2612 s.
1625 2588 1702 2612 no-

975 2641 1059 2673 stra
1081 2634 1313 2686 Apricosen.
1354 2632 1434 2671 Sed
1451 2633 1617 2684 vulgata
1635 2633 1702 2670 in—

974 2692 1213 2745 terpretatio
1225 2690 1457 2730 confirmari
1476 2690 1596 2729 etiam
1606 2696 1702 2742 pot-

976 2757 1036 2789 est
1057 2764 1106 2789 ex
1124 2748 1267 2788 Alcimi
1294 2749 1589 2801 Epigrammate
1614 2747 1702 2786 An—

975 2808 1125 2860 tholog.
1139 2809 1276 2846 Burm.
1302 2807 1346 2845 T.
1366 2807 1396 2856 I,
1417 2821 1457 2846 n.
1474 2809 1572 2855 211,
1593 2806 1704 2858 quod

977 2879 1026 2903 ex
1054 2866 1095 2905 h.
1125 2866 1150 2905 l.
1190 2878 1423 2918 expressum
1441 2895 1452 2914 ,
1502 2865 1574 2902 ubi
1602 2865 1704 2902 haec

976 2925 1087 2961 mala
1122 2923 1351 2962 redduntur
1384 2922 1589 2961 velleribus
1617 2922 1703 2960 lutr-

975 2990 1064 3019 szzlcz
1084 2983 1254 3033 cydonia
1273 2983 1400 3019 canis.
1424 2980 1612 3034 Calpurn.
1624 2981 1702 3018 Ecl.
