1734 3320
141 228 244 275 630

138 350 225 400 Bis
245 349 493 416 gravidos
519 361 720 418 cogunt
737 349 904 416 fetus,

491 225 547 275 P.
588 224 939 277 VIRGILII
981 224 1357 278 MARONIS

945 350 1056 402 duo
1081 360 1333 422 tempora
1352 353 1564 405 messis:

184 470 254 506 231
279 467 410 516 foetos
439 482 494 516 pr.
523 471 697 505 Rottend.
749 472 894 517 „flores
924 468 1148 505 emendatum
1173 472 1253 506 fuit.
1301 473 1348 506 Et
1373 473 1465 506 bene
1497 471 1679 527 gravidos

130 518 274 564 flores,
301 517 383 563 quia
411 530 452 552 ex
479 518 536 552 his
571 519 688 552 omnia
721 521 929 563 generant.“

979 518 1037 552 Sic
1064 519 1322 566 Philargyrius.
1380 519 1493 555 Vides
1523 518 1677 565 lneptias

139 564 384 599 Grammatici:
410 565 470 611 qui
493 572 612 599 tamen
632 567 723 599 bene
745 565 856 599 sensit
877 563 1125 600 difficultatem
1146 566 1263 601 inesse
1280 566 1360 601 voci
1372 566 1494 614 setus.
1542 567 1677 601 Versus

137 613 207 649 231
220 612 345 648 —235
368 612 574 658 interpositi
602 625 740 647 cursum
763 613 935 647 orationis
963 613 1138 660 impedire
1155 614 1368 648 videbantur
1384 616 1435 649 Io.
1455 613 1676 655 Schrader03

138 659 361 705 malebatque
379 660 441 694 ille
467 666 528 694 eos
557 667 642 706 post
662 673 695 695 v.
723 661 794 697 238
817 660 1008 695 collocare.
1057 662 1110 696 Ita
1134 673 1220 697 vero
1243 662 1313 697 alia
1338 662 1511 696 orationis
1535 660 1678 708 asperi—
1732 666 1734 669 ’

137 713 192 741 tas
207 706 399 742 suboritur.

129 805 250 856 prius
276 803 429 844 liaustu
470 819 636 856 sparsus
673 819 879 857 aquarum

145 862 356 915 Orasove.
422 862 463 901 Si
488 877 587 902 vera
616 862 717 901 haec
739 869 800 902 est
817 863 879 902 le-

139 920 241 971 ctio,
271 927 312 959 et
338 922 370 959 si
395 921 695 975 interpretandi
720 922 879 974 regulas

138 979 335 1030 sequeris,
366 981 566 1019 sententia
588 980 723 1020 verbis
751 981 879 1020 effici-

137 1044 208 1077 tur
231 1036 348 1076 haec:
389 1045 438 1077 ut
457 1039 604 1091 fovere
635 1054 706 1078 ora
726 1040 880 1078 liaustu

137 1110 342 1149 aquarum
373 1096 483 1136 dicta
503 1098 585 1137 sint
604 1112 681 1151 pro
695 1129 706 1148 ,
737 1099 879 1138 fovere

137 1168 284 1206 aquam
301 1154 492 1195 haustam
512 1170 605 1206 ore,
639 1155 681 1196 h.
703 1170 791 1197 eam
813 1164 879 1196 te—

136 1226 256 1264 nere,
298 1215 528 1266 continere,
558 1215 731 1268 habere3
777 1229 879 1269 poe—

137 1272 217 1311 tica
249 1273 365 1325 copia
405 1273 523 1313 addit
555 1289 751 1327 sparsus,
794 1275 879 1314 scil.

137 1345 209 1370 ora
221 1361 232 1381 ,
282 1332 420 1383 quoad
456 1346 529 1371 ora
549 1348 560 1384 3
608 1331 764 1372 habens
806 1347 879 1373 ora

135 1403 287 1442 sparsa,
319 1390 524 1444 adspersa,
554 1393 734 1445 proluta,
760 1406 878 1444 aqua.

135 1448 339 1502 Expedita
395 1449 596 1491 hactenus
653 1451 878 1502 sententia5

136 1507 209 1546 sed
239 1508 380 1559 quaeri
411 1522 524 1548 nunc
547 1515 705 1562 potest,
748 1523 879 1562 quor-

136 1580 227 1605 sum
243 1565 325 1605 hoc
346 1568 458 1606 factu
477 1582 578 1621 opus
602 1568 666 1607 sit.
712 1569 880 1607 Statue-

134 1624 248 1675 bam,
280 1639 463 1664 caussam
481 1640 587 1676 esse,
617 1640 668 1666 ne
690 1641 759 1666 ora
777 1627 880 1666 male

136 1683 285 1722 olentia
302 1684 405 1735 sint,
436 1685 549 1736 quod
566 1686 761 1725 foetorem
773 1687 880 1725 serre

135 1748 345 1793 nequeunt
386 1757 500 1795 apes:
563 1745 675 1796 quod
719 1751 878 1784 veteres

135 1800 246 1840 miris
265 1800 399 1839 modis
418 1802 458 1840 in
480 1802 724 1842 miraculum
746 1817 878 1842 auxe-

134 1872 201 1909 re3
232 1860 280 1898 cf.
311 1859 428 1899 Varr.
459 1860 536 1911 III,
562 1863 628 1910 16,
658 1865 696 1903 6.
720 1862 875 1901 Colum.

135 1917 210 1966 IX,
237 1916 306 1967 14,
335 1921 373 1959 3.
406 1918 531 1971 Geop.
562 1919 651 1969 XV,
672 1922 712 1969 2,
743 1922 810 1962 19.
835 1922 875 1970 3,

135 1974 177 2026 4,
198 1975 334 2027 ibique
356 1976 499 2016 Nielas.
543 1977 672 2017 Favet
691 1991 790 2017 usus
810 1978 877 2017 lo-

138 2034 310 2087 quendi:
350 2049 444 2074 nam
473 2050 562 2088 sup.
594 2036 644 2086 II,
679 2034 762 2078 134
780 2039 877 2075 ani-

136 2107 227 2131 mas
244 2101 281 2131 et
312 2094 461 2132 olentia
483 2094 606 2133 Medi
637 2094 721 2133 Ora
728 2095 879 2148 fovent

136 2152 228 2201 illo,
273 2152 379 2191 malo
416 2152 586 2192 Medico.
657 2154 708 2192 Et
743 2153 879 2193 credi-

138 2209 242 2249 disse
268 2210 466 2250 videntur
497 2217 678 2262 veteres,
719 2212 774 2262 ei,
807 2212 879 2264 qui

138 2268 191 2307 ad
227 2282 320 2321 apes
357 2269 598 2320 accederet,
649 2270 878 2310 videndum

138 2340 244 2377 esse,
285 2341 336 2366 ne
367 2328 483 2381 gravi
515 2328 641 2368 odore
661 2342 726 2368 eas
748 2329 878 2368 offen-

139 2385 264 2425 deret.
295 2386 504 2435 Columell.
533 2387 605 2436 IX,
637 2386 703 2438 14,
729 2390 754 2430 3
792 2389 839 2429 V
833 2402 879 2426 e-

137 2459 228 2483 rum
264 2447 444 2483 maxime
481 2446 788 2484 custodiendum
823 2454 880 2484 est

138 2505 315 2541 curatori·
333 2526 391 2532 ——
411 2505 472 2541 uli
498 2503 698 2542 abstineat
710 2504 805 2556 fere
826 2503 879 2543 ab

139 2560 324 2599 omnibus
381 2561 647 2600 redolentibus
695 2563 879 2601 esculen-

138 2620 190 2657 tis
208 2641 267 2648 —
299 2621 471 2671 itemque
488 2619 738 2671 foetentibus
769 2622 880 2659 aeri-

139 2677 286 2715 moniis
306 2678 400 2715 allii
425 2679 491 2716 vel
513 2692 706 2729 ceparum
726 2687 880 2717 cetera-

138 2749 308 2788 rumque
327 2750 459 2774 rerum
482 2737 694 2774 similium.
728 2736 880 2776 Pallad.

137 2794 204 2843 IV,
229 2793 296 2845 15,
322 2791 350 2835 4
383 2795 505 2832 Haec
525 2817 583 2823 -—
604 2794 773 2848 efficies,
800 2810 877 2833 ea-

139 2860 224 2890 slus
241 2860 278 2890 et
295 2851 464 2902 sobrius,
498 2860 536 2890 et
556 2853 717 2890 alienus
736 2868 764 2891 α
781 2852 877 2891 bal-

138 2912 223 2948 neis
253 2909 489 2964 (Crescentii
512 2910 639 2950 liber:
671 2910 724 2949 ab
747 2909 876 2966 alliis)

139 2969 206 3008 vel
235 2983 263 3007 a
304 2969 402 3008 cibis
440 2969 601 3008 acribus
613 2999 623 3018 ,
678 2977 715 3006 et
748 2969 880 3007 odoris

141 3027 364 3077 immundi,
407 3036 527 3080 atque
541 3026 722 3066 omnibus
742 3028 879 3066 saba-a-

937 807 1097 844 mentis.
1172 805 1334 854 Quibus
1375 803 1540 857 quidem
1578 803 1678 843 locis

936 863 1040 903 nihil
1059 876 1141 902 esse
1158 869 1294 916 potest
1313 863 1506 916 apertius.
1538 862 1680 901 Enim-

937 936 1058 973 vero,
1098 923 1165 962 vel
1200 922 1258 961 sic
1292 937 1378 962 non
1420 921 1514 960 satis
1551 926 1679 974 patet,

938 994 1134 1033 quorsum
1152 981 1267 1033 gravi
1283 979 1401 1020 odori
1416 993 1559 1020 cavere
1578 993 1679 1033 opus

938 1053 1021 1078 esse
1038 1039 1242 1079 creditum
1260 1039 1402 1090 fuerit,
1434 1052 1528 1078 cum
1546 1038 1679 1077 fumos

936 1098 1142 1138 mellarius
1168 1111 1267 1152 prae
1286 1111 1327 1136 se
1344 1098 1448 1137 serat
1466 1109 1603 1136 manu.

997 1157 1164 1197 Servius
1184 1157 1242 1196 ita
1264 1156 1441 1210 accepit:
1481 1155 1592 1206 „Ore
1596 1154 1678 1208 so-

937 1230 1007 1266 ve,
1052 1215 1162 1268 ipsos
1192 1214 1367 1255 haustus
1394 1214 1557 1254 scilicet.
1625 1214 1680 1253 Et

936 1273 1018 1313 hoc
1037 1274 1158 1313 dicit:
1171 1273 1405 1327 Spargendo
1424 1286 1570 1325 aquam
1587 1271 1678 1311 imi-

936 1339 1027 1372 tare
1071 1333 1304 1386 pluviam.“
1370 1331 1581 1372 Praeclare
1625 1330 1680 1370 ad

937 1391 1066 1444 ipsam
1091 1404 1178 1431 rem
1191 1407 1202 1443 3
1232 1405 1327 1431 nam
1353 1391 1481 1430 solere
1504 1389 1678 1443 apiarios

936 1449 1016 1489 hac
1049 1456 1136 1489 arte
1164 1450 1329 1503 aggredi
1367 1462 1461 1503 apes
1478 1479 1489 1499 ,
1528 1454 1578 1487 ut
1612 1461 1679 1487 eas

938 1522 990 1547 ex
1011 1508 1181 1549 alvearis
1201 1515 1341 1563 parte,
1373 1522 1454 1561 qua
1473 1507 1589 1547 favos
1610 1519 1679 1545 re—

938 1567 1061 1607 cisuri
1077 1573 1196 1618 sunt,
1226 1568 1386 1620 sugent,
1428 1571 1574 1606 notum
1596 1571 1678 1617 est5

939 1632 981 1665 et
1010 1626 1194 1678 sequitur
1220 1627 1348 1665 altera
1385 1624 1523 1664 similis
1551 1624 1677 1675 fraus,

937 1691 987 1724 ut
1007 1686 1145 1724 sumus
1163 1685 1435 1735 immittatur-3
1458 1682 1679 1735 solitosque

937 1743 1017 1782 hoc
1034 1743 1144 1782 idem
1162 1744 1293 1783 facere
1312 1749 1483 1792 veteres,
1504 1754 1556 1780 ex
1575 1741 1678 1780 Geo-

936 1817 1032 1855 pon.
1053 1802 1143 1852 XV,
1159 1805 1198 1852 6,
1215 1805 1233 1844 1
1257 1801 1537 1854 suspicabatur
1545 1800 1679 1838 Beck-

935 1874 1072 1899 mann.
1093 1860 1243 1913 collega
1262 1860 1466 1899 coniunct.
1495 1857 1574 1897 hac
1606 1871 1679 1897 su-

935 1932 1008 1972 per
1027 1932 1073 1958 re
1101 1933 1123 1957 a
1140 1932 1205 1957 me
1223 1918 1511 1971 compellatus,
1541 1916 1679 1969 sequi-

936 1983 1008 2016 tur
1029 1977 1217 2016 Servium
1234 1976 1385 2027 Cerda‚
1418 1982 1460 2015 et
1482 1975 1564 2014 iam
1583 1981 1679 2014 ante

937 2049 1030 2074 eum
1056 2035 1184 2075 Iulius
1219 2035 1411 2086 Sabinum
1453 2047 1575 2086 quem
1589 2034 1679 2087 ple-

936 2094 1094 2133 niorem
1113 2094 1301 2134 Servium
1329 2108 1423 2133 cum
1438 2092 1572 2132 Probo
1597 2091 1679 2131 ha-

934 2152 1069 2192 buisse
1099 2153 1247 2204 liquet:
1288 2153 1453 2204 „Fumo
1482 2152 1678 2203 fugantur

938 2224 1031 2265 apes
1052 2225 1103 2250 ex
1123 2211 1267 2263 alveis3
1307 2217 1349 2250 et
1373 2216 1590 2264 postquam
1608 2210 1679 2249 fu-

935 2276 1051 2323 gatae
1072 2276 1182 2321 sunt,
1204 2269 1412 2323 aspergine
1431 2281 1559 2321 aquae
1577 2282 1679 2307 con-

935 2329 1180 2381 globantur,
1220 2334 1269 2368 ut
1299 2342 1383 2367 non
1408 2332 1570 2378 errent3
1598 2325 1679 2366 hoc

935 2387 1028 2426 ideo
1058 2387 1125 2438 fit,
1164 2393 1214 2426 ut
1244 2393 1405 2426 exemto
1439 2386 1558 2426 melle
1577 2384 1680 2424 faci-

936 2446 1015 2485 lius
1031 2445 1260 2485 inferantur
1283 2445 1447 2485 alveis.“
1478 2450 1519 2483 et
1539 2443 1677 2498 paullo

937 2510 1053 2557 post:
1095 2503 1246 2557 ‚,sove‚
1286 2503 1448 2543 contine
1477 2502 1519 2541 in
1547 2502 1678 2541 fauci-

936 2563 1013 2601 bus
1034 2569 1125 2601 tum
1155 2576 1317 2615 sparsus
1348 2561 1520 2601 haustus
1549 2574 1678 2613 aqua-

937 2622 1071 2660 rum.“
1118 2621 1171 2658 Ut
1191 2619 1292 2659 haec
1313 2619 1595 2672 interpretatio
1612 2619 1678 2658 lo·-

940 2693 1035 2717 cum
1053 2678 1223 2728 habeat,
1257 2677 1477 2717 dicendum
1495 2684 1568 2728 est,
1600 2691 1677 2716 an-

938 2736 1127 2776 tecedens
1149 2736 1304 2776 dictum
1330 2749 1414 2775 esse
1433 2750 1508 2790 pro
1533 2749 1677 2776 conse-

940 2801 1108 2847 quente:
1157 2795 1251 2834 fove
1300 2809 1447 2847 aquam
1485 2794 1676 2834 haustam

938 2866 1026 2903 ore,
1067 2853 1221 2892 scilicet
1254 2860 1304 2892 ut
1340 2854 1553 2907 adspergas
1581 2865 1675 2906 apes

939 2925 1044 2963 aqua
1088 2924 1233 2964 easque
1281 2913 1405 2964 suges,
1476 2912 1559 2951 Nec
1596 2911 1674 2950 alio

938 2970 1061 3009 modo
1090 2970 1279 3023 expedias
1307 2984 1415 3021 rem,
1456 2970 1488 3009 si
1506 2970 1674 3009 alteram

938 3028 1153 3068 lectionem
1187 3028 1465 3082 adoptaveris:
1503 3028 1673 3068 haustus
