1734 3320
181 193 286 243 462
496 191 554 242 P.
597 189 961 242 VIRGILII
1006 189 1396 243 MARONIS

178 316 398 381 Frigora
421 333 525 367 nec
550 326 762 368 tantum
788 334 916 368 cana
937 326 1189 368 concreta
1214 317 1440 385 pruina;

179 390 287 439 Aut
308 387 479 452 gravis
500 387 820 439 incumbens
843 387 1076 455 scopulis
1102 387 1376 438 arentibus
1400 395 1590 453 aestas,

183 461 457 521 Quantum
482 457 555 508 illi
575 475 816 508 nocuere
839 474 1051 524 gregeS‚
1091 458 1323 526 durique
1346 474 1623 509 vencnum

179 527 390 591 Dentis,
431 537 484 578 et
508 528 762 578 admorso
789 529 989 593 signata
1010 529 1064 578 in
1086 529 1251 596 stirpe
1279 529 1500 580 cicatrix,

179 601 303 651 Non
321 598 477 648 aliam
495 599 566 648 ob
585 598 798 665 culpam
814 597 1024 649 Baccho
1043 615 1202 666 caper
1216 599 1470 650 omnibus
1487 598 1587 649 aris
1609 603 1712 651 380

229 751 300 787 377
322 749 444 784 herbis
461 748 657 784 arentibus
673 749 782 783 Goth.
804 762 874 784 sec.
895 760 917 784 a
945 761 991 783 m.
1012 760 1068 795 pr.
1118 749 1338 785 ardentibus
1359 752 1486 785 Franc.
1517 756 1554 785 et
1581 750 1715 792 Canta-

182 798 274 844 brig.
293 810 371 832 cum
385 798 457 831 Erf.
483 805 610 831 aestus
627 797 756 831 Medic.
772 796 879 831 Pierii
901 803 937 831 et
948 797 1109 831 Parrhas.
1120 797 1238 833 Mead.
1257 810 1346 832 unus
1371 804 1408 832 et
1425 799 1514 843 Reg.
1538 797 1597 832 ed.
1621 799 1713 832 Ven.

184 846 362 891 (Ceterum
393 845 457 878 cfr.
488 851 610 878 notata
636 844 673 878 iu
692 846 738 879 V.
758 844 799 878 L.
828 847 916 878 Aen.
933 845 1038 888 VIII,
1071 844 1154 880 559.
1196 845 1292 890 Wr.)
1388 846 1459 882 379
1483 846 1523 879 In
1542 845 1715 881 admorso

182 905 308 938 magna
336 891 509 934 varietas,
546 903 635 936 quae
659 892 756 925 forte.
780 891 1026 926 Grammaticis
1054 892 1224 936 debetur,
1258 892 1320 938 qui
1351 892 1473 938 generi
1503 890 1578 927 τοῦ
1599 893 1717 947 stirpe

182 939 367 973 timebant.
415 939 487 972 Sed
508 937 577 972 vid.
592 940 678 972 Aen.
697 940 786 982 XII,
820 940 902 975 208.
928 939 1104 973 admorsu
1127 941 1306 974 Romanus
1328 939 1448 975 Pierii.
1483 939 1555 975 eie
1578 946 1613 973 et
1628 939 1714 973 Pie-

182 986 228 1021 rii
248 986 426 1020 Mediceus
458 998 478 1019 a
504 997 549 1020 m.
566 998 621 1032 pr.
652 986 834 1020 Mediceus
853 986 1018 1032 Fogginii
1048 999 1071 1020 a
1100 999 1240 1030 morso,
1267 988 1320 1034 (ut
1342 987 1448 1022 etiam
1466 989 1564 1022 Serv.
1583 986 1712 1020 Dresd.

182 1034 219 1068 in
234 1039 308 1068 not.
324 1032 483 1078 Philarg.
501 1033 546 1066 ad
565 1045 614 1067 vs.
633 1034 717 1070 367.
749 1033 844 1078 Wr.)
869 1040 1039 1068 mutatum
1055 1033 1092 1068 in
1108 1047 1132 1068 a
1150 1047 1229 1069 mor
1231 1047 1288 1068 su.
1336 1034 1394 1070 Sic
1415 1040 1452 1069 et
1472 1034 1510 1068 in
1527 1033 1607 1069 aliis
1629 1033 1716 1068 Pie-

182 1082 254 1115 rius
277 1093 319 1114 ex
336 1081 507 1114 admorso
528 1092 664 1114 erasum
686 1093 765 1115 esse
793 1082 820 1115 d
841 1087 902 1115 aut
920 1081 1051 1115 factum
1071 1094 1095 1115 a
1117 1094 1242 1116 morsu
1259 1081 1359 1117 vidit.
1407 1082 1539 1116 Eadem
1558 1081 1712 1115 varietas

183 1128 279 1173 apud
296 1127 417 1161 Heins.
440 1135 475 1161 et
492 1129 607 1162 Burm.
627 1129 821 1172 admorso,
854 1141 1019 1171 amorso,
1052 1141 1212 1163 amor-su.
1259 1129 1506 1164 Librariorum
1527 1135 1565 1163 et
1585 1130 1717 1163 Gram-

182 1175 388 1209 maticorum
402 1174 568 1209 ludibria.
637 1175 710 1211 380
734 1175 778 1210 ob
795 1188 966 1210 caussam
983 1187 1069 1210 unus
1086 1176 1254 1211 Arundel.
1277 1183 1313 1211 et
1332 1177 1453 1212 Schol.
1472 1176 1575 1211 statii
1596 1175 1715 1210 Theb.

182 1224 229 1265 V,
254 1222 335 1259 259.
383 1223 520 1256 Bacchi
543 1222 706 1257 Parrhas.
719 1249 728 1266 ,
774 1229 815 1258 ut
839 1222 904 1258 sit:
946 1223 1108 1259 omnibus
1130 1223 1200 1258 aris
1231 1224 1383 1268 Bacchi,
1412 1225 1459 1259 de
1478 1223 1605 1271 quibus
1629 1235 1714 1258 sane

184 1269 270 1304 solis
288 1276 343 1304 est
362 1269 616 1316 accipiendum.

183 1401 341 1452 reddit,
379 1400 491 1440 unde
524 1415 587 1455 ap.
615 1400 760 1441 Horat.
781 1400 818 1440 ΙΙ
836 1402 919 1441 Sat.
976 1415 1053 1455 pro
1085 1401 1211 1441 saliva
1249 1402 1387 1442 noxia.
1425 1403 1522 1456 Sup.
1560 1415 1602 1442 v.
1633 1402 1717 1444 196

185 1459 225 1511 4,
247 1458 303 1502 43
349 1460 484 1499 Vinea
510 1461 724 1498 summittit
749 1474 921 1512 capreas

184 1533 266 1557 non
283 1532 441 1569 semper
459 1518 611 1556 edales.
662 1517 762 1557 Mox
780 1518 922 1557 eadem

185 1578 269 1617 fere
281 1576 325 1616 vi
340 1577 489 1615 avidae
507 1578 711 1616 iuvencae.
743 1577 840 1620 375.
851 1579 921 1616 In-

186 1635 331 1674 ladunt
343 1635 474 1674 multo
495 1634 784 1688 significantius
800 1648 922 1687 quam

184 1693 377 1744 laedunt,
417 1706 527 1733 nova
554 1699 764 1746 tamquam
799 1700 924 1746 petu-

185 1751 336 1791 lantiae
370 1756 412 1790 et
439 1751 611 1790 iniuriae
651 1752 815 1791 notione
846 1751 923 1790 ad-

187 1810 349 1859 iuncta,
381 1815 432 1848 ut
465 1810 609 1862 Georg.
632 1809 662 1860 I,
688 1812 767 1852 181
818 1811 924 1848 Tum

186 1870 328 1908 variae
345 1867 535 1906 inludunt
543 1875 690 1919 pestes.
738 1868 792 1907 Et
808 1881 923 1906 com-

186 1925 367 1966 muniter
399 1925 531 1978 capris
564 1925 766 1965 tribuitur
801 1926 923 1965 lasei-

187 1985 276 2035 via,
306 1983 545 2038 petulantia.
570 1993 801 2036 pascuntur
819 1999 923 2035 ove-9,

188 2042 310 2082 etiam
329 2073 340 2093 ‚
387 2056 480 2081 cum
524 2042 774 2096 depascunt,
825 2042 925 2082 dum

187 2101 352 2141 frondes
373 2106 551 2153 carpunt
570 2114 678 2140 oves.

246 2174 343 2214 376.
374 2171 506 2221 Idem,
536 2170 647 2222 quod
665 2170 788 2210 modo
807 2170 925 2210 dixe-

188 2235 280 2280 rat,
314 2229 477 2282 gravius
504 2243 551 2268 ac
581 2229 770 2269 disertius
793 2242 924 2283 expo-

189 2289 264 2328 nit.
324 2288 595 2340 Neesrigora
613 2296 796 2327 conc-reta
825 2286 924 2341 (tri-

188 2347 336 2386 butum
354 2345 514 2398 frigori
537 2345 747 2398 epitheton
760 2376 771 2397 ‚
811 2345 924 2398 quod

188 2405 311 2444 rebus
341 2404 507 2457 proprie
531 2404 723 2444 convenit
747 2417 822 2457 per
846 2405 924 2443 fri-

189 2463 296 2516 goris
322 2468 605 2514 tempestatem
636 2462 851 2516 congelatis
883 2468 925 2501 et

190 2519 424 2575 adstrictis.)
450 2535 616 2559 nocuere
629 2530 788 2559 tantam
803 2523 929 2573 prui-

188 2594 246 2618 na
272 2593 404 2628 cana,
446 2585 598 2618 nocent
629 2585 793 2619 tantum
822 2578 925 2631 gelu.

191 2640 289 2680 377.
326 2638 471 2689 gravis
510 2645 645 2676 aestas
667 2667 679 2687 ,
731 2637 924 2686 molesta,

191 2695 373 2735 exitiosa.
405 2696 565 2746 scopuli
580 2704 746 2746 arentes,
778 2694 925 2747 quibus

192 2759 321 2793 aestas
347 2752 564 2802 incumbit,
605 2752 646 2792 h.
678 2766 710 2792 e.
745 2753 805 2792 sol
826 2753 922 2791 assi-

194 2812 300 2852 duus
318 2817 455 2850 cautes
474 2810 823 2860 excandefaciens,
855 2824 925 2849 ac—

193 2869 448 2910 commodate
474 2868 554 2908 hoc
584 2869 673 2908 loco
693 2882 926 2908 memoran-

191 2936 283 2980 tur,
316 2942 409 2968 cum
427 2927 476 2967 de
496 2927 647 2967 vitibus
666 2927 812 2980 agitur.
859 2926 925 2965 Sic

193 2990 340 3040 aprica
368 3000 475 3026 saxa
505 2986 578 3026 inf.
599 2986 696 3029 522.
727 2999 924 3024 venenam

981 1469 1138 1499 urentes
1158 1460 1270 1499 culta
1289 1461 1487 1513 capellas.

1038 1533 1124 1573 380
1145 1553 1204 1561 —
1228 1533 1326 1574 389.
1368 1531 1500 1571 Varro
1528 1528 1579 1568 de
1594 1528 1643 1567 R.
1667 1528 1717 1567 R.

977 1587 1007 1639 I,
1030 1591 1071 1640 2,
1101 1591 1167 1631 18.
1191 1592 1244 1633 19
1282 1589 1499 1641 Quaedam
1518 1590 1625 1626 enim
1638 1601 1718 1639 pe-

981 1649 1104 1687 cudes
1133 1649 1313 1686 culturae
1341 1655 1435 1687 sunt
1460 1648 1650 1687 inimicae
1666 1659 1719 1683 ac·

981 1720 1148 1756 veneno,
1182 1714 1226 1745 ιιι
1246 1708 1363 1756 istae,
1390 1720 1495 1759 quas
1514 1704 1618 1754 dixi,
1642 1717 1718 1742 ca·-

978 1779 1081 1816 prae
1089 1780 1106 1813 ;
1146 1778 1217 1803 eae
1245 1765 1352 1803 enim
1391 1765 1531 1802 omnia
1556 1762 1719 1801 novella

981 1831 1075 1861 sata
1097 1822 1299 1874 carpendo
1319 1829 1600 1874 corrumpunt,
1636 1834 1719 1858 non

981 1882 1197 1918 minimam
1231 1882 1331 1919 vites
1368 1888 1490 1932 atque
1533 1880 1643 1917 oleas
1662 1899 1720 1908 —-

983 1939 1051 1977 Sic
1077 1938 1274 1991 factum,
1327 1946 1372 1977 ut
1404 1937 1550 1977 Libero
1582 1937 1715 1988 patri,

981 1998 1171 2048 repertori
1189 1998 1299 2047 vitis,
1335 1996 1441 2035 hirci
1453 1996 1716 2034 immolaren-

983 2063 1069 2105 tur,
1104 2055 1302 2106 proinde,
1346 2063 1391 2093 ut
1419 2056 1555 2106 capite
1577 2053 1719 2091 darent

974 2127 1150 2166 poenas.
1183 2113 1236 2152 Et
1255 2119 1379 2153 notus
1395 2118 1455 2151 est
1470 2113 1583 2151 locus
1598 2110 1719 2151 Ovid.

981 2171 1090 2210 Fast.
1113 2171 1145 2223 I,
1166 2171 1250 2215 353
1263 2184 1373 2223 sqq.;
1403 2177 1445 2210 et
1463 2169 1619 2223 quoties
1636 2182 1720 2208 non

981 2230 1025 2269 in
1042 2230 1206 2283 gemmis
1239 2242 1359 2283 caper
1376 2229 1480 2269 vites
1501 2234 1574 2268 aut
1593 2227 1718 2266 arbo-

980 2301 1046 2328 res
1086 2286 1282 2327 arrodens
1320 2287 1498 2327 occurrit
1517 2287 1538 2327 ⁴?
1596 2287 1721 2325 Recte

981 2345 1105 2397 haec3
1147 2345 1258 2386 unde
1284 2346 1381 2385 satis
1409 2350 1578 2399 apparet
1600 2344 1721 2398 primi

982 2418 1125 2445 versus
1156 2404 1376 2455 sententia,
1421 2404 1473 2443 ob
1496 2403 1603 2442 hanc
1618 2402 1720 2442 viti-

981 2463 1059 2502 bus
1097 2462 1253 2502 illatam
1290 2476 1441 2502 noxam
1481 2460 1642 2500 hircum
1675 2460 1721 2500 in

982 2520 1131 2560 Bacchi
1162 2520 1285 2560 sacris
1314 2519 1504 2570 mactari3
1545 2525 1589 2558 at
1613 2519 1721 2558 enim

984 2579 1154 2618 eandem
1185 2579 1307 2618 etiam
1339 2578 1390 2617 ob
1425 2591 1604 2617 caussam
1632 2576 1721 2617 ludi

982 2637 1128 2676 scenici
1154 2637 1284 2676 faeti?
1324 2635 1493 2675 eandem
1521 2636 1572 2675 ob
1600 2649 1720 2674 caus-

983 2709 1068 2734 sam
1092 2695 1376 2734 ascoliasmus‘?
1423 2693 1571 2733 hincne
1599 2693 1720 2733 Libe-

981 2752 1112 2792 ralia?
1143 2759 1183 2791 et
1205 2753 1391 2805 reliqua?
1426 2752 1538 2791 Haec
1566 2751 1734 2801 nemini]

981 2811 1150 2849 molesta
1169 2811 1293 2851 fuere.
1354 2811 1514 2850 Scilicet
1536 2810 1734 2876 poeticus-¹

983 2875 1152 2907 ornatus
1194 2870 1418 2909 sententiae
1454 2874 1566 2908 recte
1611 2867 1730 2907 acci·

981 2927 1152 2980 piendae
1185 2934 1227 2967 et
1254 2926 1601 2981 interpungendae
1641 2924 1734 2970 ob-,J

980 2985 1080 3036 fuit,
1111 2998 1214 3038 quae
1237 2987 1296 3026 ita
1325 2986 1545 3040 procedere
1578 2984 1734 3024 debet:-
