1768 3320
136 1078 186 1115 33

195 203 260 238 XC

602 187 749 238 TIB.
796 186 906 239 CL.
951 184 1269 235 DONATI

198 325 307 370 tate,
343 317 397 358 ad
426 317 630 357 Bucolica
660 317 844 356 transiit:
882 315 1058 355 maxime
1089 319 1138 353 ut
1164 311 1348 351 Asinium
1377 311 1619 363 Pollionem,
1658 312 1735 354 Al-

197 378 382 433 phenum
403 376 559 416 Varum
576 407 588 427 ,
622 382 664 415 et
684 375 916 415 Cornelium
943 374 1103 413 Gallum
1125 371 1366 410 celebraret:
1411 371 1505 423 quia
1525 371 1568 410 in
1589 371 1735 412 distri-

197 436 369 477 butione
407 449 597 488 agrorum
613 466 625 486 ,
673 435 743 487 qui
782 440 875 487 post
913 432 1208 485 Philippensem
1243 429 1461 469 victoriam
1505 432 1734 483 veteranis,

200 495 532 535 Triumvirorum
569 493 703 543 iussu,
740 499 854 532 trans
885 491 1042 531 Padum
1078 487 1392 539 dividebantur,
1430 488 1664 528 indemnem
1692 503 1734 529 se

141 560 188 597 31
199 553 506 609 praestitissent.

573 551 727 590 Deinde
769 552 973 601 Georgica
1004 549 1048 587 in
1075 547 1276 586 honorem
1315 546 1560 588 Maecenatis
1590 548 1733 599 edidit,

201 626 295 653 cum
314 612 389 651 sibi
405 610 580 651 vixdum
597 616 697 649 noto
716 622 831 662 opem
848 608 1019 657 tulisset,
1050 606 1245 646 adversus
1265 605 1426 645 Claudii
1448 607 1635 647 veterani
1651 607 1734 647 mi-

198 672 302 722 litis,
332 670 419 720 vel,
448 675 498 708 ut
515 668 583 708 alii
600 674 772 722 putant,
802 666 912 706 Arrii
928 664 1199 715 centurionis,
1239 664 1502 717 violentiam,
1535 679 1559 704 a
1579 679 1661 718 quo
1686 666 1733 706 in

140 729 462 771 sealtercatione
485 727 569 767 litis
597 727 774 780 agrariae
801 738 948 779 parum
978 723 1107 763 abfuit
1135 723 1235 776 quin
1255 723 1524 764 occideretur.
1582 724 1733 764 Novis—

199 788 296 828 sime
316 793 453 826 autem
470 786 690 825 Aeneidem
708 797 911 837 aggressus
930 789 1010 833 est3
1041 787 1326 835 argumentum
1346 782 1532 834 varium,
1564 788 1605 822 et
1620 783 1732 823 mul-

196 847 328 900 tiplex
346 876 358 896 ,
400 850 441 883 et
466 843 581 896 quasi
605 844 816 882 amborum
845 841 1014 881 Homeri
1053 840 1282 879 carminum
1314 840 1473 881 instar:
1519 847 1732 895 praeterea

195 905 428 945 nominibus
448 917 495 941 ac
510 903 631 942 rebus
653 901 815 940 Graecis
831 901 1063 952 Latinisque
1084 911 1320 950 commune,
1351 906 1394 939 et
1417 900 1463 939 in
1480 913 1583 952 quo,
1615 900 1730 954 quod

194 963 371 1003 maxime
404 961 616 1012 studebat,
655 961 860 999 Romanae
892 959 1011 998 simul
1033 958 1148 998 urbis
1177 963 1218 997 et
1248 957 1424 1012 Augusti
1449 959 1561 1013 origo
1592 959 1730 999 conti-

192 1028 373 1062 neretur.

312 1080 385 1119 IX.
416 1080 518 1118 Cum
559 1077 755 1130 Georgica
790 1077 986 1116 scriberet
1004 1106 1015 1127 ,
1066 1075 1250 1116 traditur
1286 1075 1472 1129 quotidie
1510 1075 1729 1116 meditatos

194 1152 315 1178 mane
345 1138 541 1192 plurimos
571 1149 714 1177 versus
741 1135 894 1175 dictare
919 1135 1086 1186 solitus,
1125 1142 1181 1174 ac‘
1200 1147 1275 1189 per
1299 1140 1437 1175 totum
1467 1134 1575 1174 diem
1592 1140 1729 1174 retra—

196 1197 346 1236 ctando
364 1197 418 1235 ad
436 1194 696 1249 paucissimos
713 1194 906 1248 redigere,
936 1208 1021 1235 non
1039 1193 1215 1233 absurde
1236 1207 1401 1233 carmen
1420 1207 1462 1233 se
1477 1207 1598 1233 ursae
1614 1206 1729 1233 more

135 1266 338 1309 34parere
357 1255 505 1305 dicens,
535 1259 576 1292 et
594 1253 810 1292 lambendo
828 1253 991 1292 demum
1012 1253 1212 1305 effingere.

1271 1251 1454 1292 Aeneida
1473 1266 1597 1306 prosa
1611 1248 1727 1306 prius

194 1315 377 1355 oratione
410 1314 649 1363 formatam,
680 1311 955 1365 digestamque
981 1312 1025 1351 in
1043 1312 1123 1351 XII
1141 1311 1288 1363 libros,
1317 1311 1595 1366 particulatim
1613 1325 1729 1351 com—

192 1433 365 1467 dicarunt.
389 1444 423 1466 v.
452 1429 571 1466 Schol.
594 1432 721 1465 Horat.
749 1432 816 1476 Ep.
839 1431 865 1473 1,
890 1429 927 1475 4,

191 1482 227 1524 3,
252 1492 355 1526 quem
381 1479 573 1513 illustravit
599 1479 739 1513 Ruhnk.
767 1479 814 1513 ad
833 1478 936 1514 Ve1-'

191 1527 252 1561 lei.
277 1540 312 1574 p.
341 1527 412 1563 363
434 1539 510 1561 cum
536 1526 649 1560 altero
670 1527 751 1560 loco
777 1526 926 1561 Acronis

193 1575 239 1609 ad
258 1576 273 1608 I
293 1578 402 1609 Serm.
431 1576 487 1617 10,
512 1575 569 1610 62.
618 1575 671 1607 De
691 1574 814 1620 primis
836 1574 927 1609 Vir-

193 1621 271 1667 gilii
290 1622 328 1655 in
346 1621 487 1668 poetica
504 1621 712 1655 rudimentis
730 1622 927 1667 elegantis-

194 1669 301 1703 simos
318 1669 422 1715 Popii
450 1681 573 1703 versus
591 1669 791 1704 meminisse
810 1669 927 1704 iuvat:

197 1717 322 1752 When
338 1717 434 1762 first
456 1729 595 1764 young
624 1719 734 1751 Maro
762 1730 860 1764 sung
889 1716 938 1764 of

192 1766 317 1811 Kings
353 1764 429 1798 and
464 1766 600 1806 Wars,
644 1767 721 1798 Ere
754 1766 930 1812 warning

193 1810 365 1845 Phoebus
374 1812 520 1845 touch'd
537 1811 596 1845 his
613 1810 809 1859 trembling
818 1815 927 1856 Ears,

192 1858 363 1904 Perhaps
386 1859 433 1892 he
459 1859 590 1892 seem’d
615 1857 730 1893 above
755 1861 818 1893 tlze
845 1861 928 1894 Cri-

191 1907 262 1940 tics
279 1907 370 1939 Law
391 1913 457 1939 etc.

239 1953 394 1986 maxime
424 1960 464 1986 ut
489 1973 534 1978 —
560 1954 639 1987 Hoc
669 1953 925 1989 Grammaticus

192 1998 277 2033 hinc
300 2000 580 2042 comminiscitur,
607 2000 688 2046 quia
703 2002 816 2035 Asinii
835 2002 925 2036 Pol-

191 2045 300 2080 lionis
330 2047 404 2080 Ecl.
428 2049 494 2090 111,
525 2048 581 2083 84.
606 2050 668 2092 IV,
697 2051 752 2085 12.
777 2051 870 2093 VIII,
888 2051 923 2094 7,

191 2093 282 2128 Vari
298 2094 372 2128 Ecl.
389 2096 451 2137 VI,
471 2096 494 2131 7
517 2108 569 2141 sq.
592 2097 657 2138 IX,
681 2098 740 2138 26,
766 2103 803 2131 et
830 2098 923 2132 Cor-

191 2141 279 2174 nelii
302 2141 396 2175 Galli
415 2142 490 2176 Ecl.
508 2145 568 2185 VI,
587 2141 633 2179 64
652 2150 689 2177 et
705 2145 743 2177 X
763 2145 922 2179 mentio—

190 2199 272 2222 nem
298 2189 382 2222 satis
403 2190 634 2225 honorificam
660 2191 754 2226 fecit.
799 2195 845 2227 At
861 2205 920 2228 res

190 2236 338 2281 Augusti
356 2237 508 2271 carmine
525 2250 562 2271 se
581 2251 826 2284 aggressurum
844 2253 921 2275 esse

190 2283 343 2317 minatur
365 2285 428 2318 Ge.
447 2286 506 2328 ΙΙΙ,
533 2287 577 2321 10
596 2299 648 2332 sq.

237 2331 278 2364 in
299 2330 557 2367 distributione
584 2346 770 2381 agrorum.
804 2346 838 2368 v.
858 2334 922 2369 inf.

187 2376 309 2413 Vitam
330 2379 376 2411 ad
394 2392 424 2413 a.
443 2381 523 2415 713.

236 2425 268 2470 §2
296 2425 355 2461 31.
397 2427 578 2462 adversus
614 2428 760 2462 Claudii
779 2449 819 2453 —
842 2432 922 2463 Ar-

190 2471 240 2506 rii
258 2492 303 2497 -—
329 2474 382 2506 De
406 2474 509 2507 Arrio
546 2476 591 2508 cf.
619 2475 681 2509 inf.
714 2477 744 2521 55.
773 2477 831 2512 36.
860 2478 920 2512 96.

189 2519 330 2553 servius
369 2520 414 2554 ad
444 2522 519 2556 Ecl.
550 2524 621 2565 IV,
663 2525 682 2558 1
726 2524 919 2570 Virgilius,

182 2574 383 2614 postquam
406 2581 504 2615 pene
527 2571 667 2604 occisus
692 2579 751 2604 est
775 2570 820 2604 ab
839 2574 919 2605 Ar-

189 2614 247 2648 rio
276 2617 514 2659 centurione,
544 2620 698 2651 Romam
728 2627 921 2653 revertens

188 2661 382 2696 mandavit
403 2664 712 2709 procuratoribus
745 2667 842 2708 suis,
878 2674 920 2699 ut

187 2715 384 2742 tuerentur
412 2722 526 2756 agros
555 2723 643 2746 suos
670 2720 707 2745 et
737 2712 787 2745 ad
800 2726 919 2760 prae-

185 2766 274 2789 sens
315 2754 603 2802 obsequerentur
643 2760 782 2800 Arrio3
825 2759 919 2793 idem

183 2802 379 2839 Commeat.
398 2816 451 2849 pr.
473 2805 504 2850 §·
523 2806 566 2841 13
577 2806 636 2840 Ad
655 2819 758 2851 quem
770 2807 918 2852 (agrum)

185 2850 436 2896 recipiendum
440 2851 636 2898 profectus
653 2851 698 2886 ab
705 2855 817 2887 Arrio
831 2867 920 2888 cen—

185 2898 354 2941 tutione,
379 2900 444 2944 qui
458 2911 539 2932 eum
562 2898 730 2942 tenebat,
749 2913 847 2947 pene
864 2910 920 2935 est

183 2945 423 2988 interemtus,
462 2947 538 2980 nisi
569 2959 608 2980 se
635 2949 922 2994 praecipitasset

181 2992 222 3027 in
231 2991 379 3039 flumen
399 2993 578 3028 Mincium
591 3020 601 3038 ,
627 2994 725 3029 unde
747 3003 803 3029 est
822 2996 919 3030 allo-

983 1432 1126 1480 gorice:
1159 1431 1241 1478 Ipse
1260 1431 1352 1466 aries
1376 1430 1576 1466 etiamnunc
1592 1430 1728 1466 vellera

983 1480 1105 1514 siccat.
1154 1479 1255 1513 Conf.
1276 1479 1429 1514 eundem
1449 1479 1495 1513 ad
1512 1479 1586 1514 Ecl.
1614 1481 1642 1522 1,
1666 1476 1725 1515 48.

983 1528 1055 1570 ΙΙΙ,
1079 1525 1138 1563 94.
1162 1528 1217 1560 ΙΧ
1231 1554 1241 1570 ,
1266 1528 1300 1563 6.
1325 1527 1384 1563 23.
1431 1528 1518 1561 Non
1536 1526 1726 1561 admodum

986 1575 1191 1620 discrepant
1215 1587 1277 1618 ea,
1309 1586 1400 1620 quae
1427 1573 1516 1608 alius
1538 1575 1726 1609 Gramma-

984 1622 1076 1656 ticus
1104 1623 1200 1656 inter
1227 1621 1396 1656 Serviana
1423 1622 1470 1656 ad
1494 1622 1570 1657 Ecl.
1602 1622 1678 1665 IX,
1704 1623 1724 1658 1

982 1676 1126 1704 narrat:
1167 1672 1268 1704 Sane
1304 1669 1374 1703 alii
1411 1670 1578 1705 ordinem
1611 1670 1726 1704 huius

987 1718 1140 1765 eclogae
1164 1715 1219 1752 it'a
1239 1724 1453 1764 exponunt:
1487 1720 1575 1751 Cum
1590 1718 1725 1752 immu-

985 1766 1141 1799 nitatem
1180 1776 1360 1812 agrorum
1390 1765 1575 1812 Virgilius
1606 1766 1725 1846 impe-

986 1820 1146 1856 trasset,
1190 1813 1238 1846 lis
1265 1820 1322 1846 est
1345 1820 1478 1846 exorta
1509 1813 1556 1847 de
1575 1812 1656 1857 fini
1680 1824 1726 1847 us

985 1861 1086 1894 inter
1112 1871 1194 1894 eum
1222 1867 1259 1893 et
1285 1871 1369 1902 eos,
1403 1860 1525 1906 quiin
1582 1861 1724 1895 roximo

984 1919 1102 1954 agros
1128 1915 1370 1955 acceperant;
1403 1919 1448 1941 ex
1476 1909 1541 1954 qui
1564 1919 1610 1941 us
1636 1908 1723 1943 Glo—

984 1955 1072 1989 dius
1090 1955 1240 2001 quidam
1257 1954 1371 1997 dixit,
1405 1965 1445 1988 se
1465 1966 1605 1989 omnem
1621 1955 1723 1990 litem

983 2010 1264 2049 amputaturum
1301 2000 1500 2048 interfecto
1541 2003 1721 2050 Virgilio;

982 2062 1088 2097 quem
1108 2058 1227 2097 poeta
1255 2051 1387 2083 stricto
1435 2049 1538 2084 ladio
1557 2062 1598 2084 se
1615 2052 1722 2085 inse—

981 2105 1151 2145 quentem
1170 2096 1280 2145 fugit
1303 2097 1343 2131 in
1369 2062 1562 2131 tabernam
1586 2096 1721 2133 carbo—

978 2146 1148 2188 nariam,
1184 2153 1222 2179 et
1249 2143 1427 2189 beneficio
1453 2145 1641 2179 institoris
1672 2158 1719 2181 ex

978 2193 1057 2227 alia
1090 2201 1203 2240 parte
1239 2193 1395 2226 emissus
1430 2201 1609 2227 servatus
1651 2201 1719 2228 est.

980 2239 1166 2274 Milienum
1209 2241 1393 2274 Toronem
1431 2240 1718 2286 (centurionem)

978 2287 1236 2334 primipilarem
1255 2299 1274 2320 e
1284 2287 1404 2321 Probo
1422 2294 1599 2322 memorat
1608 2289 1719 2322 Pom—

978 2347 1063 2381 pon.
1082 2336 1183 2379 Sab.,
1207 2334 1440 2369 Mancinenus
1461 2341 1499 2369 et
1516 2335 1590 2371 alii.

1027 2408 1060 2453 ᾗ.
1077 2407 1136 2443 33.
1160 2405 1280 2441 Facile
1300 2413 1468 2452 apparet,
1492 2405 1604 2450 haec,
1627 2417 1718 2452 quae

977 2461 1190 2500 sequuntur,
1226 2466 1245 2488 e
1262 2453 1440 2487 variorum
1458 2453 1718 2488 Grammatico-

976 2514 1056 2536 rum
1074 2502 1148 2536 sive
1165 2501 1305 2536 iudiciis
1326 2500 1401 2536 sive
1413 2500 1621 2536 commentis
1638 2513 1717 2537 esse

979 2549 1237 2585 consarcinata.

1026 2633 1140 2655 ursae
1156 2634 1269 2655 more.
1291 2619 1387 2654 Gell.
1404 2618 1522 2663 XVII,
1543 2621 1588 2656 10
1608 2620 1715 2655 Ami-

978 2669 1012 2702 ci
1018 2668 1305 2715 familiaresque
1333 2669 1380 2702 P.
1406 2668 1558 2715 Virgilii
1578 2669 1619 2703 in
1643 2668 1715 2711 liis,

978 2728 1074 2762 quae
1105 2716 1151 2750 de
1179 2716 1332 2764 ingenio
1366 2713 1602 2762 moribusque
1633 2716 1715 2749 eius

976 2765 1170 2798 memoriae
1199 2763 1458 2805 tradiderunt,
1490 2763 1613 2797 dicere
1632 2775 1716 2797 eum

977 2811 1126 2844 solitum
1149 2809 1306 2857 ferunt,
1335 2822 1476 2858 parere
1509 2822 1550 2844 se
1581 2821 1715 2844 versus

978 2870 1077 2891 more
1093 2866 1207 2904 atque
1225 2858 1301 2892 ritu
1319 2858 1449 2891 ursino
1467 2868 1499 2890 v.
1517 2856 1582 2891 rel.
1597 2857 1714 2900 Quin-

978 2904 1050 2938 ctil.
1082 2907 1165 2939 Inst.
1189 2906 1247 2947 X,
1272 2905 1318 2948 3,
1343 2906 1365 2940 8
1395 2904 1591 2951 Virgilium
1617 2917 1712 2951 quo-

979 2963 1048 2997 que
1084 2953 1330 3000 paucissimos
1363 2951 1424 2985 die
1468 2953 1714 3001 composuisse

978 3011 1129 3044 versus,
1152 3008 1287 3035 auctor
1306 3007 1363 3034 est
1386 3000 1522 3035 Varus.
