1768 3320
308 249 727 301 BUC-OLICA
769 251 936 301 ECL.
970 251 1068 313 IV,
1101 256 1326 304 21—30

1478 262 1573 308 137

31 374 171 428 ‘Iam
189 376 394 443 legere,
432 385 486 426 et
508 391 645 443 quae
666 376 732 425 sit
750 376 953 443 poteris
975 391 1302 441 cognoscere
1320 379 1506 432 virtus:

54 445 206 498 Molli
225 445 500 514 paullatim
518 444 768 496 flavescet
790 462 1007 512 campus
1033 447 1201 510 arista,

55 515 385 585 Incultisque
403 516 605 567 rubens
626 515 890 583 pendebit
911 516 1152 566 sentibus
1169 534 1288 581 uva,

55 589 125 638 Et
147 585 312 638 durae
333 603 563 654 quercus
582 585 853 636 sudabunt
869 585 1078 637 roscida
1094 586 1267 638 mella.

125 686 208 734 29.
242 694 375 742 UVA3

101 832 151 869 27
175 840 212 866 et
227 833 390 879 poteris,
414 845 511 879 quae
535 834 587 867 sit
615 843 701 865 unus
720 831 842 866 Heius.

638 879 687 915 30
709 880 863 914 Edurae
888 879 979 913 coni.
999 879 1168 923 Vossius,
1201 886 1240 913 ut
1261 880 1325 914 Ge.
1344 881 1406 923 lv,
1433 877 1514 917 145.
1546 893 1578 914 v.

57 879 155 913 tend.
172 884 257 914 tert.
278 885 316 914 et
337 891 393 925 qu.
416 880 545 913 Moret.

1511 593 1577 639 30

937 833 985 869 28
997 833 1175 879 flavescit
1192 832 1282 867 Gud.
1304 844 1325 866 a
1341 844 1387 866 m.
1414 844 1469 879 pr.
1485 833 1579 867 Rot-

58 926 125 960 Ge.
143 927 187 969 11,
209 927 268 964 65.
316 927 443 962 rosida
460 933 497 960 et
515 925 574 960 hic
594 925 760 960 scribitur
778 926 815 960 in
834 926 924 960 binis
938 953 948 969 ,
970 933 1010 960 ut
1026 926 1124 961 alibi.

58 1055 192 1108 aliqua
219 1056 380 1104 ratione
402 1056 439 1095 ei
455 1056 664 1109 insigniter
685 1070 787 1110 pro-

57 1119 240 1167 spectum
269 1115 407 1154 fuerit.
468 1115 569 1153 Cum
586 1121 723 1154 tamen
747 1121 788 1154 et

55 1170 178 1212 huius
203 1171 267 1212 rei
297 1173 398 1224 fides
432 1172 613 1223 laboret3
661 1173 789 1211 altera

55 1230 191 1280 lectio,
200 1230 329 1283 jacta
339 1239 573 1283 parentum,
596 1230 637 1270 h.
658 1231 790 1269 maio-

55 1302 170 1338 rum,
208 1294 417 1342 tamquam
443 1289 596 1338 tutior,
635 1288 790 1341 ample-

57 1345 202 1385 ctenda
220 1347 309 1386 erit.
344 1347 558 1400 (parentiS,
587 1346 613 1385 i.
641 1360 673 1386 e.
694 1347 791 1385 Pol-

55 1403 186 1443 lionis.
246 1405 312 1443 Sic
338 1405 468 1443 omnis
500 1405 678 1443 concidit
710 1404 791 1443 dif-

55 1462 238 1513 ficultas;
261 1471 481 1515 parentum
506 1462 698 1514 originem
716 1462 791 1500 de-

55 1521 126 1560 bet
172 1514 403 1573 praegresso
439 1521 618 1558 heroum.
675 1522 734 1560 W
738 1518 787 1574 r.)

56 1581 126 1620 27.
156 1593 262 1631 quae
283 1580 550 1628 sit—virius,
580 1592 669 1631 pro,
700 1578 789 1617 vir-

56 1642 190 1675 tutem
203 1649 459 1689 cognoscere:
478 1636 679 1688 frequenti
690 1649 791 1689 poe-

55 1700 214 1745 tarum,
242 1694 425 1747 inprimis
443 1694 670 1744 Homerico,
700 1707 791 1733 usu.

55 1752 182 1791 Nimis
202 1759 343 1805 argute
361 1753 414 1791 ad
428 1751 707 1806 philosophiae
726 1751 791 1790 di-

57 1810 264 1863 sciplinam
282 1810 469 1850 trahunt.
511 1809 594 1864 (Vs.
618 1813 686 1853 26.
719 1809 793 1848 de-

57 1874 255 1908 notantur
271 1870 401 1922 poesis
413 1875 454 1907 et
469 1868 652 1918 historia,
671 1874 792 1907 utra-

4 1922 12 1927 *
57 1939 135 1978 que
161 1927 365 1966 clarorum
393 1927 578 1967 virorum
598 1927 705 1967 saeta
723 1939 792 1965 ce—

55 1985 229 2035 lebrans,
247 1998 374 2037 eoque
391 1999 644 2024 communem
658 1985 791 2023 omni-

55 2057 128 2082 um
167 2044 373 2083 virtutum
402 2044 558 2082 fontem
596 2043 790 2095 aperienS.

56 2101 149 2140 Non
176 2102 412 2155 sapientiam
446 2102 557 2140 illam
583 2115 635 2139 ex
654 2101 791 2153 philo·-

57 2158 280 2212 sophorum
325 2159 547 2213 praeceptis
595 2158 792 2198 haurien-

59 2217 176 2267 dam,
206 2217 278 2256 sed
307 2231 394 2256 eam
423 2218 621 2256 virtutem
635 2247 646 2266 ‚
688 2230 791 2268 quae

58 2288 110 2314 ex
145 2275 410 2315 aemulatione
447 2275 597 2313 alienae
623 2275 791 2314 virtutis

59 2333 235 2383 oriatur,
264 2333 308 2374 h.
324 2334 352 2373 1.
379 2333 573 2384 indicari,
612 2333 792 2371 declarat

56 2405 281 2444 pronomen
303 2406 428 2445 quae,
457 2391 484 2430 i.
504 2405 536 2430 e.
567 2404 791 2443 cognosces,

59 2462 161 2501 quae
190 2450 324 2489 virtus
361 2449 534 2488 heroum
574 2463 621 2487 ac
641 2462 792 2503 paren-

57 2507 112 2546 tis
128 2507 268 2558 suerit3
297 2507 632 2561 philosophorum
657 2513 793 2546 autem

57 2565 101 2604 in
141 2565 482 2619 disputationibus
524 2566 793 2618 disceptatur:

59 2623 185 2675 quid
213 2624 267 2662 sit
286 2624 431 2663 virtus.
467 2625 537 2664 W
531 2622 579 2677 r.)

118 2683 174 2723 28
189 2703 249 2712 —
267 2685 334 2725 30.
364 2682 443 2721 Ubi
467 2695 570 2735 puer
600 2681 793 2720 adoleve-

59 2738 135 2787 rit,
172 2739 302 2779 maior
326 2740 409 2778 iam
434 2747 569 2779 terrae
599 2740 733 2779 cultus
754 2745 796 2777 et

60 2795 229 2834 felicitas
256 2797 333 2836 erit
361 2796 485 2852 (conf.
514 2798 566 2837 ad
591 2797 687 2852 18);
717 2809 795 2836 nat-

61 2860 225 2893 scentur
268 2862 411 2908 sponte
454 2857 587 2908 fruges
604 2886 616 2906 ,
668 2869 794 2904 uvae,

60 2912 152 2950 mel.
213 2911 339 2960 Quod
371 2922 510 2965 sponte
538 2914 639 2953 haec
674 2914 795 2963 fiunt,

62 2969 175 3008 nullo
195 2970 329 3019 cultu,
369 2972 474 3010 conf.
502 2971 623 3010 ovid.
651 2971 746 3010 Met.
765 2971 795 3020 I,

66 3029 160 3069 109.
190 3028 273 3069 110
299 3040 352 3067 ex
371 3029 480 3067 omni
507 3029 674 3068 consilio
695 3041 795 3081 poe·-

845 1064 911 1097 tae
939 1058 1217 1097 manifestum:
1270 1056 1345 1095 etsi
1374 1069 1458 1095 non
1483 1056 1579 1094 satis

847 1116 996 1155 diserte
1029 1128 1263 1169 expressum
1305 1120 1376 1153 est.
1442 1114 1580 1153 Diser-

846 1175 929 1213 tius
945 1174 1090 1214 Horat.
1113 1173 1241 1227 Epod.
1263 1169 1340 1222 16,
1375 1170 1431 1214 43
1462 1173 1578 1211 Red-

846 1233 906 1271 dit
940 1232 1009 1270 ubi
1048 1233 1222 1270 Cererem
1255 1231 1373 1268 tellas
1418 1230 1580 1269 inarata

847 1291 1061 1343 quotannis
1082 1320 1093 1339 ,
1139 1287 1194 1327 Et
1231 1288 1431 1341 imputata
1455 1289 1580 1339 floret

848 1363 971 1400 usque
997 1350 1116 1387 vinea
1130 1377 1141 1396 ,
1178 1347 1389 1385 Germinat
1410 1354 1447 1384 et
1471 1360 1579 1384 ηιιηὲ

848 1420 974 1459 quam
1021 1405 1206 1457 fallentis
1252 1413 1391 1442 termes
1429 1404 1574 1452 olivae,

848 1470 924 1503 etc.
963 1463 1074 1502 Haec
1093 1469 1235 1502 ornate
1255 1461 1415 1500 extulit.
1459 1462 1580 1500 Μοί-

847 1523 898 1559 ίίε
931 1524 1059 1560 arista
1096 1535 1176 1573 quo
1212 1533 1331 1558 sensu
1366 1519 1475 1558 dicta
1513 1519 1579 1569 sit,

848 1579 1084 1631 ambigitur:
1126 1577 1330 1617 communi
1353 1591 1431 1616 usu
1447 1583 1488 1615 et
1509 1591 1580 1616 ra·-

847 1638 959 1676 tione
987 1638 1087 1686 erit,
1127 1649 1229 1688 quae
1272 1634 1408 1674 adhuc
1448 1641 1509 1673 est
1535 1635 1580 1674 in

846 1695 995 1745 herba,
1037 1707 1202 1747 gramen
1244 1693 1394 1743 tritici,
1440 1692 1579 1732 herba.

849 1754 915 1792 Sic
942 1755 1092 1792 Seneca
1110 1752 1236 1805 Epist.
1259 1750 1341 1793 124
1365 1766 1465 1789 vum
1482 1751 1580 1803 fol-

850 1812 972 1850 lic-ulo
1012 1826 1052 1849 se
1097 1812 1238 1848 exserit
1279 1811 1396 1861 spica
1433 1810 1579 1848 mollis.

847 1870 910 1909 Ita
930 1871 1057 1908 arista
1073 1867 1294 1921 improprie
1321 1867 1443 1906 dicta.
1501 1866 1580 1905 At-

850 1941 927 1980 que
951 1927 1012 1966 ita
1050 1933 1214 1980 poetam
1250 1925 1415 1963 sensisse
1445 1925 1580 1964 nullus

850 1986 1015 2025 dubito:
1045 1999 1151 2025 nova
1169 1990 1298 2036 segete
1318 1989 1461 2037 sponte
1482 1997 1580 2021 ena-

848 2050 893 2082 ta
909 2044 1122 2096 paullatim
1140 2055 1233 2095 ager
1253 2041 1484 2081 efflorescet.
1538 2041 1581 2079 Si

847 2115 946 2141 vero
965 2103 1134 2139 aristam
1144 2099 1306 2153 proprie
1322 2099 1471 2137 dictam
1480 2113 1581 2138 con-

848 2159 1015 2209 tendas,
1054 2165 1103 2199 ut
1129 2159 1181 2197 sit
1210 2158 1320 2210 spica
1346 2157 1471 2210 frugis
1498 2157 1581 2195 iam

849 2218 990 2256 adulta
1028 2223 1070 2256 et
1101 2216 1282 2266 firmata,
1322 2215 1581 2267 quandoqui-

850 2276 942 2314 dem
953 2276 1154 2327 flavescet
1173 2274 1378 2312 adiectum
1398 2280 1470 2323 est,
1489 2279 1580 2312 tum

847 2334 890 2372 in
921 2332 1099 2386 epitheto
1128 2333 1262 2370 mollis
1297 2331 1501 2382 haerebis3
1540 2337 1581 2369 et

849 2397 921 2430 aut
939 2391 1215 2443 accipiendum
1234 2390 1330 2440 erit,
1360 2396 1410 2429 ut
1428 2390 1479 2428 sit
1495 2389 1580 2427 lae-

849 2449 930 2488 vis:
972 2463 1065 2487 cum
1091 2463 1202 2487 nunc
1237 2462 1364 2500 grana
1391 2447 1581 2486 tenuibus

850 2507 1092 2559 quibusdam
1138 2512 1180 2545 et
1226 2507 1353 2545 acutis
1406 2506 1579 2554 acubus,

849 2572 1059 2617 tamquam
1076 2565 1213 2614 vallis,
1245 2565 1374 2603 obsita
1391 2564 1483 2612 sint,
1503 2577 1580 2601 no—

850 2637 904 2662 vo
932 2623 1126 2662 miraculo
1165 2622 1311 2661 aristae
1339 2628 1430 2661 tum
1460 2626 1581 2660 erunt

851 2682 1022 2733 glabrae.
1061 2681 1124 2720 Ita
1143 2682 1263 2719 etiam
1280 2680 1490 2718 Martinus.
1523 2676 1581 2731 (et

851 2740 1045 2790 Vossius3
1082 2745 1220 2789 recte;
1257 2738 1359 2777 nihil
1385 2738 1508 2785 enim,
1548 2735 1580 2773 si

853 2798 968 2837 aliter
989 2797 1107 2850 capiS‚
1139 2797 1306 2836 affertur
1324 2795 1422 2834 novi
1442 2809 1464 2832 a
1480 2805 1580 2846 poe-

851 2861 916 2907 ta3
945 2861 986 2894 et
1009 2854 1090 2894 hoc
1114 2869 1206 2894 eum
1238 2853 1429 2902 voluisse,
1466 2855 1580 2903 patet

851 2919 902 2952 ut
922 2926 943 2952 e
963 2913 1179 2966 proximis,
1210 2911 1266 2950 sic
1293 2925 1344 2949 ex
1371 2924 1438 2958 eo,
1469 2906 1581 2959 quod.

852 2970 896 3009 in
928 2971 1127 3023 principio
1162 2983 1305 3008 versus
1341 2965 1477 3020 posuit
1500 2963 1580 3002 hoc

854 3029 1110 3067 adjectivum.
1155 3029 1226 3067 W
1219 3023 1274 3079 r.)
1331 3024 1415 3063 Aut
1441 3022 1579 3060 molles
