1768 3320
213 255 317 306 224
565 254 619 304 P.
666 251 1018 304 VIRGILII
1061 250 1426 302 MARONIS

213 384 327 432 Hos
346 379 420 430 illi
446 377 623 447 (quod
646 395 748 428 nec
764 386 936 427 vertat
950 377 1119 442 bene)
1141 378 1405 428 mittimus
1435 377 1654 432 haedos,

213 468 259 504 1..
283 453 443 502 Certe
464 449 721 518 equidem
738 447 1029 512 audieram,
1052 465 1156 514 qua
1173 464 1230 498 se
1251 448 1557 500 subducere
1585 449 1748 502 colles

213 521 509 588 Incipiunt,
545 519 810 585 mollique
835 519 1021 583 iugum
1044 517 1331 568 demittere
1360 518 1513 582 clivo,

213 595 399 660 Usque
428 590 496 641 ad
527 606 747 658 aquam,
787 597 841 639 et
866 598 1102 652 vetereS,
1142 589 1250 638 iam
1269 587 1434 639 fracta
1458 591 1749 656 cacumina,

1010 657 1177 724 fagOS,

289 750 334 797 6.
369 760 505 793 BENE
525 755 737 793 VERTAT

215 886 309 920 laud.
330 885 415 919 etin
435 884 532 930 Lips.
553 882 625 917 obl.
675 884 769 917 Sors
796 888 942 916 eventus
972 888 1047 924 est,
1082 894 1155 916 non
1181 882 1260 927 ipsa
1281 882 1334 916 vis
1352 883 1438 925 fati3
1473 895 1581 930 quare
1604 890 1678 918 nou
1700 890 1754 918 est

214 934 380 968 Latinum
411 945 493 966 sors
519 938 659 965 versat.
710 930 841 963 Contra
871 932 966 964 Fors
996 929 1172 975 significat
1197 942 1335 964 caecam
1365 931 1540 977 quandam
1570 931 1661 975 vim,
1694 944 1761 966 res'

215 982 383 1016 humanas
401 986 537 1013 temere
564 991 604 1011 ac
624 977 721 1010 nullo
742 977 893 1011 consilio
915 985 1117 1022 regentem,
1150 977 1248 1011 nulla
1269 984 1386 1012 tamen
1409 979 1572 1013 adiuncta
1597 987 1657 1013 aut
1673 978 1752 1012 lae-

216 1028 324 1063 dendi
335 1054 343 1070 ,
369 1035 427 1061 aut
442 1025 587 1060 iuvandi
601 1024 771 1066 notione3
797 1037 906 1071 quare
926 1025 1059 1058 nullum
1076 1037 1222 1070 usquam
1239 1025 1321 1059 huic
1338 1025 1474 1059 nomini
1491 1026 1654 1061 adiicitur
1671 1026 1754 1071 epi-

215 1077 352 1110 theton.
401 1076 485 1108 Non
506 1081 586 1106 sunt
604 1072 711 1117 igitur
731 1071 814 1106 huic
833 1072 939 1117 plane
958 1084 1154 1120 synonyma
1172 1073 1375 1106 Fortuna
1397 1080 1434 1106 et
1451 1075 1619 1108 Fatum.
1662 1074 1753 1108 Hinc

216 1129 367 1168 apparet
380 1149 388 1164 ‚
413 1134 479 1155 nec
498 1124 609 1162 Fors,
635 1131 700 1153 nec
720 1122 848 1153 tristes
868 1119 1131 1154 sollicitandum
1151 1132 1239 1153 esse.
1277 1120 1358 1154 Vid.
1381 1121 1487 1155 etiam
1504 1120 1689 1155 Paldamus
1707 1121 1753 1155 ad

215 1172 377 1215 Propert.
396 1181 476 1213 pag.
498 1166 578 1203 240.
619 1166 716 1211 Wr.)
813 1169 836 1203 6
861 1180 935 1200 non
957 1166 1047 1201 bene
1068 1180 1103 1201 v.
1134 1180 1220 1200 unus
1242 1168 1384 1202 Moreti.
1433 1181 1502 1203 nec
1520 1177 1645 1203 vertat
1664 1168 1754 1203 bene

215 1219 356 1262 Menag.
389 1223 424 1249 et
450 1214 559 1249 Pierii
583 1214 735 1259 Oblong.
787 1214 870 1259 (nee
899 1223 1024 1248 vertat
1053 1213 1143 1248 bene
1172 1214 1277 1248 etiam
1296 1214 1426 1249 Medic.
1457 1223 1491 1249 et
1509 1216 1615 1250 Hafn.
1634 1216 1671 1250 C.
1696 1229 1752 1262 ap.

216 1267 342 1305 Voss.;
375 1263 490 1297 recte!
527 1269 563 1296 et
585 1261 727 1307 recepi,
756 1273 801 1295 ne
823 1261 952 1295 diutius
975 1261 1163 1296 laedantur
1191 1262 1448 1308 elegantiorum
1466 1275 1567 1297 aures
1589 1263 1752 1310 pessimis

215 1311 389 1347 numeris:

442 1357 518 1390 Hos
543 1356 596 1389 illi
619 1356 623 1401 Ι
647 1355 743 1401 quod
766 1356 835 1388 ne'c
859 1356 952 1389 bene
975 1363 1090 1390 vertat
1110 1356 1115 1401 1
1137 1356 1300 1390 mittimus
1325 1357 1472 1392 haedos.

217 1409 349 1447 Unum,
375 1405 467 1451 quod
488 1410 674 1449 praeterea
694 1402 789 1448 apud
800 1403 990 1448 Virgilium
1008 1410 1135 1444 exstat,
1151 1404 1311 1449 rhythmi
1332 1405 1458 1438 eodem
1477 1403 1563 1438 vitio
1581 1404 1754 1439 laboran-

216 1455 264 1489 tis
283 1452 481 1498 exemplum
501 1450 715 1484 correximus
736 1461 799 1484 suo
820 1450 920 1493 loco,
945 1454 1032 1484 Aen.
1052 1452 1102 1493 X,
1122 1452 1180 1487 51.
1228 1452 1339 1485 Prava
1357 1453 1546 1486 verborum
1565 1452 1752 1486 collocatio

217 1502 258 1535 h.
277 1501 302 1534 l.
325 1508 402 1534 orta
426 1511 469 1532 ex
495 1498 623 1532 usitata
641 1497 814 1531 formula:
851 1499 950 1545 quod
976 1497 1065 1532 bene
1092 1507 1228 1532 vertat.
1277 1499 1348 1533 Sed
1371 1501 1516 1533 Terent.
1536 1499 1690 1544 Adelph.
1710 1501 1753 1543 ΙΙ,

219 1551 250 1591 1,
274 1549 351 1584 37.:
383 1559 501 1592 „quae
519 1558 575 1579 res
598 1544 665 1578 tibi
679 1552 838 1578 vortat
856 1545 1014 1579 male.“
1063 1546 1212 1579 Vossius
1234 1546 1375 1592 quidem
1395 1546 1544 1580 eundem
1564 1547 1755 1581 verborum

217 1596 380 1630 ordinem
401 1593 564 1634 exhibet,
589 1605 692 1638 quem
712 1604 798 1633 nos3
832 1593 914 1635 sed,
941 1593 1037 1638 quod
1057 1593 1196 1626 mireris
1216 1593 1253 1627 in
1277 1594 1419 1627 homine
1443 1593 1755 1628 eruditissimarum

219 1643 376 1684 aurium,
408 1653 481 1674 nou
509 1640 615 1673 aliam
644 1640 690 1673 ob
710 1652 869 1682 causam,
905 1653 1008 1686 quam
1036 1641 1132 1686 quod
1152 1641 1264 1674 rarius
1294 1641 1345 1675 sic
1369 1642 1489 1686 posita
1519 1641 1754 1677 inveniantur.

217 1691 315 1724 Idem
334 1697 463 1723 vortat
483 1687 615 1728 edidit;
639 1694 736 1720 recte
758 1688 932 1730 fortasse,
957 1687 1042 1721 licet
1064 1699 1081 1720 e
1100 1687 1197 1721 nullo
1214 1688 1337 1722 codice
1356 1695 1548 1723 enotatum.
1593 1689 1756 1723 Ceterum

218 1737 291 1771 vid.
311 1738 354 1778 Q.
371 1737 416 1771 V.
437 1736 605 1776 XXXII,
631 1735 664 1770 8.
706 1734 802 1778 Wr.)
854 1736 953 1781 quod
981 1735 1223 1780 superscripto
1249 1749 1267 1769 s
1290 1736 1418 1770 Medic.
1516 1737 1577 1781 (--
1599 1738 1634 1772 7.
1660 1749 1756 1783 quae

218 1783 349 1818 Medic.
370 1795 390 1816 a
409 1795 455 1815 m.
475 1794 529 1826 pr.
562 1782 659 1826 Wr.)
757 1783 779 1816 8
804 1782 996 1829 Incipz'ant
1024 1782 1133 1815 Goth.
1164 1794 1233 1816 sec.
1282 1783 1468 1817 dimittere
1497 1784 1606 1817 Goth.
1634 1796 1689 1829 pr.
1719 1791 1755 1818 et

219 1838 355 1876 septem
375 1843 429 1875 ap.
451 1830 566 1861 Burm.
580 1854 589 1871 ,
613 1835 698 1862 nota
715 1828 926 1862 variatione.
1021 1830 1044 1864 9
1069 1829 1194 1863 Lectio
1215 1830 1303 1863 haec
1323 1831 1367 1863 ab
1389 1830 1536 1864 Heinsio
1556 1843 1575 1864 e
1590 1831 1754 1865 Mediceo

219 1879 374 1924 probata
394 1883 430 1910 et
449 1888 469 1909 a
485 1877 600 1909 Burm.
619 1875 800 1920 reposita,
835 1876 888 1909 uti
914 1883 949 1909 et
969 1875 1006 1909 in
1028 1876 1117 1910 Gud.
1139 1890 1159 1910 a
1178 1884 1246 1910 vet.
1266 1890 1367 1910 manu
1389 1879 1610 1912 emendatum
1630 1879 1755 1922 fuerat,

221 1932 259 1959 et
279 1924 330 1959 sic
349 1924 423 1957 Ecl.
445 1924 486 1966 ΙΙ,
506 1924 529 1959 3
553 1924 654 1957 inter
672 1923 830 1966 densas,
866 1922 1037 1958 umbrosa
1053 1925 1264 1967 cacumina,
1282 1923 1420 1972 sagos5
1452 1925 1563 1959 multo
1591 1925 1756 1961 nimirum

222 2043 459 2084 debentes.“
495 2040 608 2096 Wr.)
679 2045 718 2084 6.
750 2042 861 2095 quod
887 2057 960 2081 nec

221 2103 316 2142 bene
335 2109 464 2142 vertat
480 2113 610 2152 „quae
625 2114 689 2141 res
705 2100 748 2139 in
765 2101 848 2140 eius
862 2114 959 2153 per-

220 2161 368 2201 niciem
396 2161 625 2199 vertaturf‘
668 2161 781 2199 Serv.
835 2159 960 2208 Quod

220 2220 325 2259 male
357 2218 392 2257 ei
424 2218 492 2268 sit,
536 2231 630 2256 cum
669 2218 960 2271 imprecatione

221 2279 320 2317 novi
340 2276 450 2327 heri,
482 2276 548 2315 eui
573 2275 694 2315 haedi
721 2290 773 2314 ex
801 2290 895 2329 agro
916 2276 959 2316 in

221 2336 367 2375 urbem
386 2334 630 2387 apportandi
650 2341 759 2374 sunt.
800 2333 960 2389 (Mitti—

223 2409 314 2433 mus
334 2393 512 2446 explico:
540 2393 691 2445 agimus
715 2393 884 2443 absenti,
907 2393 960 2431 ad

223 2453 454 2501 absentem,
495 2458 641 2504 utpote
675 2451 719 2490 in
748 2452 850 2490 urbe
885 2452 959 2490 de-

222 2517 383 2564 gentem
406 2509 638 2560 dominum;
665 2524 741 2548 nec
771 2510 850 2549 alio
876 2511 960 2549 sere

224 2583 345 2608 sensu
375 2568 454 2606 dici
481 2567 562 2606 hoc
594 2569 797 2622 putarim,
837 2582 959 2620 quam

224 2628 394 2680 inferias·
414 2627 589 2676 mittere,
620 2627 644 2665 i.
669 2640 701 2665 e.
728 2628 834 2666 serre
858 2627 963 2666 infe-

223 2685 327 2735 rias,
361 2697 462 2735 quae
486 2697 560 2736 per
587 2685 795 2724 tumulum
823 2685 876 2724 ad
897 2685 964 2724 in-

224 2745 330 2784 seros
350 2742 580 2781 deveniant.
617 2741 730 2797 IsVr.)

285 2804 324 2844 7.
356 2801 490 2839 Situm
518 2800 601 2851 agri
621 2800 831 2852 Virgiliani
861 2807 964 2854 puta

225 2860 348 2909 fuisse
375 2858 508 2907 hunc,
539 2864 587 2896 ut
611 2859 678 2896 ille
705 2859 800 2896 inde
828 2873 851 2896 a
876 2860 963 2898 eol-

226 2918 327 2959 lium
351 2916 455 2956 clivo
482 2929 610 2966 usque
638 2916 690 2954 ad
707 2917 899 2955 Mincium
921 2918 962 2956 ss.

228 2982 270 3016 et
289 2977 401 3028 fagos
419 2974 475 3014 ibi
497 2979 603 3012 satas
621 2974 884 3027 pertingeret.
913 2977 963 3015 cf.

228 3035 313 3077 Ecl.
333 3033 365 3086 I,
383 3033 440 3078 52
460 3032 554 3074 Not.
584 3032 799 3072 subducere
819 3046 859 3071 se
878 3034 964 3072 col-

1016 2043 1074 2081 les
1095 2042 1312 2093 dicuntur,
1344 2044 1414 2096 qui
1433 2058 1484 2083 ex
1505 2045 1587 2083 alto
1604 2045 1647 2083 in
1663 2044 1756 2098 pla-

1017 2115 1118 2140 num
1139 2101 1414 2153 deducuntur,
1434 2103 1686 2155 decrescunt,
1706 2103 1753 2142 cf.

1017 2160 1176 2210 Burm.;
1222 2160 1345 2199 iidem
1382 2162 1503 2200 colles
1543 2162 1768 2200 demittunt

1018 2221 1164 2270 iugum
1181 2219 1297 2257 molli
1309 2220 1413 2258 clivo
1428 2250 1439 2269 ,
1474 2234 1567 2259 cum
1587 2219 1768 2265 dorsum,

1020 2276 1132 2316 collis
1154 2277 1332 2316 molliter
1358 2277 1513 2318 declive
1539 2279 1672 2317 lenem
1702 2277 1765 2317 ad:

1017 2335 1228 2388 planitiem
1250 2342 1291 2374 et
1309 2335 1349 2374 ss.
1370 2336 1567 2376 Mincium
1587 2337 1768 2375 descen-z

1019 2407 1109 2432 sum
1147 2395 1351 2447 praebeat.
1428 2397 1570 2447 Fagos
1606 2394 1768 2442 fractas?

1018 2458 1119 2506 puta
1150 2465 1220 2491 seu
1246 2452 1288 2492 vi
1313 2452 1448 2491 hostili
1477 2453 1652 2503 excisas,
1684 2465 1758 2507 seu.

1017 2510 1194 2563 procella
1210 2517 1251 2549 et
1264 2517 1487 2562 vetustate3
1508 2512 1619 2563 quod
1635 2524 1760 2565 prae-v

1021 2575 1115 2607 stat.
1172 2566 1240 2622 (Et
1262 2569 1318 2607 sic
1335 2569 1504 2622 intelligi
1523 2569 1625 2609 haec
1641 2570 1757 2609 iubet

1020 2627 1223 2681 particula
1263 2629 1349 2665 iam
1362 2657 1373 2677 ,
1422 2627 1475 2666 ad
1508 2634 1757 2672 vetustatem

1021 2685 1244 2725 referenda.
1313 2684 1373 2724 Ac
1403 2686 1512 2738 sagos
1538 2687 1636 2725 istas
1667 2693 1768 2726 ter-⁹.

1022 2744 1122 2782 mini
1142 2744 1231 2782 loco
1254 2743 1386 2793 fuisse,
1408 2745 1558 2796 probat
1575 2745 1760 2796 Vossius,

1025 2802 1114 2841 coll.
1127 2802 1271 2840 Horat.
1291 2802 1362 2854 Ep.
1378 2802 1429 2852 ΙΙ,
1450 2805 1490 2852 2,
1512 2806 1626 2845 170.:
1649 2808 1763 2855 „qun'

1020 2860 1196 2914 populus
1231 2859 1360 2898 adsita
1399 2861 1517 2899 certis
1546 2861 1757 2906 Limitibus,

1020 2919 1154 2958 vicina
1169 2918 1316 2970 refugit
1332 2918 1507 2970 im'gia.“
1543 2917 1662 2973 Wr.)
1708 2914 1759 2962 Isi

1021 2977 1157 3030 priore
1184 2990 1372 3028 agnoscas
1398 2976 1664 3016 imitationem
1685 2976 1757 3016 Di·-

1021 3048 1163 3075 rarum
1190 3034 1340 3075 Valerii
1359 3034 1481 3074 Probi
1501 3037 1558 3078 26
1595 3037 1658 3075 Τιι
1684 3030 1756 3074 neas,
