1734 3320
264 246 745 309 GEGRGIUON
778 252 920 303 LIB.
954 251 1033 316 11,
1074 257 1299 303 12—22
1439 254 1542 305 395

20 382 299 448 Aesculus,
333 390 495 449 atque
515 379 727 430 habitae
748 379 917 430 Graiis
938 376 1151 428 oracula
1179 393 1423 444 quercus,

15 452 247 506 Pullulat
264 452 330 503 ab
353 451 535 503 radice
560 449 670 500 aliis
694 447 1009 500 densissima
1031 446 1182 498 silva:

15 526 91 579 Ut
105 521 590 588 cerasisulmisque
605 544 619 581 3
658 519 819 570 etiam
838 518 1085 571 Parnasia
1102 516 1283 568 laurus

15 597 181 647 Parva
196 592 296 644 sub
317 591 523 660 ingenti
540 590 725 641 matris
745 606 802 640 se
822 589 1035 640 subiicit
1051 587 1261 639 umbra.

15 667 338 717 Ho‘s‘Natura
346 661 546 712 modos
559 660 800 728 primum
817 659 991 722 dedit3
1013 657 1096 708 his
1110 673 1281 724 genus
1297 672 1463 708 omne
1476 663 1546 711 20

17 733 284 786 Silvarum
302 731 669 798 fruticumque
681 731 818 781 viret
831 745 1236 796 nemorumque
1256 744 1544 780 sacrorum.

88 806 229 856 Sunt
249 802 359 867 alii,
384 818 535 871 quos
559 801 675 869 ipse
696 801 781 851 via
804 801 905 852 sibi
924 800 1128 869 reperit
1147 815 1289 852 usus.

65 944 112 981 16
132 943 297 978 Exulat
315 941 389 977 alii.
434 941 586 976 Damnat
608 938 820 986 scripturam
839 940 961 974 Heins.
1010 948 1124 987 atque
1148 938 1226 974 alte
1248 938 1323 973 Erf.
1341 938 1440 973 forte
1465 949 1546 985 pro,

0 990 123 1033 ,albae-
170 991 286 1025 Grais
300 989 340 1024 in
359 987 480 1024 multis
498 987 676 1023 scribitur.
748 989 794 1024 17
817 999 842 1021 a
859 988 985 1022 radice
1000 987 1092 1021 ven.
1115 993 1151 1020 et
1170 985 1302 1020 Mox-et.
1323 992 1440 1033 quart.
1463 985 1547 1020 vide

15 1037 79 1074 lib.
95 1039 124 1081 Ι,
141 1038 201 1074 ω.
296 1037 343 1073 18
366 1044 404 1071 et
417 1037 490 1071 iam
510 1036 659 1071 Gudian.
682 1046 759 1069 cum
780 1033 870 1070 aliis.
927 1035 988 1080 (-·
1013 1035 1070 1070 19.
1092 1033 1223 1068 Medic.
1246 1032 1405 1082 subigit,
1429 1039 1547 1067 ortum

17 1096 62 1120 ex
86 1091 209 1119 vetere
236 1084 307 1120 scri
437 1081 587 1124 subicit5
618 1082 664 1116 de
684 1094 753 1128 qua
773 1082 914 1117 dicetur
930 1081 1002 1116 alio
1024 1080 1120 1116 loeo.
1159 1080 1256 1126 Wr.)

15 1132 127 1169 Goth.
147 1143 205 1179 ΡΥ.
297 1132 346 1168 22
368 1132 468 1166 Sum
493 1130 562 1165 alii
586 1141 679 1176 quos
703 1129 808 1165 etiam
826 1128 957 1164 Medic.
975 1141 996 1163 a
1011 1140 1067 1176 pr.
1084 1138 1208 1170 manu,
1233 1127 1298 1162 sed
1311 1139 1333 1162 a
1352 1139 1423 1162 sec.
1447 1128 1547 1162 alme

8 1190 128 1229 quan
152 1184 195 1215 nt
209 1190 255 1215 ex
270 1178 349 1224 tog
376 1177 385 1186 ⁶
413 1177 448 1211 'o
468 1177 628 1223 colligas.
673 1177 727 1212 Bo
747 1176 863 1211 tendit
881 1175 1082 1211 emendatio
1103 1174 1293 1221 Sealigeri:
1320 1177 1420 1210 Sunt
1435 1175 1545 1218 aliae,

16 1238 112 1276 quas
127 1227 209 1281 ipu
221 1226 308 1261 vias
327 1189 424 1260 ⁸31¹„
418 1226 583 1273 repperit
609 1235 719 1265 usum
754 1231 791 1258 et
807 1223 974 1258 Heinsius
993 1222 1101 1258 etiam
1118 1222 1295 1268 argutius:
1328 1224 1428 1257 Sunt
1447 1222 1547 1256 aliae

15 1285 112 1321 quas
135 1285 217 1328 qtae
237 1274 324 1312 viae
349 1283 379 1306 s.
405 1271 558 1317 Kingins
582 1283 639 1318 ap.
665 1271 807 1306 Martin.
834 1283 917 1317 app.
940 1270 1168 1304 emendabat:
1211 1272 1311 1304 Sunt
1331 1269 1401 1304 alii
1419 1267 1545 1315 (modi)

16 1321 123 1368 queis
229 1322 329 1355 viam
345 1317 425 1354 sibi.
473 1321 573 1353 Sunt
592 1318 661 1352 alii
677 1330 770 1365 quos
787 1320 868 1368 ipse
886 1319 984 1353 viam
1004 1318 1163 1352 Venetus
1184 1323 1221 1351 et
1238 1316 1348 1351 Pierii
1366 1316 1545 1362 Longob„

41 1367 114 1401 nod
168 1366 256 1402 'erio
282 1374 319 1401 et
343 1365 491 1401 Heinsio
513 1372 659 1400 venusta
682 1365 869 1400 videbatur
888 1363 1118 1411 appositione
1144 1363 1287 1398 dictum.
1336 1366 1434 1398 Sunt
1459 1364 1547 1398 aliis

56 1414 161 1448 entel.
186 1425 259 1450 sec.
282 1426 306 1450 a
329 1426 377 1447 m.
399 1425 456 1460 pr.
505 1415 604 1448 Sum
634 1412 703 1446 alii
726 1425 820 1459 quos
840 1413 925 1460 ipsa
950 1414 1015 1447 via
1039 1411 1077 1445 in
1097 1411 1261 1446 Gudiano
1287 1410 1362 1444 vidi
1382 1423 1402 1444 a
1420 1423 1466 1445 m.
1489 1423 1545 1456 pr.

15 1461 89 1497 Sed
105 1461 196 1495 bene
213 1461 394 1507 vulgatam
411 1460 628 1495 defendebat
640 1461 867 1494 Burmannus.
892 1460 985 1494 conf.
1001 1461 1218 1494 Burmannus
1238 1461 1315 1493 Sec.
1336 1458 1382 1491 ad
1397 1457 1545 1493 Anthel-

14 1509 96 1549 Lat.
121 1519 205 1554 pag.
220 1506 304 1544 527.
353 1507 488 1554 (Omnis
504 1507 541 1542 h.
560 1507 587 1542 1.
612 1506 651 1540 in
667 1506 831 1541 Mediceo
850 1506 1015 1541 lectionis
1033 1505 1185 1541 varietas
1206 1504 1290 1539 inde
1313 1505 1477 1551 profecta
1487 1504 1546 1540 vi-

16 1555 139 1598 detur,
163 1555 280 1601 qnod,
303 1561 344 1588 ut
359 1555 473 1589 refert
485 1553 697 1600 Foggiuius,
721 1553 751 1588 is
772 1560 828 1588 est
843 1553 1024 1588 literarum
1041 1553 1166 1588 ductus
1178 1579 1188 1596 ,
1221 1558 1261 1586 ut
1278 1551 1434 1595 nescias,
1459 1552 1545 1595 alie,

16 1614 64 1638 an
79 1603 148 1637 alii
161 1601 281 1649 legam
305 1601 375 1636 iam
390 1601 451 1648 qui
469 1602 544 1636 alie
557 1601 713 1647 legeret,
738 1601 864 1635 deesse
881 1614 906 1635 a
920 1608 1017 1635 ratus
1027 1626 1038 1644 ,
1062 1601 1154 1635 hanc
1167 1600 1307 1634 literam
1326 1611 1434 1646 supra
1450 1599 1544 1634 scri-

16 1649 111 1696 psit,
141 1657 178 1684 et
208 1649 361 1696 proinde
389 1662 411 1684 ο
438 1648 476 1683 ἰιι
503 1661 598 1695 quos
624 1655 814 1694 expuncta,
845 1648 933 1682 item
959 1661 985 1682 a
1013 1659 1120 1694 supra
1142 1647 1278 1693 pinxit,
1303 1653 1344 1681 nt
1371 1646 1545 1681 existeret

1350 1081 1396 1116 21
1421 1082 1548 1135 virent

17 1709 124 1744 quas.
171 1699 270 1732 Serv.
288 1696 437 1731 Dresd.:
469 1699 525 1740 „S
537 1701 615 1730 unt
638 1694 742 1730 alii:
766 1694 867 1730 modi
882 1695 1060 1730 scilicet.“
1099 1693 1195 1740 Wr.)

16 1814 144 1866 XVII,
168 1817 235 1866 10,
252 1829 284 1856 8.
306 1817 374 1866 10,
391 1820 432 1853 et
446 1814 639 1868 primario
656 1814 748 1854 loco

16 1875 88 1924 20,
108 1887 141 1913 s.
157 1872 226 1916 34.
288 1873 354 1917 15.
382 1874 597 1923 Aesculus,
630 1873 752 1912 arbos

16 1931 240 1985 glandifera
269 1944 292 1970 e
325 1944 552 1984 quercuum
591 1944 751 1983 genere,

17 1988 242 2031 admodum
285 2003 456 2043 procera
474 2019 485 2039 ,
531 1990 639 2029 conf.
679 1989 752 2029 inf.

16 2061 59 2088 v.
78 2050 341 2091 291—297.
368 2048 455 2088 Iovi
480 2061 608 2087 sacra.
636 2047 755 2086 Dicta

18 2118 67 2145 ea
104 2107 291 2145 maxima
329 2120 559 2145 nemorum.-
615 2106 752 2158 accipe

17 2177 114 2219 pro:
142 2163 188 2203 iu
215 2164 462 2204 nemoribus.
521 2162 588 2203 Sic
607 2164 752 2203 Graeci

19 2236 118 2261 casu
141 2222 320 2262 secundo
352 2222 419 2262 uti
442 2222 592 2261 solent:
630 2220 752 2275 ὕψη-

18 2276 168 2334 λοτοὶτη
188 2275 345 2323 timim
360 2294 439 2334 pro
457 2280 503 2323 ἐν
525 2276 667 2324 ἄλσεσι
684 2280 752 2318 di-

12 2344 170 2383 cerent.
221 2337 412 2394 (nemora
435 2367 449 2388 ,
508 2344 559 2378 ut
608 2339 751 2388 silvae,

19 2398 94 2437 cfr.
127 2399 219 2447 26„
257 2398 456 2437 silvarum
491 2397 602 2435 aliae
614 2426 626 2447 ,
673 2410 752 2450 pro

15 2454 236 2500 arboribus
263 2454 430 2495 dicitur.
497 2454 560 2494 Ita
595 2461 757 2494 rectum

18 2515 205 2552 maxima
223 2526 446 2553 nemorum.
491 2511 548 2552 At
566 2513 758 2552 Latinum

19 2577 83 2610 est
96 2573 268 2610 umoris
293 2574 479 2610 maxima
493 2601 506 2621 ‚
545 2577 596 2610 ut
606 2580 756 2623 poten-

19 2630 197 2668 tissimus
221 2629 404 2669 Galliae.
441 2628 595 2684 Wch.)
635 2643 756 2683 quer-

19 2701 95 2726 cus
109 2686 274 2726 habitae
293 2688 474 2737 oracula,
506 2687 548 2727 h.
567 2702 644 2741 pro
661 2687 757 2727 sede

22 2744 179 2784 oraculi
211 2744 429 2792 Dodonaei.
471 2746 557 2786 vid.
585 2746 752 2786 Homer.

21 2802 168 2855 odyss.
191 2803 235 2853 ξ,
256 2805 354 2845 327.
380 2805 478 2853 328,
507 2818 754 2857 quamquam

0 2860 169 2916 3modus
206 2860 387 2900 edendae
433 2863 554 2901 sortis
595 2863 754 2902 diverse

22 2918 202 2958 traditus
224 2924 297 2957 est.
337 2916 567 2971 („quercus,
588 2921 754 2959 oracula

21 2976 211 3030 primast
251 2975 372 3016 Ovid.
406 2975 495 3016 Am.
523 2978 592 3028 ΙΙΙ,
620 2981 688 3028 10,
713 2981 753 3021 9.

28 3036 101 3076 W
93 3033 150 3088 r.)

869 1816 936 1856 17.
955 1815 1002 1854 V
996 1813 1545 1866 ivis-adicesvocan15quam-

811 1885 935 1925 quam
953 1871 1000 1910 id
1016 1885 1167 1911 nomen
1193 1871 1317 1912 latius
1334 1878 1471 1926 patet,
1502 1877 1546 1911 et

809 1930 986 1971 stolones
1016 1944 1064 1969 ac
1091 1936 1263 1970 truncos
1294 1930 1417 1970 etiam
1438 1929 1545 1969 desi-

809 1995 931 2042 gnat,
970 2002 1072 2041 quos
1100 1989 1321 2029 transferas
1353 1988 1399 2028 in
1424 1988 1546 2028 aliam

808 2053 978 2087 terram.
1037 2046 1209 2086 &blica
1234 2061 1297 2097 se,
1337 2046 1545 2097 adolescit,

813 2106 966 2144 crescit.
1005 2107 1139 2158 Supra
1149 2105 1232 2145 Ecl.
1242 2106 1296 2155 X,
1306 2103 1363 2147 74
1398 2105 1545 2156 Quan-

808 2172 896 2202 tum
914 2177 1004 2203 vere
1029 2178 1133 2203 ηονο
1163 2163 1306 2202 viridis
1326 2178 1369 2202 se
1384 2163 1545 2202 subiicit

808 2222 944 2260 alnus.
1007 2222 1161 2261 Locum
1189 2220 1388 2274 expressit
1420 2221 1545 2261 Clau-

810 2279 919 2319 dian.
936 2279 990 2329 X,
1007 2278 1093 2322 244
1111 2293 1197 2331 sqq.
1254 2279 1379 2319 Docte
1407 2286 1545 2321 autem

809 2338 963 2378 variata
983 2338 1111 2377 oratio
1129 2352 1223 2390 pro:
1254 2337 1353 2377 aliae
1369 2333 1453 2380 ἆπὸ
1466 2353 1545 2380 πα-

814 2393 1037 2450 ρασπάδος,
1065 2396 1203 2436 radice
1221 2396 1351 2436 infixa
1366 2397 1465 2446 solo,
1480 2397 1545 2449 gi-

812 2460 1020 2507 gnuntur,
1057 2460 1107 2494 ut
1134 2467 1314 2505 cerasus,
1352 2454 1486 2494 ulmus
1505 2460 1545 2493 et

812 2513 964 2552 laurus.
1023 2515 1093 2555 20.
1122 2515 1193 2556 21.
1221 2512 1278 2552 Hi
1305 2519 1404 2553 sunt
1431 2512 1545 2553 modi

810 2569 1028 2610 naturales.

870 2631 995 2671 22—-
1010 2626 1078 2670 34.
1116 2630 1224 2668 Sunt
1248 2627 1317 2668 alii
1342 2628 1455 2668 modi
1475 2642 1546 2667 ar-

812 2687 962 2727 borum
1003 2686 1272 2727 creandarum
1303 2687 1543 2736 artificiales,

810 2744 854 2791 h.
870 2759 972 2798 quos
990 2745 1181 2799 ususipse
1189 2745 1264 2785 sibi
1281 2745 1447 2799 reperit,
1459 2747 1542 2794 via,

808 2802 855 2843 id
880 2810 942 2843 est
978 2809 1089 2855 arte,
1122 2804 1301 2854 ratione,
1340 2802 1544 2842 indum-ia

810 2868 853 2901 et
879 2862 1150 2915 experientia,
1198 2868 1249 2902 ut
1285 2862 1434 2901 centies
1471 2861 1543 2898 via

812 2920 922 2973 apud
947 2926 1137 2960 nossa-um
1166 2927 1208 2959 et
1247 2920 1357 2958 alios.
1386 2917 1542 2956 Colum.

810 2979 865 3028 X,
884 2980 969 3021 338
999 2979 1145 3016 salutis
1160 2980 1264 3028 Ipsa
1282 2991 1411 3015 novas
1437 2983 1543 3013 artes

813 3037 931 3074 varia
962 3037 1208 3087 experientia
1236 3048 1366 3073 mmm
1398 3034 1454 3072 Et
1473 3033 1541 3071 la-
