1768 3320
151 238 257 288 216
484 234 540 283 Ρ.
576 231 939 284 VIRGILII
971 227 1356 279 MARONIS

150 363 320 411 Necte
339 358 510 409 tribus
530 357 690 408 nodis
718 366 927 419 ternOS‚
963 352 1243 419 Amaryffi,
1283 353 1521 417 colores3

151 434 343 492 Necte,
379 428 660 494 Amarylli,
697 427 897 486 mod03
938 433 1013 487 et,
1051 425 1303 489 VeneriS,
1334 425 1444 491 die,
1472 427 1683 479 vincula

946 503 1123 546 necto,

150 569 343 621 Ducite
376 567 440 618 ab
464 567 603 619 urbe
629 566 883 631 domum,
919 581 1044 683 mpla
1068 564 1336 645 carmina,
1375 565 1553 617 ducite
1576 569 1684 619 Da-

1026 652 1155 687 mm.

150 709 335 760 Limus
354 716 414 758 ut
430 706 518 757 hic
543 706 800 770 durescit,
841 714 894 755 et
914 653 1049 755 hliec
1071 714 1133 755 ut
1158 721 1277 755 cera
1297 705 1544 773 liquescit
1615 714 1682 761 80

151 782 276 831 Uno
302 778 610 844 eodemque
636 777 770 842 igni:
808 776 880 825 sic
913 784 1101 825 nostro
1121 775 1363 842 Daphnis
1389 794 1588 830 amore.

154 851 357 917 Sparge
379 847 607 911 molam,
648 856 700 897 et
723 845 920 912 fragilis
942 844 1175 896 incende
1198 846 1466 898 bitumine
1488 848 1681 901 laurus.

150 919 392 987 Daphnis
434 935 526 968 me
565 916 737 967 malus
779 918 907 969 urit:
943 932 1066 1035 lego
1110 916 1249 966 hanc
1299 918 1354 967 in
1394 918 1683 987 Daphnide

965 1004 1170 1039 aurum.

221 1077 303 1124 79.
339 1073 586 1121 DAPHNIN
674 1074 754 1122 82.
790 1083 1000 1119 LAURos

197 1188 244 1225 77
269 1189 390 1222 trinos
417 1188 509 1222 ven.
557 1185 678 1221 tribus
702 1187 806 1221 natis
829 1187 932 1221 Leid.
1029 1188 1076 1224 78
1100 1186 1191 1221 Mira
1209 1199 1268 1221 res
1288 1193 1363 1230 est,
1387 1194 1607 1234 quantopere
1623 1188 1684 1224 in-

154 1234 322 1280 eptierint
347 1233 415 1268 viri
434 1234 531 1268 docti
553 1246 643 1267 saec.
662 1234 735 1269 XV
751 1241 788 1267 et
803 1236 893 1269 XVI
911 1235 948 1268 in
969 1235 1072 1269 huius
1088 1247 1210 1269 versus
1229 1242 1364 1268 metro:
1390 1235 1472 1269 dum
1491 1237 1606 1270 nodos
1623 1237 1684 1270 in-

150 1283 296 1315 trudere
318 1282 473 1315 voluere.
521 1281 656 1314 Ceteris
676 1293 732 1326 ap.
752 1283 939 1316 Burmann.
962 1283 1054 1317 adde
1073 1282 1303 1316 Benedictum
1320 1281 1544 1328 philologum
1564 1283 1601 1318 in
1617 1285 1683 1319 Ed.

150 1331 242 1363 Iunt.
262 1329 373 1372 1520,
399 1335 439 1361 ut
455 1328 501 1361 sit
521 1340 643 1363 versus
660 1328 911 1374 amphimacer.
961 1330 1089 1364 modos
1107 1329 1245 1363 Zulich.
1341 1330 1389 1365 80
1411 1330 1683 1366 haec-ubiVen.

151 1378 198 1412 82
222 1376 356 1409 laurus
375 1375 503 1409 Medic.
536 1376 628 1410 conf.
650 1388 726 1422 sup.
755 1389 789 1410 v.
812 1377 867 1412 13.
902 1377 1047 1423 (recepi.
1073 1376 1143 1410 vid.
1166 1383 1242 1410 not.
1262 1377 1307 1410 ad
1323 1377 1397 1411 Ecl.
1415 1379 1475 1420 VI,
1495 1379 1552 1414 83.
1586 1379 1682 1424 Wr.)

151 1435 273 1456 ramos
292 1422 400 1456 Pierii
420 1423 612 1467 Oblongus.
636 1436 668 1457 v.
688 1426 774 1458 Aen.
790 1425 868 1466 VII,
887 1425 966 1461 135.
1047 1425 1093 1460 83
1119 1437 1174 1458 me
1193 1424 1288 1457 male
1306 1425 1382 1458 urit
1394 1426 1564 1460 Rottend.
1582 1426 1683 1461 alter.

149 1471 188 1504 in
216 1471 287 1504 hac
313 1482 383 1516 ego
410 1470 612 1517 Daphnida
641 1471 754 1504 laura
780 1472 945 1505 tentabat
970 1474 1023 1506 Io.
1046 1471 1235 1506 Schrader.
1284 1471 1389 1505 Certe
1412 1473 1453 1505 in
1481 1474 1686 1520 Daphnida

149 1516 344 1563 requiram3
379 1512 442 1551 ἐπὶ
466 1514 657 1562 Δάφνιδι,
685 1518 721 1552 h.
741 1530 771 1552 e.
800 1517 854 1558 εἰς
873 1516 1039 1564 Δάφνιν.
1088 1518 1127 1552 Si
1144 1526 1262 1552 tamen
1281 1518 1435 1564 Virgilio
1459 1531 1531 1553 non
1551 1521 1686 1565 placuit
1739 1555 1741 1559 ,

150 1564 201 1598 ita
217 1563 412 1600 scribere?
456 1564 632 1610 Reposuit
656 1565 799 1600 Wakef.
850 1567 958 1612 (Bene
983 1568 1024 1601 in
1043 1566 1263 1614 Daphnide3
1300 1565 1434 1600 dictum
1451 1566 1521 1601 hoc
1545 1581 1685 1610 „urere

150 1669 354 1721 universe,
371 1684 464 1710 cum
478 1671 642 1724 proprie
661 1671 713 1711 sit
723 1672 888 1724 Hecate,

152 1729 220 1767 eui
238 1729 390 1781 magica
410 1743 522 1768 sacra
540 1729 658 1769 fiunt.
697 1734 766 1773 77.
783 1732 889 1770 Tum

150 1787 220 1825 illa
243 1787 356 1826 iubet
380 1788 565 1826 ancillam
586 1797 714 1827 ternos
740 1790 889 1828 colores

152 1844 276 1883 tribas
302 1846 418 1883 nodis
434 1876 444 1895 ,
480 1845 521 1884 h.
550 1859 582 1885 e.
613 1847 695 1885 tria
723 1848 793 1887 fila
822 1847 887 1886 di-

152 1902 260 1942 versi
282 1903 425 1942 coloris
436 1934 446 1954 ,
471 1905 793 1958 unumquodque
813 1920 886 1945 suo

152 1960 284 2010 n0d0,
314 1967 475 2000 nectere
497 1963 623 2001 verba
643 1965 887 2016 praefatam:

151 2019 318 2058 Veneris
357 2019 438 2058 hoc
481 2020 692 2060 vinculum
729 2036 769 2061 se
805 2035 888 2061 esse

153 2076 269 2116 velle.
331 2075 412 2131 (De
447 2078 564 2117 nodis
607 2079 768 2132 magicis
803 2081 887 2120 vid.

154 2134 331 2173 Turneb.
349 2134 518 2175 Advers.
549 2138 662 2187 XIX,
684 2141 751 2180 22.
791 2139 889 2178 Del-

152 2193 256 2231 rion.
286 2193 457 2245 Disquis.
482 2194 622 2247 Magio.
644 2196 711 2237 ΙΙΙ.
731 2203 836 2250 part.
857 2197 889 2237 I.

154 2251 320 2299 Quaest.
341 2252 408 2302 IV,
427 2253 495 2296 25.
517 2259 558 2292 et
579 2254 696 2293 Cerd.
728 2255 781 2294 ad
797 2255 838 2294 h.
862 2256 889 2296 l.

159 2311 231 2349 W
224 2307 279 2362 r.)

212 2368 280 2408 80.
310 2366 418 2405 Duas
440 2367 662 2420 Daphnidis
686 2371 888 2424 imagines,

155 2424 323 2463 alteram
351 2438 372 2463 e
397 2425 514 2476 limo,
546 2440 566 2465 e
586 2441 677 2467 cera
705 2430 888 2480 alteram,

153 2481 237 2535 igni
259 2482 467 2522 admoveri
487 2491 597 2536 puta.
629 2487 751 2526 Cerea
768 2488 890 2527 etiam

154 2554 217 2593 ap.
251 2540 454 2580 Theocrit.
474 2542 521 2592 II,
552 2546 608 2585 28
638 2551 716 2596 est3
755 2546 889 2585 minus

153 2598 255 2637 bene
293 2599 456 2638 Servius
502 2599 670 2640 alteram
705 2617 755 2642 ex
791 2604 889 2643 limo

153 2656 279 2710 ipsius
309 2656 509 2695 veneficae
535 2671 618 2696 esse
646 2662 754 2700 vult:
794 2676 889 2701 nam

154 2714 366 2766 sequitur:
415 2716 474 2752 sic
521 2725 651 2755 nostro
694 2720 890 2770 Daphnis

154 2786 289 2811 amore
303 2802 315 2822 ,
367 2772 449 2811 scil.
489 2773 683 2824 liquescat
730 2777 890 2815 mollia-

154 2836 305 2882 turque
331 2829 375 2868 in
405 2844 582 2869 amorem
613 2832 713 2882 mei,
756 2835 891 2873 obdu-

158 2893 290 2927 rescat
307 2900 406 2928 vero
433 2894 474 2927 et
496 2888 735 2929 obfirmetm·
758 2893 889 2931 animo

156 2946 210 2985 ad
229 2946 499 2985 constantiam
519 2948 676 2986 amoris.
718 2946 890 3002 (Proba-

155 3004 274 3044 bilius
305 3003 405 3043 haec
427 3005 590 3044 Vossius
618 3005 676 3044 ita
710 3009 890 3060 exponit,

947 1679 996 1713 ut
1016 1672 1137 1723 dicat,
1157 1672 1203 1711 id
1216 1671 1586 1726 pharmaceutriam
1603 1674 1685 1715 hoc

946 1731 1031 1771 ritu
1048 1731 1206 1771 efficere
1227 1731 1350 1782 velle,
1372 1738 1421 1770 ut
1438 1732 1685 1773 obdurescat

944 1789 1171 1843 Daphnidis
1198 1796 1341 1843 pectus
1367 1790 1564 1830 adversus
1587 1792 1684 1831 alias

945 1848 1100 1901 puellas
1112 1878 1122 1898 ,
1171 1848 1292 1886 molle
1333 1854 1470 1888 autem
1510 1856 1551 1888 et
1584 1851 1685 1890 mite

945 1906 1020 1945 fiat
1040 1920 1132 1958 erga
1149 1906 1288 1959 ipsam.
1319 1907 1445 1945 Recte
1464 1907 1572 1947 idem
1589 1923 1685 1948 sen-

945 1964 1020 2015 tit,
1047 1964 1182 2004 studio
1202 1964 1427 2016 quaesitam
1444 1966 1576 2006 videri
1595 1969 1685 2007 soni

946 2022 1250 2062 similitudinem
1264 2053 1274 2073 ‚
1298 2037 1400 2075 quae
1419 2024 1472 2063 sit
1487 2024 1530 2063 in
1549 2026 1684 2066 verbis

946 2081 1118 2119 durescit
1143 2103 1202 2110 ——
1228 2082 1413 2134 liquescit
1417 2098 1434 2131 ,·
1476 2096 1523 2122 ae
1551 2085 1685 2136 perti-

946 2152 1043 2179 nere
1064 2138 1145 2177 hoc
1167 2138 1221 2177 ad
1245 2153 1400 2178 morem
1422 2140 1466 2179 in
1487 2148 1575 2180 arte
1594 2157 1684 2181 ma-

947 2198 1033 2250 gica
1051 2197 1331 2249 observatum,
1351 2198 1436 2238 vid.
1458 2200 1578 2239 etiam
1596 2208 1683 2242 not.

949 2256 1004 2295 ad
1022 2256 1105 2295 Eel.
1122 2255 1189 2306 HI,
1215 2259 1309 2298 110.
1346 2256 1466 2312 Wr.)

1007 2316 1075 2357 82.
1105 2312 1232 2353 Aliud
1263 2314 1445 2354 venefica
1474 2330 1585 2357 nunc
1606 2318 1685 2358 ad-

946 2372 1146 2424 greditur:
1194 2372 1359 2412 laurum
1390 2374 1594 2427 incendit,
1635 2383 1686 2416 ut

946 2430 1128 2484 Daphnis
1157 2430 1299 2470 eodem
1323 2432 1447 2471 modo
1465 2447 1601 2475 amore
1618 2435 1704 2474 in-'

948 2489 1160 2528 cendatur.
1199 2490 1372 2540 molam,
1399 2491 1464 2530 far
1483 2498 1524 2530 et
1547 2493 1683 2544 salem,

946 2553 995 2588 ut
1016 2548 1137 2586 etiam
1154 2546 1323 2587 Theoer.
1342 2562 1383 2587 v.
1403 2551 1456 2591 18
1476 2556 1518 2589 et
1535 2553 1603 2593 21.
1635 2552 1684 2591 cf.

946 2604 988 2645 h.
1005 2605 1032 2644 l.
1052 2608 1166 2645 Serv.
1197 2606 1280 2645 Cur
1292 2635 1304 2656 ,
1325 2619 1401 2659 pro
1423 2608 1597 2660 sulfure,
1621 2609 1686 2648 bi-

947 2665 1099 2702 tumine
1137 2663 1261 2703 illitas
1293 2664 1431 2704 lauros
1472 2674 1683 2719 memoret,

947 2735 1042 2760 nam
1058 2721 1224 2761 videtur
1235 2722 1407 2775 mystica
1419 2723 1553 2777 aliqua
1565 2740 1686 2765 caus-

948 2794 992 2818 sa
1012 2779 1184 2830 subesse,
1206 2781 1464 2821 ariolationes
1474 2783 1560 2823 vid.
1574 2784 1686 2838 apud

949 2837 1070 2877 eund.
1089 2838 1274 2891 fragiles
1302 2839 1481 2880 Lucretii
1502 2842 1568 2892 VI,
1600 2845 1680 2884 111

949 2896 1194 2935 auctoritate
1212 2911 1235 2935 a
1248 2911 1348 2936 sono
1369 2911 1420 2937 ex
1436 2899 1593 2952 fragore
1609 2913 1684 2939 ex-

947 2954 1122 3006 plicant,
1152 2958 1391 3007 crepitantes
1417 2958 1460 2995 in
1478 2959 1680 3010 flamma,

949 3012 1060 3062 quod
1083 3013 1226 3052 ominis
1248 3014 1338 3053 loco
1364 3014 1409 3054 in
1431 3014 1511 3055 hac
1538 3016 1684 3056 arbore
