1768 3320
0 0 93 79 {³²}
120 8 170 41 a,

0 79 25 116 a
43 56 128 141 ,ᾗ

297 226 726 311 nii-conen
765 252 933 303 EGL.
969 254 1033 314 v,
1065 257 1294 307 24-29

1447 262 1545 313 155

0 374 267 443 ‘Daphnis
288 375 641 427 eim-:nenias
666 391 827 426 curru
845 376 1171 443 subiungere
1192 379 1338 445 tigris

73 504 122 546 29
143 515 212 538 cur
212 504 277 538 rui
297 515 384 539 nnus
402 503 535 539 Mox-eti
550 515 619 550 pro
636 515 710 539 var.
729 503 813 539 lect.

860 505 1014 551 (Nempe
1041 518 1156 541 curru
1184 507 1329 554 antiqua
1351 521 1387 542 es
1372 516 1405 542 st
1434 510 1546 545 dativi

176 550 409 594 CstNJGeIV
440 552 628 590 158.198.
661 551 896 595 Aen.,.125⁴7
920 543 1548 600 111‚541.692.Wr.)Arme1·na

123 603 190 631 et
203 597 311 633 Laid.

26 657 158 742 basta.
209 703 316 743 conf.
344 703 407 755 X,
444 706 511 746 14.
552 705 617 748 15
676 704 757 744 Sed

25 759 96 801 hic
118 767 216 822 est:
250 770 402 800 montes
439 770 478 801 et
509 763 638 802 silvae
667 777 756 801 me-

26 827 209 871 morunt,
245 827 438 870 nan-ant,
479 820 609 859 leones
637 822 757 873 inge—

26 878 188 917 muisse.
215 877 317 917 Nam
332 891 409 931 pro
426 892 607 917 resonare
630 878 758 944 accipi

26 935 142 988 loqui
155 949 241 974 non
256 941 406 990 potest,
436 949 529 975 cum
547 937 759 990 praeteriti

25 993 221 1049 temporis
244 1005 335 1034 rem
358 991 405 1036 ω’
429 995 670 1047 ingemuisse
690 995 758 1034 in-

28 1048 149 1091 dica.
187 1051 333 1105 Itaque
349 1050 543 1090 dicendus
560 1058 622 1091 est
636 1059 758 1107 poeta

26 1107 165 1163 paullo
200 1109 344 1150 durius
379 1110 618 1165 expressisse
648 1110 757 1150 idem

26 1166 155 1217 illud,
194 1167 307 1220 quod
336 1172 433 1207 ante
459 1168 645 1207 dixerat:
684 1184 757 1208 co—

26 1197 239 1264 mutiam
261 1233 301 1264 et
316 1227 503 1278 flumina
521 1227 754 1279 Nymphis:

27 1282 63 1322 si
98 1289 197 1323 sunt
223 1289 365 1335 testes,
404 1284 438 1323 si
471 1285 756 1335 meminerunt,

27 1331 154 1382 nunt?
168 1341 291 1381 etiam
317 1348 490 1381 ‘narrant
521 1343 671 1382 audita.
720 1342 757 1381 A

26 1400 187 1453 poetico
212 1400 359 1453 spiritu
383 1401 566 1450 aberres,
607 1402 640 1440 si
656 1401 759 1440 velis

5 1456 200 1496 *reddere
215 1471 295 1508 eos,
314 1458 386 1510 qui
396 1459 440 1497 in
455 1458 563 1498 silvis
582 1465 623 1497 et
638 1473 759 1497 mon-

27 1515 137 1554 tibus
151 1514 352 1556 habitant.
381 1518 538 1555 Leones
544 1512 669 1569 Asm's
683 1531 761 1570 pa-

28 1579 180 1612 storem
207 1573 254 1613 in
279 1574 413 1613 Sicilia
440 1575 667 1614 extinctum
687 1575 761 1614 de-

27 1631 127 1671 flere
142 1632 215 1671 vix
238 1638 361 1684 poeta
383 1632 491 1671 credi
509 1633 643 1672 voluit
650 1648 662 1683 3
691 1633 762 1671 sed

28 1695 91 1728 est
128 1689 337 1743 epitheton
380 1704 547 1741 ornans,
588 1697 638 1730 ut
663 1705 762 1730 mox

26 1749 247 1788 Ammine
271 1750 395 1802 tigres
422 1754 463 1787 et
480 1762 603 1802 supra
629 1749 761 1802 Cydo-

27 1807 102 1844 nia
139 1807 295 1857 mala,
343 1806 529 1845 Sithonia
560 1809 668 1856 ni.r;
718 1812 761 1846 et

21 1863 142 1915 quod
164 1864 302 1904 multo
334 1865 458 1917 magis
492 1865 651 1904 mireris
677 1865 759 1904 Ed.

28 1923 83 1972 X,
108 1923 165 1965 59
195 1922 288 1961 libet
311 1923 466 1961 Par-ello
483 1932 659 1976 torquere
679 1924 760 1975 Gy-

28 1980 154 2018 donia
176 1995 301 2019 coma
316 1981 498 2032 Spicula.
529 1979 653 2035 (Huic
675 1981 760 2021 dis-

28 2039 233 2091 putationi
255 2039 422 2078 videtur
448 2040 619 2089 obstare,
650 2039 762 2091 quod

29 2109 81 2135 ne
101 2097 270 2136 fuerunt
278 2110 460 2149 unquam
477 2097 521 2135 in
531 2097 662 2136 Sicilia
673 2098 760 2136 leo-

29 2167 114 2193 nes.
171 2155 310 2207 [taque
337 2155 499 2194 Vossius
527 2170 611 2194 non
637 2155 760 2194 dubi-

30 2218 114 2261 tat,
145 2213 244 2264 quin
270 2213 357 2266 ipsa
381 2213 518 2251 Africa
541 2213 606 2252 his
625 2213 759 2252 verbis

32 2270 281 2323 designetur:
310 2270 488 2310 Africam
513 2285 672 2323 quoque
692 2272 759 2310 in-

0 2356 3 2359 *
30 2328 222 2380 gemuisse
237 2329 414 2368 Caesaris
440 2329 659 2379 desiderio,
689 2329 760 2381 qui

31 2386 314 2439 Carthaginem
346 2388 503 2427 colonia
529 2402 563 2426 a.
585 2390 682 2429 708.
712 2401 759 2426 eo

33 2445 210 2484 deducta
225 2445 390 2485 reficere
407 2446 594 2485 voluerit.
625 2444 760 2498 Spoh-

31 2503 145 2553 nius,
180 2504 330 2543 reiecta
366 2504 445 2542 hac
480 2504 760 2557 explicatione,

26 2575 229 2613 summam
250 2563 378 2602 totius
405 2562 593 2601 carminis
616 2562 669 2600 ad
685 2576 761 2600 an—

26 2614 192 2671 ‘tiquam
244 2620 359 2659 illum
406 2621 634 2660 fabulosum
678 2621 761 2658 Da-

31 2676 175 2730 phnim
195 2679 449 2718 referendam
482 2685 647 2728 censet;
684 2678 758 2716 sub

31 2734 154 2774 huius
172 2736 361 2789 imagine,
390 2737 505 2776 velut
533 2737 607 2775 sub
638 2737 759 2775 invo-

31 2792 162 2842 lucro,
189 2794 317 2834 latere
334 2795 511 2834 Caesaris
527 2795 759 2847 imaginem3

33 2856 76 2889 et
102 2851 266 2890 leonum
288 2854 333 2892 iu
360 2866 408 2891 ea
435 2867 481 2892 re
512 2853 760 2893 mentionem

33 2921 86 2946 ex
129 2908 332 2950 Theocrit.
366 2911 405 2960 I,
434 2914 502 2953 72.
528 2925 552 2949 a
594 2911 759 2963 Virgilio

32 2967 283 3006 translatam.
340 2968 421 3006 Sed
447 2982 499 3008 ne
522 2970 578 3008 sic
598 2969 760 3021 quidem

31 3030 187 3063 remota
226 3025 355 3064 omnis
381 3025 620 3076 difficultas3
650 3027 760 3078 quod

812 704 920 743 enim
935 711 1055 743 antea
1067 705 1111 745 in
1121 705 1286 760 Virgilio
1299 707 1545 762 displicebat,

811 762 920 802 idem
935 776 1047 802 nunc
1062 764 1444 818 reprehendendum
1470 769 1547 807 erit

811 820 854 859 in
887 820 1128 873 Theocrito,
1174 823 1340 864 leonum
1368 826 1546 865 mentio-

813 891 908 917 nem
927 879 1046 930 (1100,
1069 881 1139 932 qui
1155 880 1201 919 in
1228 882 1360 921 Sicilia
1383 884 1547 949 quidem

813 936 917 976 nulli
941 943 1071 976 erant.
1137 938 1290 978 Verum
1315 941 1546 980 memineri-

812 1008 924 1044 111113,
964 1009 1080 1048 saepe
1109 996 1153 1035 iu
1182 996 1330 1036 fabulis
1354 999 1546 1051 assignari

814 1052 927 1091 sedes
949 1052 1013 1091 his
1032 1054 1188 1105 bestiis,
1219 1069 1317 1107 quas
1335 1070 1545 1109 nunquam

811 1116 1046 1150 tenuerunt.
1104 1114 1169 1151 Sic
1185 1113 1366 1164 Graecia,
1396 1121 1446 1154 ut
1466 1115 1546 1154 hoc

812 1182 943 1207 unum
971 1169 1156 1220 afferam,
1193 1171 1432 1211 Nemeaeum
1457 1174 1545 1212 leo-

812 1240 905 1265 nem
932 1228 1146 1279 protulisse
1174 1229 1442 1281 perhibetur,
1460 1231 1544 1270 vid.

813 1284 936 1323 etiam
960 1286 1029 1324 Ge.
1057 1286 1111 1325 IV
1119 1316 1131 1336 ‚
1153 1288 1250 1329 510.
1265 1288 1400 1340 ibique
1414 1288 1543 1341 Heyn.

812 1343 953 1394 Itaque
978 1342 1081 1382 nihil
1102 1344 1291 1396 impedit,
1330 1347 1544 1397 quominus

814 1402 971 1439 Poenos
981 1400 1023 1440 h.
1040 1402 1067 1440 l.
1082 1402 1219 1441 leones
1236 1410 1404 1443 ornatus
1425 1418 1545 1443 causa

816 1457 896 1496 dici
936 1472 1028 1498 cum
1062 1459 1219 1512 Heynio
1252 1461 1543 1513 existimemus3

814 1516 899 1555 vid.
912 1516 963 1564 Q.
977 1517 1023 1556 V.
1042 1518 1218 1567 XXXX,
1239 1522 1276 1560 1.
1312 1518 1424 1574 Wr.)
1452 1520 1544 1558 Cir-

817 1574 1083 1626 cumspectius
1115 1575 1228 1615 hunc
1254 1577 1428 1615 colorem
1457 1590 1544 1617 ser-

817 1645 930 1671 vasse
948 1633 1087 1671 videas
1111 1633 1324 1673 Moschum
1348 1635 1394 1673 in
1412 1635 1543 1688 epice-

819 1690 886 1728 dio
903 1691 1052 1740 Bionis,
1073 1691 1184 1742 quod
1201 1699 1295 1731 ante
1314 1693 1451 1747 oculos
1466 1692 1545 1731 ha-

816 1748 940 1787 bebat
967 1749 1173 1800 Virgilius,
1207 1764 1335 1801 quum
1361 1750 1543 1804 Daphni-

817 1806 911 1846 dem
927 1806 1120 1846 scriberet
1126 1822 1137 1858 ;
1165 1808 1230 1846 uti
1243 1808 1452 1860 Virgilium
1462 1809 1544 1848 Ne-

815 1864 1016 1904 mesianus
1036 1866 1119 1904 Ecl.
1141 1865 1171 1915 I,
1189 1869 1244 1907 72
1259 1888 1319 1896 —
1338 1866 1408 1908 74.
1439 1869 1544 1906 Sunt

816 1928 955 1960 tamen
982 1923 1112 1961 leones
1137 1924 1396 1975 sequentibus
1427 1925 1543 1977 tigri-

815 1980 892 2019 bus
928 1979 1170 2033 adiungendi
1188 2011 1199 2031 ,
1232 1988 1299 2022 vut
1332 1989 1374 2021 et
1416 1983 1490 2035 ipsi
1520 1997 1544 2020 a

816 2038 964 2077 Bacchi
981 2039 1145 2078 leonum
1167 2039 1377 2079 domitoris
1399 2041 1543 2079 sabulis

817 2097 935 2150 petiti
958 2103 998 2135 et
1018 2097 1086 2135 hic
1103 2098 1316 2136 memorati
1331 2098 1430 2137 sint:
1460 2099 1543 2136 Da-

817 2154 1011 2208 phnidem
1029 2155 1184 2194 flevisse
1200 2155 1334 2195 leones
1347 2163 1388 2195 et
1406 2157 1541 2208 tigreS‚

818 2226 919 2264 quos
947 2214 991 2251 in
1018 2212 1221 2251 Bacchicis
1247 2214 1366 2266 orgiis
1383 2215 1449 2253 ille
1465 2214 1542 2253 do-

815 2283 926 2309 mare
959 2270 1167 2310 didicerat.
1227 2269 1336 2324 (Non
1363 2271 1459 2311 licet
1484 2286 1541 2321 ea,

816 2341 918 2380 quae
938 2342 997 2367 vs,
1014 2332 1082 2371 29.
1113 2329 1327 2380 dicuntur,
1358 2343 1450 2369 cum
1472 2344 1543 2368 su-

814 2387 1040 2439 perioribus
1070 2387 1261 2439 iungere3
1320 2387 1542 2441 separanda

816 2458 920 2494 esse,
953 2444 1072 2483 docet
1091 2445 1177 2497 ipsa
1208 2446 1447 2485 transeundi·
1472 2459 1543 2484 ra—

817 2503 894 2541 tio:
922 2503 1120 2554 Daphnis
1142 2512 1196 2552 et,
1228 2505 1325 2542 novi
1349 2503 1543 2555 quiddam

817 2561 991 2614 proferri
1005 2561 1215 2600 manifesto
1231 2575 1412 2613 arguens,
1430 2563 1500 2601 PV
1492 2559 1540 2615 r.)

876 2621 945 2660 29.
974 2619 1086 2658 Haec
1108 2626 1149 2658 et
1175 2632 1282 2671 seqq.
1311 2620 1447 2672 paullo
1469 2619 1542 2657 ab-

818 2677 980 2729 ruptius
1014 2677 1146 2730 posita
1168 2708 1179 2727 ,
1227 2678 1458 2730 simpliciter
1496 2690 1542 2714 eo

817 2735 1123 2788 interpretanda
1148 2742 1263 2784 sunt,
1292 2742 1364 2784 ut,
1396 2735 1449 2773 ad
1467 2748 1542 2772 au-

814 2793 963 2846 gendas
981 2794 1064 2833 eius
1077 2794 1217 2833 laudes
1236 2799 1277 2831 et
1295 2793 1542 2845 amplifican-

817 2852 913 2891 dam
963 2852 1230 2917 dignitatem,
1291 2849 1541 2903 Daphnidem

817 2924 935 2949 suum
951 2924 1022 2949 seu
1041 2910 1165 2963 ipsius
1185 2908 1332 2947 Bacchi
1355 2906 1540 2946 laudibus

816 2969 1051 3021 impertiat,
1097 2981 1196 3015 seu,
1244 2965 1355 3017 quod
1389 2976 1539 3010 censeo,

820 3040 911 3065 eum
942 3040 1070 3065 unum
1096 3039 1146 3064 ex
1173 3023 1318 3062 Bacchi
1347 3020 1540 3061 commili-
