1734 3320
3 1262 5 1264 -
56 1237 201 1277 silvae.

264 197 760 268 esssorclcon
786 195 1031 261 1:113.11‚
1067 201 1360 253 469—477
1480 205 1582 254 483

0 344 25 357 “
42 329 301 392 Quarum
321 340 467 377 sacra
483 323 605 375 fero
627 325 831 391 ingenti
849 340 1132 391 percussus
1151 341 1338 376 amore
1351 368 1364 391 ,
1426 364 1430 366 v

0 401 6 460 {j
54 396 364 465 Adcipiaut3
398 394 647 464 coelique
666 396 775 447 vias
801 404 855 445 et
875 394 1052 446 sidera
1071 404 1406 459 monstrent3

55 524 274 620 qugsnmis

295 536 408 560 ustus
431 535 552 559 omnes
581 524 707 571 optimi
735 530 772 559 et
796 506 1043 568 antiquissimi.
1098 526 1192 558 Ante
1221 523 1344 558 Heius.
1373 525 1583 571 perculsus,

351 583 415 613 ἐς
454 583 536 606 nam
558 572 741 618 perculsus
767 570 1024 616 prostemitur5
1056 582 1166 615 prava
1198 583 1390 616 paucorum
1413 570 1584 606 librorum

0 627 13 665 ‚s
54 619 165 658 lectio
183 618 282 654 obtin
349 625 378 653 t.
410 618 482 653 vid.
501 619 624 654 Heius.
646 628 681 654 et
699 618 813 653 Bentl.
842 617 888 651 ad
904 619 1031 652 Horat.
1051 618 1166 664 Epod.
1185 620 1252 662 XI,
1275 621 1311 655 2.
1348 618 1402 664 (in
1418 618 1581 652 Mediceo

0 683 11 686 „
53 678 257 716 perca-uus
273 677 380 713 supra
399 666 533 714 scripta
548 668 567 701 l
576 681 585 709 ς
603 679 809 716 percussus
826 664 932 699 etiam
952 664 987 701 4.
1010 667 1066 701 11.
1096 668 1154 700 W
1147 666 1195 711 r.)

0 735 2 740 ⁷
211 729 231 748 D

55 763 216 813 Platani
229 770 297 812 vel
313 771 500 812 Aeschini
514 773 640 813 tribui
658 773 790 812 solito.

56 830 364 884 eomparandus
389 831 591 871 Thomson
608 832 652 870 in
670 833 791 884 Hye-

55 899 121 928 m
135 889 222 933 572
243 889 330 942 sqq.

0 953 17 996 {f
110 945 213 991 475.
225 946 325 990 476.
338 948 524 999 primum
540 955 634 986 ante
653 949 791 986 omnia

0 1002 18 1048 ³2⁷
54 1003 271 1057 adcipiant
301 1019 390 1044 me.-
428 1005 487 1044 ita
527 1005 634 1044 enim
667 1005 793 1044 latine

0 1063 26 1110 Ξ
56 1060 223 1112 dicitur,
231 1063 364 1116 primo
381 1063 491 1102 loco:
506 1070 555 1102 ut
564 1078 657 1113 cum
665 1064 792 1102 verbo

0 1116 5 1126 ’
55 1120 243 1161 iunctum
265 1121 318 1160 sit
333 1130 426 1160 ante
441 1124 578 1160 omnia
597 1138 609 1160 .·
643 1128 690 1161 ut
708 1122 792 1160 Ecl.

15 1215 19 1218 .
57 1178 107 1230 Π,
129 1182 182 1222 61
205 1179 319 1218 nobis
330 1180 526 1231 placeant
534 1188 628 1218 ante
654 1182 792 1218 omnia

270 1237 379 1277 Ante
428 1240 567 1276 omnia
607 1240 793 1290 primum

57 1295 162 1334 mihi
178 1295 393 1334 dicendum
410 1304 482 1334 est.
545 1295 610 1334 An
637 1298 792 1334 Bsusae

56 1353 196 1392 dulces
226 1361 321 1392 ante
351 1356 489 1392 omnia
516 1354 619 1393 bene
647 1353 790 1392 dican-

56 1418 129 1451 tur
149 1442 161 1462 ,
192 1410 363 1462 ‹lubit03
402 1412 544 1451 saltem
588 1412 629 1451 in
669 1419 791 1466 poeta

56 1470 242 1510 nondum
294 1470 424 1523 legere
484 1470 649 1509 memini
695 1480 790 1509 ante

57 1530 196 1567 omm'a
228 1528 415 1567 iunctum
442 1534 534 1567 cum
564 1528 791 1579 adiectivo3

57 1587 129 1626 sed
140 1587 288 1639 pulcer
305 1595 399 1625 ante
410 1601 556 1637 omnes,
587 1601 671 1626 non
687 1588 791 1639 pul-

57 1659 124 1684 cer
145 1654 239 1684 ante
265 1647 404 1684 omnia
431 1652 481 1684 ut
506 1660 631 1697 supra
657 1659 792 1683 omnes

56 1703 199 1757 pulcra
222 1703 356 1757 puella
382 1709 464 1753 est,
504 1717 607 1742 non:
646 1703 791 1755 pulcra

0 1790 4 1792 -
58 1768 119 1800 est
140 1776 268 1814 supra
286 1763 440 1811 omnia,
463 1761 577 1812 felix
595 1776 679 1800 una
697 1769 790 1799 ante

57 1821 169 1873 alias
188 1821 400 1861 Riamet‘a
423 1821 554 1871 virgo.
576 1833 674 1869 non,
697 1828 791 1858 ante

57 1880 207 1917 omnia.
266 1877 313 1916 In
345 1877 562 1916 serioribus
596 1878 790 1927 occurrit,

55 1936 163 1975 utin
178 1935 308 1975 Plinio
339 1944 433 1974 ante
457 1938 594 1974 omnia
618 1935 787 1989 effwax,

56 2002 151 2033 ante
167 2003 314 2033 cuncta
338 1994 549 2032 mirabilis.
615 1992 791 2047 (verbo-

55 2066 151 2092 rum
180 2052 412 2102 collocatio,
451 2052 564 2104 quod
589 2052 693 2091 vidit
708 2052 789 2091 iam

56 2110 241 2159 Vossius,
275 2110 440 2160 suadet,
469 2116 517 2149 ut
538 2118 631 2148 ante
652 2113 790 2148 omnia

57 2169 195 2207 dulces
220 2168 456 2220 iungamus3
492 2168 615 2220 idque
635 2169 788 2207 Roma-

56 2227 121 2266 nis
149 2226 315 2266 auribus
349 2240 434 2265 non
475 2227 678 2278 ingratum
718 2232 791 2266 aut

59 2298 214 2325 novum
248 2285 370 2323 fuisse
389 2314 399 2333 ,
439 2284 577 2323 similis
617 2291 790 2324 neutro-

57 2357 152 2383 rum
176 2356 275 2382 usus
300 2343 470 2396 probat3
511 2342 656 2383 crebro
688 2343 790 2395 legi-

58 2415 149 2441 mus
178 2416 219 2441 v.
239 2415 274 2440 c.
299 2402 419 2450 talia,
458 2401 577 2453 quale
601 2400 681 2439 hoc
709 2407 790 2440 est:

0 2457 8 2465 ³
58 2459 228 2510 „nihil
265 2459 358 2509 illo,
407 2473 461 2498 se.
493 2458 678 2509 homine,
720 2460 789 2498 iu-

59 2518 284 2557 cundius.“
314 2518 558 2570 Comparare
591 2518 713 2556 etiam
736 2518 791 2556 il-

58 2575 134 2615 lud
166 2576 280 2626 licet,
331 2576 444 2628 quod
469 2576 514 2614 in
550 2568 792 2615 allocutione

59 2648 144 2672 non
179 2641 240 2673 est
271 2635 523 2687 infrequens:
570 2635 792 2687 optime,

61 2691 378 2732 dulcissime
424 2706 613 2732 rerum.
663 2690 792 2746 Wr.)

59 2749 198 2799 dulces
226 2751 380 2789 Musae
397 2781 409 2800 ,
442 2752 633 2805 μειλίχιαι
666 2750 794 2789 Arato

59 2806 210 2846 Phaen.
242 2811 308 2849 16.
340 2811 414 2859 17,
447 2822 566 2860 quem
597 2809 790 2848 locumin

61 2866 197 2904 animo
211 2863 370 2904 habuit.
411 2869 564 2904 Musae
584 2869 791 2918 accipiunt

62 2936 177 2974 enm,
223 2923 294 2974 qui
328 2926 369 2961 se
391 2923 438 2962 iis
468 2924 616 2974 tradit,
648 2938 792 2963 conse-

62 2988 163 3020 crat.
225 2982 353 3019 Sacra
379 2981 492 3032 ferre
526 2983 691 3035 proprie
733 2988 792 3020 est

848 771 1130 821 sacrificantis,
1160 785 1200 811 v.
1229 786 1262 811 c.
1286 771 1386 812 Aen.
1414 773 1489 823 ΙΙΙ,
1516 775 1581 823 19,

847 836 939 869 tum
950 830 1114 869 omnino
1132 830 1365 870 sacerdotis.
1405 831 1488 870 Iam
1507 845 1583 870 au-

847 895 932 927 tem
948 894 1091 941 poetae
1113 890 1336 927 Musarum
1357 890 1582 928 sacerdotes

847 947 1083 998 frequenter
1097 947 1367 999 appellantur.
1387 947 1470 987 vid.
1483 948 1582 987 Cer—

851 1005 915 1044 da.
934 1005 1087 1044 Notum
1103 1005 1247 1044 Horat.
1265 1006 1397 1045 carm.
1408 1006 1477 1055 111,
1492 1009 1529 1056 1,
1541 1008 1581 1056 3,

851 1070 893 1102 et
911 1064 1096 1115 Propert.
1115 1063 1183 1112 ΠΙ,
1205 1066 1242 1113 1,
1263 1066 1291 1105 2
1321 1065 1488 1102 Primus
1506 1078 1582 1116 ego

850 1121 1058 1173 ingoedior
1065 1136 1173 1173 puro
1197 1122 1247 1159 de
1261 1121 1376 1172 sonte
1395 1122 1583 1161 sacerdos

849 1180 964 1218 Itala
973 1194 1051 1231 per
1068 1180 1217 1218 Graios
1236 1180 1346 1232 orgia
1367 1181 1472 1219 ferre
1483 1180 1583 1219 cho·

849 1252 928 1276 ros.
961 1237 1098 1276 Manil.
1124 1238 1164 1287 Ι,
1188 1240 1214 1279 6
1250 1238 1324 1276 Ad
1353 1239 1479 1277 viridi
1501 1253 1582 1276 nu-

850 1304 978 1334 tantes
1004 1297 1145 1335 vertice
1161 1295 1289 1333 silvas
1309 1297 1492 1348 Hospita
1510 1310 1583 1335 sa—

849 1354 1083 1406 crafirens.
1147 1354 1275 1392 Porro
1308 1369 1463 1406 magno
1485 1369 1580 1406 per-

848 1426 988 1450 cussus
1012 1426 1147 1450 amore
1177 1410 1390 1465 (πληγεὶς,
1420 1412 1504 1452 vid.
1529 1411 1584 1451 ad

850 1469 948 1508 Aen.
979 1471 1060 1519 IX,
1101 1468 1213 1523 197)
1265 1483 1499 1523 expressum
1530 1483 1583 1509 ex

847 1528 1047 1577 Lucret.1‚
1061 1530 1158 1570 922.
1171 1530 1254 1570 923
1285 1529 1358 1566 sed
1374 1531 1463 1567 acri
1479 1530 1583 1567 Per-

848 1589 972 1624 cussit
997 1586 1130 1638 thyrso
1158 1586 1296 1624 laudis
1314 1601 1405 1638 spes
1424 1601 1582 1639 magna

849 1659 984 1682 meum
1013 1658 1082 1682 cor
1099 1675 1110 1693 ,
1160 1645 1216 1681 Et
1255 1646 1382 1683 simul
1415 1647 1583 1683 incussit

849 1716 1019 1741 suavem
1050 1704 1111 1740 mi
1146 1703 1191 1739 in
1220 1711 1367 1753 pectus
1403 1717 1584 1741 amorem

849 1762 1073 1799 Musarum
1087 1776 1100 1798 :
1133 1773 1213 1812 quo
1232 1774 1340 1798 nunc
1357 1763 1581 1811 msam-tus,

848 1827 978 1856 mente
1008 1819 1185 1870 vigenti,
1229 1820 1342 1857 Avia
1370 1819 1584 1857 Pieridum

840 1890 1022 1929 peragro
1042 1877 1134 1914 loca
1160 1882 1237 1915 etc.
1298 1877 1361 1915 Ex
1385 1891 1466 1929 quo
1490 1877 1581 1916 loco

849 1934 947 1973 satis
994 1940 1107 1987 patet
1126 1964 1138 1984 ,
1207 1941 1369 1987 poetam
1419 1935 1583 1974 dun‘sse
1609 1971 1612 1974 .

847 1992 1087 2046 phantasma
1138 1992 1188 2030 ab
1233 1993 1351 2045 orgiis
1390 1993 1580 2043 deorum,

849 2065 950 2103 quos
968 2051 1038 2103 qui
1056 2050 1255 2100 colebant,
1287 2051 1583 2101 ἐνθουσιῶντες

848 2122 962 2147 sacra
1004 2109 1262 2147 celebrabant
1280 2123 1292 2159 ;
1339 2115 1388 2148 ut
1420 2109 1581 2159 Bacchi,

848 2167 1027 2220 Cybeles.
1547 2217 1553 2220 Α

905 2224 1004 2267 477.
1031 2225 1210 2277 coelique
1237 2226 1330 2263 vias
1358 2233 1396 2263 et
1426 2225 1576 2275 sidera,

847 2282 960 2335 quod
977 2283 1020 2321 in
1045 2283 1207 2334 vulgari
1236 2283 1440 2333 oratione,
1472 2283 1582 2322 side-

845 2355 940 2380 rum
958 2354 1122 2381 cursum
1142 2341 1185 2380 in
1213 2341 1336 2379 caelo.
1394 2342 1477 2380 Iam
1497 2341 1581 2380 Or-

843 2398 975 2453 pheus
1005 2398 1223 2453 Argonaut.
1254 2399 1340 2442 205
1367 2396 1413 2448 ὅς
1434 2400 1487 2452 (ἴα
1501 2416 1579 2441 πο-

846 2459 958 2512 ρείας
981 2453 1188 2512 Οὐρανίας
1208 2454 1367 2510 ἄστρων
1383 2454 1485 2511 ἐδάη
1500 2455 1577 2498 κύ-

855 2519 978 2563 κλους
1018 2531 1061 2556 τε
1097 2511 1320 2567 πλανήτας.
1358 2517 1451 2554 viae
1481 2517 1584 2554 coeli

849 2587 934 2613 non
951 2588 1035 2613 uno
1054 2573 1178 2612 modo
1201 2573 1352 2611 dictae:
1390 2573 1475 2612 vid.
1493 2587 1580 2626 sup.

849 2633 891 2682 Ι,
910 2631 1008 2674 416.
1038 2630 1148 2682 417,
1167 2631 1220 2669 ad
1244 2631 1430 2683 Propert.
1449 2632 1514 2681 IV,
1539 2635 1577 2680 1,

854 2693 950 2732 103.
980 2690 1106 2739 Quod
1129 2702 1228 2729 vero
1253 2694 1373 2742 poeta
1395 2688 1581 2741 physicas

852 2749 1106 2801 quaestiones
1150 2753 1440 2786 commemorat
1474 2753 1581 2784 tam-

848 2821 970 2859 quam
989 2806 1115 2846 studii
1133 2806 1194 2844 sui
1210 2806 1466 2858 praecipuam
1482 2817 1581 2856 par-

846 2872 930 2904 tem
944 2895 954 2914 ,
983 2865 1082 2903 facit
1099 2870 1328 2916 propterea,
1358 2861 1452 2912 quia
1471 2861 1582 2900 anti-

849 2924 1039 2975 quim-um
1056 2929 1221 2970 vatum,
1250 2927 1299 2958 ut
1320 2918 1486 2971 Orphei,
1511 2918 1581 2957 Li-

847 2982 911 3032 ni,
950 2980 1127 3029 Musaei,
1168 2978 1380 3031 proprium
1411 2976 1457 3014 id
1489 2982 1581 3015 stu-

1187 3048 1300 3093 31*
