1734 3320
225 193 744 279 ·eEoRGmoN
779 223 1033 287 mum,
1073 227 1362 277 142-150

1469 229 1570 281 529

46 355 315 408 Plurimus
331 352 642 406 Alburnum
664 349 918 410 volitanS‚
955 349 1038 398 cui
1059 365 1264 399 nomen
1292 352 1422 402 asilo

45 428 358 478 Romanum
389 432 491 488 est,
530 429 771 472 oestrum
796 419 938 470 Graii
958 427 1169 469 vertere
1195 430 1470 484 vocantes3

48 498 242 563 Asper,
275 493 464 544 acerba
491 503 713 552 sonans3
753 506 862 557 quo
883 498 994 539 tota
1019 490 1262 540 exterrita
1290 490 1431 542 silvis

47 563 352 631 Diffugiunt
374 571 638 624 armenta3
675 559 805 611 furit
829 558 1121 631 mugitibus
1145 558 1332 610 aether

109 661 238 714 147.
275 671 410 718 QUOI
445 671 631 707 NOMEN

1476 566 1574 617 150

99 786 166 824 147
190 784 368 821 Pluribus
385 788 518 820 Seneca
537 784 624 819 ibid.
654 790 691 818 et
710 790 785 818 tres
807 795 864 828 ap.
881 783 1010 826 Burm„
1045 781 1158 821 male3
1194 782 1264 816 vid.
1286 783 1417 827 Georg.
1436 784 1470 825 1,
1498 784 1577 819 187.

50 836 139 881 quoi
166 840 251 880 post
285 833 441 868 Pierium
472 846 515 867 ex
538 831 690 878 antiquis
720 831 887 876 aliquot„
926 832 973 864 At
998 831 1060 863 cui
1081 828 1265 863 Heinsiani
1293 836 1330 863 et
1358 829 1419 863 alii
1446 841 1577 864 omnes.

50 936 108 963 tur
126 928 173 962 de
200 940 241 962 en
267 939 307 961 re
333 927 404 961 alio
432 927 526 961 loco.
554 927 651 971 Wr.)

44 883 180 927 (Quum
197 880 328 926 ubique
347 881 505 926 Heynius
527 878 680 914 ediderit
698 880 776 920 cui,
812 889 883 911 non
905 876 1059 911 debebat
1078 875 1114 911 h.
1133 875 1158 909 l.
1187 878 1275 922 qimi
1287 876 1450 919 retineri3
1476 877 1578 912 dice-

701 925 828 971 asylo,
857 924 986 966 asillo,
1011 923 1093 965 alii,
1116 923 1228 965 male,
1262 930 1299 957 et
1317 935 1397 958 mox
1417 933 1578 959 oestron.

53 973 121 1012 148
145 983 202 1009 est
219 975 320 1008 abest
343 987 363 1008 a
381 975 491 1008 Goth.
510 986 579 1008 sec.
601 980 638 1007 et
657 972 772 1006 tribus
799 971 943 1005 Martin.
995 972 1090 1004 Grai
1102 971 1226 1014 fragm.
1249 970 1365 1005 Vatic.
1385 978 1422 1004 et
1443 971 1515 1010 alii.
1540 978 1580 1005 ut

51 1035 84 1057 v.
101 1024 159 1058 90.
186 1021 292 1068 (idem
312 1023 533 1056 Romanusc.
560 1021 656 1065 Wr.)
703 1020 872 1054 vocando
892 1018 1056 1062 Longob.
1073 1017 1192 1050 Pierii.
1229 1019 1338 1052 Graii
1354 1030 1489 1052 venere
1507 1014 1579 1053 υό-

52 1078 182 1104 cantes
211 1067 423 1103 conficiebat
452 1067 635 1108 Reiskius3
671 1063 879 1111 ἐληλύθασι
912 1066 991 1110 (pro
1022 1061 1333 1110 κατελήφθησαν)
1364 1065 1580 1106 καλοῦντες·

53 1116 122 1152 149
142 1119 289 1163 Aspera
305 1115 414 1149 Goth.
436 1127 490 1162 pr.

53 1162 154 1198 tibus
167 1163 292 1208 fragm.
307 1162 425 1198 Vatic.

53 1284 126 1321 ne,
165 1269 266 1310 dum
304 1283 450 1322 aquam
487 1282 538 1308 ex
567 1269 652 1309 alto
680 1268 787 1309 hau-

53 1329 192 1379 riunt,
221 1329 350 1368 fetum
378 1327 544 1367 elidant.

116 1385 198 1430 146
220 1409 280 1416 —
301 1387 397 1430 156.
434 1384 668 1425 Arcendum
706 1397 790 1423 esse

56 1459 80 1484 a
99 1444 269 1498 gravido
289 1457 435 1498 pecore
455 1444 605 1483 asilum
628 1443 696 1492 ait,
720 1442 790 1495 qui

56 1517 150 1543 cum
169 1503 213 1542 in
236 1503 422 1542 omnibus
450 1501 627 1555 pascui5‚
658 1502 789 1554 inpri-

55 1562 131 1602 mis
170 1561 215 1600 in
250 1560 380 1614 pratis
417 1560 600 1612 aquosis,
648 1559 792 1599 obvius

56 1620 120 1671 sit,
149 1619 324 1658 maxime
336 1625 471 1658 tamen
486 1619 529 1658 in
549 1618 658 1656 silvis
670 1631 792 1656 mon-

56 1677 110 1718 tis
132 1676 327 1728 Alburni,
356 1677 472 1716 iuxta
490 1677 688 1726 Silarum,
710 1676 793 1714 Lu-

58 1736 195 1776 caniae
223 1735 416 1786 fluvium,
454 1735 523 1788 qui
562 1735 792 1786 Tanagrum

57 1794 222 1848 recipit,
251 1794 440 1846 frequens
459 1807 542 1832 esse
559 1793 661 1832 solet
669 1807 680 1843 ;
710 1806 792 1831 un-

60 1853 111 1892 de
131 1853 181 1892 ab
211 1850 273 1891 his
300 1852 400 1891 locis
423 1866 446 1890 a
463 1857 585 1905 poeta
607 1851 792 1890 declara-

59 1917 143 1950 tur.
202 1910 437 1950 Etiamnum
477 1923 542 1948 eas
585 1916 715 1948 terras
742 1908 791 1947 ab

61 1968 167 2008 asilis
196 1968 379 2008 infestari
419 1968 591 2018 docent,
641 1968 711 2020 qui
743 1966 794 2005 de

59 2027 108 2066 iis
123 2026 221 2066 locis
241 2033 366 2078 agunt
393 2033 465 2066 aut
483 2032 666 2065 narrant.
725 2025 795 2063 Est

62 2091 199 2124 autem
215 2085 359 2134 asilus,
393 2091 492 2123 noto
512 2084 621 2123 inter
642 2084 794 2122 Roma-

62 2158 137 2183 nos
155 2142 339 2192 nomine,
371 2143 526 2181 Graeco
550 2139 711 2194 οἷστρος
732 2140 798 2178 di-

64 2208 154 2240 ctus
197 2199 307 2254 (vid.
347 2200 492 2252 Odyss.
523 2212 566 2252 χ,
610 2201 716 2248 300,
757 2204 798 2237 et

68 2265 230 2313 praeter
272 2257 459 2310 Apollon.
500 2257 536 2307 I,
570 2256 680 2299 1265
711 2270 796 2308 sqq.

66 2317 237 2372 Oppian.
258 2315 349 2354 Hal.
367 2316 416 2366 II,
432 2317 511 2359 521
528 2329 612 2366 sqq.
640 2315 690 2353 cf.
708 2314 797 2353 loca

65 2375 226 2429 poetico
268 2380 419 2413 ornatu
455 2373 656 2413 tumentia
688 2372 799 2425 apud

67 2435 213 2484 Quint.
258 2433 419 2485 Smyrn.
466 2431 552 2480 XI,
587 2434 674 2473 207
706 2444 795 2482 sqq.

67 2490 291 2545 Tryphiod.
328 2489 413 2532 348
439 2487 563 2543 sqq.),
594 2490 801 2540 plurimus

6 2555 14 2560 '
70 2549 209 2605 (ut'VI
225 2548 325 2587 Aen.
346 2551 430 2590 239
460 2547 579 2586 haud
594 2548 704 2586 ullae
726 2561 801 2586 νο-

69 2610 219 2660 lantes,
253 2605 294 2645 h.
321 2619 355 2646 e.
384 2606 516 2656 alites,
558 2612 600 2644 et
630 2605 700 2644 inf.
730 2605 801 2644 Ge.

69 2667 137 2716 IV,
150 2669 203 2708 16
222 2665 418 2714 volantes,
445 2677 549 2717 apes,
568 2660 618 2704 τα)
635 2659 800 2717 πτηνά.)

71 2725 246 2763 volitans
259 2753 271 2772 ,
303 2721 345 2761 h.
367 2735 399 2761 e.
425 2723 661 2771 insectum,·
687 2734 707 2758 e
729 2734 803 2761 ve-

73 2795 237 2835 sparum
254 2792 398 2832 genere
429 2778 520 2834 (nec
547 2780 725 2818 multum
752 2779 802 2817 ab

73 2853 121 2878 eo
145 2839 328 2878 diversus
349 2835 476 2890 μύωψ
492 2868 502 2887 ,
542 2839 649 2877 forte
677 2843 718 2876 et
736 2846 804 2875 ta·-

74 2898 203 2936 banus
233 2895 341 2948 apud
367 2895 590 2934 Varronem
618 2895 669 2934 R.
689 2896 737 2934 R.
754 2895 805 2945 II,

76 2942 117 3005 ὅ,
138 2953 205 3004 14,
240 2965 360 3004 quem
378 2953 551 2991 eundem
570 2953 692 3004 vulgo
714 2967 807 2991 cum

77 3013 174 3052 asilo
203 3006 402 3064 putant),
444 3010 527 3048 sine
555 3010 808 3062 proboscide,

146 3082 357 3131 VIRGIL.
395 3067 537 3128 ΤΟΜ.
563 3078 600 3128 Ι.

586 1115 656 1151 150
680 1114 867 1162 Dfflgunt
891 1123 958 1159 pro
980 1124 1052 1147 var.
1076 1111 1158 1145 lect.
1187 1112 1278 1146 Gud.
1320 1111 1430 1160 fugit
1457 1115 1581 1160 mugi-

849 1273 893 1306 at
928 1266 1068 1305 aculeo
1102 1278 1173 1305 seu
1204 1267 1358 1320 spiculo
1389 1267 1432 1306 in
1452 1267 1582 1307 cauda

849 1325 1090 1374 acutissimo,
1122 1338 1203 1375 quo
1224 1339 1301 1364 ova
1317 1325 1427 1364 intra
1447 1332 1582 1365 cutem

848 1388 1124 1422 armentorum
1145 1383 1335 1423 demittit.
1381 1383 1583 1423 Martinus

849 1441 993 1481 laudat
1030 1441 1130 1479 Ant.
1188 1443 1235 1480 V
1230 1442 1413 1480 alllsnen'
1448 1443 1582 1494 Espe-

849 1502 978 1539 n'enze
1014 1500 1066 1537 ed
1112 1498 1395 1539 ossen-azioni
1427 1501 1582 1538 intorno

850 1559 914 1597 all
919 1559 931 1574 '
955 1559 1109 1609 origine
1124 1587 1136 1606 ,
1170 1558 1357 1608 suiluppc'
1376 1572 1397 1595 e
1414 1560 1585 1596 costumi

850 1618 895 1654 cli
924 1618 1018 1661 vaty'
1043 1616 1187 1653 Insetti
1217 1613 1276 1669 (in
1296 1616 1399 1668 Opp.
1420 1616 1534 1655 Tom.
1553 1616 1583 1666 Ι,

849 1688 938 1728 pag.
965 1671 1082 1728 225).
1132 1672 1249 1710 Adde
1276 1675 1492 1713 Reaumnr
1514 1674 1584 1712 des

850 1735 1026 1772 insectes
1070 1731 1157 1770 Vol.
1190 1731 1247 1770 IV
1256 1761 1268 1780 ,
1301 1745 1389 1784 pag.
1415 1729 1500 1774 504
1526 1745 1584 1783 sq.

854 1790 950 1832 148.
992 1797 1138 1828 vertere
1169 1798 1357 1828 voc-antes
1370 1820 1382 1840 ,
1426 1790 1586 1842 poetica

847 1846 1108 1902 periphrasi,
1160 1853 1311 1886 vocant
1330 1877 1342 1898 ,
1389 1847 1585 1898 reddunt,

849 1921 892 1946 1n
940 1919 1082 1944 eorum
1139 1917 1364 1945 sermonem
1410 1918 1585 1945 versum.

849 1964 1101 2004 Monendum
1127 1969 1235 2013 erat3
1267 1978 1363 2003 nam
1392 1970 1586 2015 argutan-

850 2029 922 2062 tur
957 2023 1000 2061 in
1030 2021 1109 2060 hoc
1137 2021 1217 2058 iam
1250 2028 1406 2061 veteres
1439 2022 1587 2061 Gram-

853 2080 1002 2119 matici.
1075 2078 1171 2120 149.
1208 2081 1345 2130 Asper
1361 2110 1374 2130 ,
1420 2079 1588 2119 iracun-

857 2138 960 2188 dus,
1008 2137 1078 2189 qui
1132 2135 1247 2174 facile
1307 2137 1587 2176 exacerbatur.

854 2193 1026 2250 τραχὺς,
1057 2190 1256 2248 τετρηχώς
1281 2191 1439 2249 οἶστρος
1460 2195 1587 2248 Apol-

854 2254 938 2293 lon.
959 2253 1024 2303 111,
1036 2255 1132 2295 276.
1161 2251 1304 2290 acerba
1322 2267 1485 2302 sonam,
1510 2267 1587 2305 pro

855 2312 996 2350 acerbe
1003 2326 1014 2362 3
1053 2310 1174 2366 edens
1197 2309 1355 2350 alarum
1384 2312 1588 2350 membra-

855 2371 918 2410 nis
939 2370 1116 2409 sonitum
1137 2374 1178 2406 et
1204 2381 1416 2409 susurrum
1433 2370 1589 2422 gravis-

856 2429 1014 2468 simum.
1072 2427 1135 2467 Ex
1161 2427 1321 2466 Lucret.
1352 2427 1400 2478 V,
1421 2429 1489 2469 34.
1518 2427 1590 2466 ubi

856 2485 1125 2539 Hesperidum
1141 2485 1246 2523 mala
1255 2498 1433 2535 servans,
1444 2486 1588 2537 Asper,

858 2545 1003 2585 acerba
1037 2552 1150 2582 tuens
1170 2573 1181 2592 ,
1225 2545 1399 2582 immani
1431 2558 1590 2595 corpore

858 2618 1032 2655 serpens.
1060 2608 1102 2641 et
1125 2601 1223 2640 Aen.
1244 2600 1324 2651 IX,
1344 2600 1428 2644 794
1448 2610 1493 2640 at
1510 2610 1590 2639 ter-

859 2663 958 2700 ritas
978 2662 1047 2699 ille
1062 2690 1073 2709 ,
1108 2661 1264 2710 Asper,
1298 2659 1443 2698 acerba
1461 2668 1585 2707 tuenS,

859 2727 958 2758 retro
976 2719 1088 2757 redit.
1150 2716 1351 2771 (Maxima
1371 2717 1590 2756 verborum

860 2791 966 2831 pars,
990 2790 1092 2828 quae
1111 2775 1222 2814 illam
1241 2774 1465 2814 admittunt
1478 2787 1591 2812 com—

860 2835 1122 2889 positionem,
1162 2833 1358 2885 significat
1383 2833 1493 2870 edere
1522 2845 1591 2869 so—

862 2909 962 2932 num
983 2893 1050 2932 vel
1067 2893 1271 2943 adspicere
1285 2920 1296 2939 ,
1330 2896 1378 2928 ut
1402 2890 1590 2937 clamare,

865 2951 1081 3003 vociferari
1099 2980 1111 2999 ,
1159 2949 1345 2998 clangere
1365 2977 1377 2996 ,
1415 2960 1587 2998 gemere,

865 3023 1032 3058 sonare,
1076 3008 1245 3054 latrare,
1272 3004 1470 3055 fremere,
1503 3011 1591 3042 tue-

1243 3073 1320 3119 34
