1768 3320
19 776 27 780 ”
92 778 114 814 1
138 777 271 812 laudat.
291 777 364 811 vid.
390 779 508 812 Burm.

318 182 807 268 GEoRe'mON
842 214 985 265 Lm.
1020 214 1072 279 1,
1113 219 1405 269 197—208
1518 222 1622 272 ses

164 346 446 395 Praeterea
467 349 579 392 tam
598 349 725 392 sunt
750 341 963 392 Arcturi
981 339 1156 394 sidera
1173 340 1332 393 nobis

92 413 520 481 Haedorumque
543 412 658 463 dies
680 411 927 463 servandi
947 420 1002 462 et
1022 410 1234 462 lucidus
1253 411 1470 476 AnguiS,
1516 416 1622 466 205

95 486 274 548 Quam
294 483 491 552 quibus
508 483 564 533 in
586 482 814 550 patriam
831 491 1054 533 ventosa
1073 498 1175 549 per
1202 497 1439 549 aequora
1457 484 1622 534 vectis

91 557 299 606 Pontus
326 562 381 604 et
404 551 638 604 ostriferi
654 551 836 604 fauces
856 560 1134 603 tentantur
1158 551 1348 617 Abydi.

91 623 251 675 Libra
273 622 362 675 die
381 624 671 692 somnique
694 640 852 691 pares
869 623 964 674 ubi
985 621 1178 673 fecerit
1196 620 1373 687 horam,

138 728 212 767 204
234 738 312 764 tam
329 730 408 764 sint
426 741 514 764 unus
531 731 663 764 Moret.
756 729 828 766 205
852 729 933 763 dies
953 728 1133 776 signandi
1147 727 1268 763 Schol.
1284 728 1411 762 Horat.
1432 726 1544 760 carm.
1560 728 1621 770 m,

599 778 672 814 207
698 775 897 824 osttzserae
919 776 1046 821 fragm.
1074 776 1206 810 Moret.
1261 774 1445 809 Rariorem
1472 774 1622 808 formam

94 819 118 860 ὅ
131 819 293 872 ’Ἄβυδος
315 831 484 871 sequutus
503 836 581 858 esse
605 823 748 858 videtur
763 831 891 870 poeta;
914 823 1034 857 nescio
1053 835 1121 868 qua
1142 821 1365 857 auctoritate.
1403 819 1537 869 sontes
1551 833 1620 867 pro

83 869 224 919 fauces
247 871 376 906 vitiose
402 872 493 905 Veu.
541 869 694 918 (fauces
721 879 945 919 repetantur
973 870 1055 904 cod.
1079 870 1217 916 Spohu.
1254 870 1358 914 Wr.)
1455 869 1527 906 208
1550 869 1621 911 die,

90 918 197 965 vulgo
217 918 370 962 editum,
393 918 524 953 Medic.
553 931 574 953 a
598 931 644 952 m.
671 931 727 964 pr.
754 930 830 952 cum
850 917 978 952 ceteris
998 917 1103 951 codd.
1131 916 1314 964 agnoscit,
1348 922 1386 950 et
1407 915 1621 959 Priscianus,

90 966 270 1010 Donatus,
293 966 442 1000 Probus.
489 966 619 1000 Contra
639 965 816 1000 Charisius
842 966 897 999 dii
919 964 1090 1010 scriptum
1116 964 1227 998 fuisse
1246 962 1450 1004 contendit3
1483 963 1622 998 scilicet

92 1013 169 1048 diei
191 1021 370 1049 contracte
394 1013 504 1047 modo
528 1014 589 1047 die
612 1013 720 1047 modo
750 1013 806 1047 dii
829 1011 1092 1059 pronuntiatum
1115 1020 1180 1046 est.
1216 1011 1301 1058 (vid.
1321 1013 1409 1045 Aen.
1427 1011 1455 1053 1,
1472 1011 1554 1048 636.
1583 1016 1622 1044 et

91 1061 207 1095 Burm.
234 1060 281 1095 ad
296 1060 442 1095 Authol.
467 1061 549 1094 Lat-
568 1060 594 1094 l.
611 1062 657 1103 V,
673 1058 733 1102 41,
748 1062 783 1096 2.
823 1062 878 1095 W
874 1060 920 1104 r.)
968 1062 1016 1093 At
1037 1059 1172 1094 Gellius
1191 1061 1238 1094 N.
1254 1062 1296 1093 A.
1314 1059 1380 1101 IX,
1399 1056 1446 1095 14
1471 1057 1516 1092 iis
1537 1069 1621 1092 cre-

92 1107 179 1142 dere
201 1119 241 1142 se
266 1107 337 1152 ait,
370 1107 429 1154 qui
448 1108 528 1142 dies
549 1106 586 1141 in
610 1106 692 1152 ipso
711 1106 858 1152 Virgilii
885 1106 1098 1152 apographo
1123 1106 1256 1141 lectum
1280 1105 1391 1140 fuisse
1420 1105 1619 1146 traderent3

91 1167 170 1189 cum
192 1154 326 1202 antiqui
350 1155 477 1189 eodem
495 1155 603 1188 modo
625 1154 815 1188 secundum
837 1166 953 1189 casum
977 1153 1176 1188 extulerint.
1206 1153 1278 1187 vid.
1307 1153 1343 1187 h.
1364 1153 1389 1187 l.
1410 1152 1532 1187 Heius.
1579 1153 1621 1186 In

90 1203 252 1236 Romano
278 1212 337 1248 ap.
357 1202 512 1236 Pierium
537 1203 614 1236 diei
631 1201 803 1247 scriptum
828 1208 926 1243 erat,
960 1201 997 1235 in
1023 1200 1169 1247 reliquis
1200 1201 1271 1235 die.
1322 1201 1396 1246 (die
1423 1199 1461 1233 in
1478 1198 1620 1242 Medic„

90 1249 156 1283 sed
171 1248 281 1283 minio
306 1261 415 1296 supra
436 1249 570 1294 scripta
594 1250 629 1292 i,
662 1257 701 1284 ut
727 1249 790 1283 fiat
818 1249 902 1283 diei.
950 1249 1004 1282 De
1020 1248 1126 1282 variis
1146 1248 1264 1283 Genit.
1287 1247 1431 1294 quintae
1448 1246 1620 1281 Declinat.

89 1295 215 1330 formis
241 1296 312 1331 vid.
337 1296 546 1331 Schneider.
566 1297 628 1330 Gr.
645 1297 723 1330 Lat.
746 1298 790 1330 T.
810 1298 853 1330 ΙΙ.
879 1296 964 1330 Vol.
986 1297 1013 1330 1.
1037 1308 1118 1342 pag.
1140 1296 1222 1333 355.
1240 1307 1317 1341 sqq.
1365 1293 1485 1329 Facile
1502 1301 1620 1328 autem

90 1343 268 1387 adducor,
300 1351 339 1378 ut
364 1344 506 1379 credam
527 1343 646 1377 Gellio
661 1370 671 1386 ,
703 1343 944 1390 antiquissimo
974 1343 1079 1385 testi,
1113 1343 1195 1377 dies
1219 1341 1407 1387 Virgilium
1433 1353 1619 1382 exarasse3

89 1391 198 1424 modo
224 1403 270 1425 ne
301 1403 378 1424 eam
406 1390 551 1437 genitivi
584 1403 662 1425 esse
685 1391 836 1424 formam
861 1397 987 1436 putes,
1021 1390 1086 1423 sed
1116 1389 1304 1424 accusativi
1329 1388 1456 1434 plural.
1505 1391 1620 1432 Quum

90 1444 209 1472 autem
230 1438 429 1483 proximum
444 1438 656 1472 vocabulum
674 1450 695 1471 a
714 1449 871 1472 consona
889 1450 909 1471 s
924 1436 1094 1482 incipiat,
1126 1437 1344 1482 praecedens
1366 1448 1387 1470 s
1412 1435 1519 1470 facile
1550 1436 1620 1470 ab·

90 1484 231 1519 sorberi
251 1485 389 1530 potuit,
423 1485 633 1531 praesertim
654 1497 759 1531 quum
783 1484 898 1519 altera
922 1484 1060 1530 syllaba
1079 1483 1244 1518 vocabuli
1265 1485 1346 1518 dies
1364 1482 1620 1518 circumflecte-

89 1539 189 1566 retur
209 1532 364 1578 ideoque
380 1544 470 1567 sono
490 1532 698 1566 obscuriore
711 1559 721 1575 ,
746 1544 850 1578 quam
873 1544 894 1566 a
912 1531 1016 1565 nobis
1035 1531 1153 1574 solet,
1176 1530 1468 1586 pronunciaretur
1486 1531 1531 1564 ab
1551 1542 1620 1565 au-

89 1578 211 1625 tiquis.
255 1580 415 1614 Fuerunt
435 1578 541 1614 etiam
554 1579 723 1613 fortassis
735 1605 745 1621 ,
770 1579 849 1625 qui,
874 1579 1066 1624 genitivum
1085 1590 1221 1624 requiri
1240 1577 1440 1623 opinantes,
1463 1577 1619 1612 ultimam
1678 1610 1680 1612 .

88 1625 229 1660 literam
246 1626 427 1662 eiicerent.
470 1626 615 1665 Interim
633 1626 762 1673 reliqui
782 1627 843 1661 die
860 1626 898 1660 in
920 1633 1028 1661 textu.
1059 1626 1155 1671 Wr.)
1196 1624 1348 1673 fecerat
1363 1624 1502 1659 Zulich.
1538 1638 1619 1660 cum

90 1673 148 1708 ed.
164 1673 313 1708 Mediol.

87 1770 218 1823 migiis
243 1769 415 1823 subigit,
456 1770 626 1809 simulac
653 1768 823 1809 brachia

88 1829 198 1868 forte
243 1828 476 1878 remiserit,
513 1835 664 1868 retro
703 1828 823 1867 sub-

88 1887 267 1940 lapsus
293 1887 535 1927 refertur
563 1893 606 1926 et
629 1887 671 1926 in
700 1899 823 1940 prae-

89 1958 182 1998 ceps
205 1945 378 1998 rapitur.
403 1943 528 2000 *Wr.)

145 2002 244 2045 204.
273 2002 468 2056 Agricolis
495 2003 675 2044 siderum
708 2009 825 2043 ortus

89 2067 132 2100 et
158 2075 324 2101 occasus
349 2074 432 2100 non
459 2062 593 2102 minus
616 2068 714 2101 sunt
738 2075 827 2101 ser-

88 2119 217 2158 vandi
248 2133 371 2172 quam
398 2120 706 2172 navigantibus3
740 2119 825 2159 vid.

90 2177 245 2218 Colum.
265 2178 346 2227 XI,
367 2180 415 2228 7,
439 2180 508 2220 31.
565 2178 656 2218 Hoc
685 2183 826 2216 ornat:

88 2235 157 2285 iis,
188 2235 259 2288 qui
276 2236 320 2274 in
333 2235 509 2275 Pontum
530 2242 570 2274 et
585 2236 827 2288 Hellespon—

88 2299 180 2332 tum
199 2294 405 2346 navigant.
435 2302 584 2332 tentare
610 2300 671 2333 est
700 2293 825 2332 adire.

89 2351 161 2391 Ge.
186 2351 262 2402 III,
281 2354 309 2394 8
339 2352 533 2391 tentanda
557 2354 628 2391 via
658 2361 716 2390 est
732 2358 821 2403 etc.‚

89 2423 334 2462 quamquam
355 2410 519 2463 proprie
546 2411 599 2449 ad
616 2411 695 2450 iter
710 2410 821 2463 igno-

88 2474 180 2508 tum
206 2474 250 2508 et
271 2464 543 2521 periculosum
572 2469 717 2508 referri
749 2468 824 2507 de—

87 2525 191 2565 buit.
237 2526 384 2566 Maluit
402 2540 627 2566 memorare
643 2526 825 2566 redeun-

89 2590 152 2624 tes
176 2586 218 2624 in
245 2585 444 2638 patriam,
473 2599 596 2637 quam
624 2585 704 2624 iter
729 2585 825 2623 lon-

90 2642 283 2694 ginquum
308 2644 524 2682 facientes:
565 2646 610 2682 in
636 2644 825 2695 patriam

90 2703 213 2739 trectis
237 2730 250 2750 ‚
298 2701 566 2741 redeuntibus
602 2714 656 2740 ex
692 2701 824 2739 Ponto

91 2757 252 2796 Euxino
306 2773 381 2812 per
426 2759 734 2813 Hellespontum
780 2759 826 2797 in

91 2829 204 2854 mare
221 2814 434 2868 Aegaeum.
466 2815 626 2871 (vectis,
656 2817 683 2855 i.
703 2830 736 2855 e.
754 2817 826 2868 qui

28 2892 34 2896 ’
89 2872 324 2925 vehuntur5
361 2874 444 2914 vid.
471 2875 523 2924 Q.
544 2875 592 2914 V.
619 2875 824 2925 XXVIIII,

92 2933 133 2973 3.
163 2933 236 2971 W
227 2929 285 2985 r.)
323 2931 492 2983 Abydzw
529 2933 673 2971 ostreis
702 2932 823 2971 nobi—

90 2989 155 3027 lis.
186 3003 227 3028 v.
258 2989 376 3029 Fulv.
405 2989 577 3029 Ursinus
607 2996 651 3029 et
673 2989 826 3039 Cerda3

879 1769 1003 1810 etiam
1034 1774 1176 1808 nostra
1204 1774 1360 1807 aetate:
1400 1766 1485 1807 vid.
1505 1767 1619 1821 Guys

881 1825 952 1882 (V
946 1841 1078 1880 oyage
1107 1828 1298 1866 litter-aire
1330 1826 1381 1864 de
1414 1826 1460 1864 Ia
1492 1826 1618 1865 Grec-e

881 1886 927 1925 T.
950 1886 998 1935 11,
1012 1900 1051 1938 p.
1061 1883 1179 1941 238).
1219 1886 1285 1924 Ex
1303 1883 1502 1924 sideribus
1516 1897 1617 1923 vero

878 1944 1042 1998 poetico
1074 1957 1188 1983 more
1223 1942 1426 1995 sigillatim
1461 1941 1618 1994 aliquot

881 2002 1222 2054 septemtrionalia
1249 2006 1481 2050 enumerat,
1512 2014 1618 2052 quo-

883 2074 977 2100 rum
988 2074 1081 2099 cum
1093 2066 1190 2099 ortu
1198 2059 1398 2112 procellae
1408 2059 1616 2110 ingruunt.

884 2119 1073 2157 Ceterum
1089 2117 1240 2157 Plinius
1263 2117 1316 2156 ad
1335 2116 1377 2156 h.
1396 2116 1423 2155 l.
1438 2116 1618 2170 respexit

882 2176 975 2215 libr.
1001 2176 1143 2225 XVIII,
1168 2181 1263 2215 sect.
1283 2177 1354 2226 56,
1382 2181 1424 2214 et
1442 2188 1615 2225 omnem,

884 2234 954 2286 qui
980 2234 1182 2285 sequitur,
1222 2234 1358 2273 locum
1387 2233 1439 2272 de
1455 2239 1617 2286 tempo-

881 2306 976 2332 rum
1005 2292 1287 2331 observatione
1310 2297 1497 2330 accurate
1521 2297 1616 2330 ante

881 2350 1091 2389 Maronem
1127 2355 1379 2390 tractaverat
1403 2349 1535 2389 Varro
1565 2350 1615 2388 R.

879 2409 929 2447 R.
949 2409 979 2458 I,
998 2412 1055 2451 27
1068 2432 1118 2438 —
1132 2411 1200 2451 37.
1229 2422 1350 2460 quem
1372 2408 1537 2446 omnino
1562 2407 1616 2446 ad

881 2481 1025 2506 manus
1039 2466 1188 2505 habeas
1201 2467 1243 2505 in
1253 2467 1420 2506 Marone
1432 2466 1614 2519 legendo.

939 2527 1038 2567 208.
1074 2524 1139 2564 Ab
1177 2525 1433 2577 aequinoctio
1467 2530 1615 2563 auctu-

881 2583 1007 2622 mnali
1025 2596 1154 2635 usque
1176 2583 1230 2621 ad
1244 2584 1446 2632 brumam,
1477 2581 1614 2621 solsti-

883 2642 987 2680 tium
1013 2641 1217 2690 brumale,
1254 2641 1401 2680 hordei
1419 2641 1614 2679 sationem

883 2713 966 2738 esse
996 2700 1065 2738 ait.
1131 2699 1370 2739 Pulcn‘tudo
1408 2698 1487 2737 loci
1511 2728 1521 2747 ,
1562 2710 1615 2734 ex

881 2759 1010 2797 forma
1036 2758 1157 2810 signi,
1187 2757 1335 2806 librae,
1364 2757 1512 2809 petita,
1538 2755 1614 2793 ob—

880 2817 969 2866 via,
1002 2830 1124 2868 quam
1138 2816 1258 2855 multi
1278 2813 1476 2854 imitando
1503 2825 1613 2850 asse-

882 2874 952 2926 qui
968 2874 1218 2913 studuerunt
1228 2903 1238 2922 ,
1268 2871 1451 2925 inprimis
1464 2871 1613 2909 Lucan.

879 2932 946 2981 IV,
967 2932 1036 2975 58.
1056 2932 1126 2983 59.
1155 2931 1263 2979 VIII,
1283 2929 1381 2971 467.
1405 2927 1502 2970 469.
1533 2927 1613 2965 Co-

879 2989 978 3029 lum.
995 2990 1049 3039 X,
1068 2988 1126 3031 42
1169 2989 1270 3027 Cum
1286 2984 1461 3038 paribus
1493 2986 1614 3023 Titan

1214 3059 1331 3105 21*
