1768 3320
661 183 1223 238 PRAEFATIO

172 323 247 373 lV
276 323 341 370 de
369 320 554 383 Scylla.
611 315 910 381 Georgicis:
954 312 1044 366 lib.
1080 314 1156 365 IV
1186 312 1309 362 Exn.
1345 311 1372 360 I
1405 312 1470 359 de
1506 312 1718 361 Pleiade

174 396 365 443 Piscem
379 392 638 456 fugiente,
674 388 727 437 Π
756 391 820 436 de
847 386 1192 452 Nympharum
1220 386 1364 430 domo
1393 389 1439 430 et
1461 384 1612 432 Penei
1632 400 1714 467 re-

175 467 282 530 gia.
354 457 584 511 Aeneidi
628 465 843 508 autem:
898 454 988 507 lib.
1022 456 1048 505 I
1087 457 1206 505 Exc,
1248 454 1312 503 Ι*
1350 455 1416 500 de
1452 456 1718 503 ministerio

177 538 404 590 deorum,
441 533 661 596 inprimis
695 530 914 588 Iunonis,
949 529 999 575 in
1031 527 1271 583 Aeneide;
1305 524 1447 575 VII*
1481 527 1546 573 de
1564 527 1718 574 Ante-

177 622 328 661 nore‚·
373 600 462 652 lib.
490 602 542 650 Π
577 601 697 651 Exc.
727 598 839 650 IV*
870 601 934 646 de
965 598 1266 653 Palamede,·
1315 592 1405 643 lib.
1438 595 1513 643 IX
1539 596 1661 647 Exc,
1690 597 1717 646 I

184 677 408 724 Narrata
438 675 502 721 de
532 673 704 720 Aenea
735 677 780 718 et
803 671 1013 718 Anchise
1041 675 1154 717 ante
1174 669 1216 715 b.
1247 667 1447 715 Troiani
1468 674 1718 732 tempora,-

178 743 267 796 lib.
287 744 386 793 XII
403 743 523 792 Exc.
543 743 592 793 V
621 744 837 792 Censura
860 756 1048 801 eoram,
1097 755 1224 804 quae
1246 740 1301 786 'in
1320 740 1555 788 Aeneidis
1578 756 1718 788 oeco-

179 819 343 865 nomia
364 815 660 879 reprehendi
671 818 886 877 possunt.

170 208 261 243 LVI

325 932 463 981 Sunt
496 927 617 990 alia,
665 944 804 996 quae
833 925 899 976 ad
936 934 1219 976 externum
1257 926 1437 994 operis
1468 925 1717 980 habitum

183 1010 448 1069 spectant,
490 1000 543 1049 in
578 999 772 1066 quibus
806 997 1078 1063 diligentia
1120 996 1359 1048 adhibita
1396 1007 1477 1049 est
1519 1009 1717 1067 quanta

183 1071 425 1122 adhiberi
466 1070 666 1137 potuit3
729 1068 972 1136 inprimis
1017 1077 1080 1117 ut
1135 1068 1577 1140 emendatissime
1630 1087 1719 1121 ex-

182 1159 362 1210 pressa
394 1151 570 1191 essent
603 1140 667 1190 ab
709 1140 886 1207 operis
921 1139 1117 1191 omnia.
1203 1142 1344 1191 Cum
1380 1141 1436 1190 in
1464 1150 1719 1192 contextu

182 1221 377 1280 poetae
426 1211 701 1261 inductam
743 1210 808 1260 ab
850 1210 1073 1260 Heinsio
1121 1211 1394 1262 scribendi
1446 1213 1719 1264 rationem

182 1282 390 1333 nollem
412 1282 689 1346 deserere,
734 1298 838 1348 qua
858 1280 926 1332 de
950 1297 1011 1331 re
1033 1290 1223 1348 postea
1251 1282 1483 1345 dicetur,
1520 1284 1720 1335 retinui

183 1354 238 1403 in
269 1353 410 1403 notis
443 1352 664 1403 alteram
698 1351 1029 1417 sollennem,
1070 1369 1209 1420 quae
1233 1362 1287 1404 et
1306 1355 1420 1422 ipsa
1441 1355 1719 1407 interdum

182 1440 283 1491 pro
306 1422 658 1474 illustratione
678 1439 793 1474 esse
811 1432 994 1491 potest
1005 1429 1065 1490 *).

321 1540 610 1592 Induxerat
637 1541 692 1591 in
732 1542 975 1591 animum
1008 1539 1282 1609 librarius,
1328 1542 1594 1596 honestus
1625 1547 1720 1612 vir,

185 1620 502 1662 ornamenta
525 1612 726 1662 addere
748 1611 874 1662 huic
895 1611 1119 1663 editioni
1149 1611 1333 1679 figuris
1357 1633 1480 1668 aere
1506 1634 1721 1686 expres-

185 1682 265 1732 sis,
337 1685 461 1733 Non
492 1682 644 1733 soleo
676 1682 934 1750 equidem
971 1682 1099 1734 huic
1130 1683 1398 1738 librorum
1426 1689 1610 1756 pretia*
1633 1706 1722 1740 ex-

187 1750 590 1803 candesaciendi
624 1753 848 1803 consilio
901 1753 1136 1804 multum
1166 1756 1437 1822 tribuere3
1490 1761 1720 1811 omnino

188 1822 334 1872 enim
361 1839 388 1871 a
407 1821 533 1873 luxu
564 1823 670 1873 hoc
702 1824 1115 1892 typographiCO‚
1153 1827 1209 1877 in
1240 1846 1352 1897 quo
1375 1840 1558 1882 nostra
1580 1841 1722 1882 aetas

187 1892 287 1942 sibi
309 1891 509 1959 placet,
547 1911 740 1960 parum
757 1894 994 1946 utilitatis
1018 1896 1085 1946 ad
1115 1898 1252 1966 ipsas
1280 1899 1482 1952 litteras
1506 1912 1559 1954 et
1578 1902 1723 1953 litte-

187 1972 393 2013 ratores
433 1963 700 2032 proficisci
740 1965 925 2029 vide03
982 1968 1435 2038 quandoquidem
1474 1990 1591 2025 non
1621 1974 1722 2024 nisi

247 2104 283 2160 *)
324 2106 377 2145 At
405 2113 500 2146 sunt
531 2108 608 2147 alia
637 2109 802 2149 levioris
830 2124 920 2149 mo-

189 2164 343 2215 menti,
390 2164 434 2203 in
473 2166 618 2218 quibus
654 2168 768 2207 nolui
802 2169 921 2208 nimis

190 2234 354 2262 severus
374 2236 469 2274 esse,
501 2226 595 2276 quia
607 2227 715 2265 tanti
733 2240 821 2266 rem
838 2241 922 2267 non

191 2293 274 2319 esse
293 2281 507 2334 putabam3
537 2297 577 2323 v.
597 2298 630 2324 c.
661 2285 772 2337 quod
797 2286 923 2339 sylla-

190 2339 338 2377 barum
356 2339 497 2380 divisio
519 2347 560 2380 et
576 2356 705 2382 nexus
723 2344 772 2383 ab
791 2345 923 2398 operis

190 2397 369 2436 librariis
411 2412 458 2437 eo
500 2401 623 2440 modo
667 2402 796 2442 factus
840 2410 922 2454 est,

193 2468 313 2507 quem
339 2469 415 2509 pro
443 2470 541 2496 vero
567 2473 614 2498 ac
644 2460 751 2501 iusto
773 2461 924 2502 habere

192 2527 278 2553 non
296 2528 480 2567 possum:
499 2529 592 2556 cum
617 2532 657 2559 v.
676 2532 709 2558 c.
731 2520 924 2560 scribitur

191 2571 234 2611 in
262 2578 445 2611 extrema
474 2573 579 2613 linea
608 2591 688 2615 auc
705 2578 780 2617 —in
799 2579 925 2618 altera

193 2638 385 2679 tumnus;
419 2645 630 2683 (lg-men,
651 2641 692 2674 et
714 2636 770 2675 sic
786 2651 923 2690 porro.

195 2686 279 2727 Aut
305 2689 336 2727 si
374 2689 650 2743 interpunctio
691 2693 745 2732 ad
778 2696 927 2734 calcem

193 2745 479 2799 parentheseos
499 2750 680 2801 ponitur,
712 2753 825 2791 etsie
841 2754 929 2793 alia.

193 2804 433 2844 Nominibus
462 2806 649 2847 virorum
693 2809 927 2862 doctorum,

197 2876 299 2915 quos
341 2867 653 2907 commemoravi
681 2898 691 2917 ‚
746 2868 930 2922 inprimis

194 2920 279 2962 vita
317 2921 633 2975 defunctorum,
684 2925 793 2965 nolui
836 2928 929 2966 ubi·-

980 2125 1060 2164 que
1111 2113 1285 2155 adiicere
1334 2116 1504 2158 honoris
1557 2133 1719 2159 caussa:

987 2172 1034 2211 V
1027 2173 1065 2209 ir
1089 2171 1146 2212 Cl.
1176 2181 1249 2214 aut
1277 2190 1357 2228 quo
1384 2192 1497 2217 nunc
1512 2191 1554 2217 se
1574 2185 1723 2219 mutuo

980 2228 1140 2270 honore
1159 2236 1408 2287 compellant
1439 2239 1486 2277 V
1480 2238 1518 2276 ir
1538 2238 1609 2278 Ill.
1638 2238 1724 2277 Το-

981 2294 1071 2327 tum
1092 2289 1206 2331 hunc
1234 2308 1392 2334 morem
1418 2295 1622 2348 facetum,
1653 2310 1726 2336 seu

982 2348 1119 2388 verius
1146 2349 1353 2405 ineptum,
1397 2368 1480 2406 quo
1515 2356 1726 2395 caedimus

982 2414 1021 2444 et
1057 2409 1223 2448 tolidem
1258 2413 1408 2465 plagis
1450 2417 1726 2453 consumimus

982 2464 1160 2518 hostem,
1204 2470 1364 2510 utinam
1394 2472 1602 2512 sublatum
1642 2485 1727 2512 esse

986 2523 1112 2564 vellet
1161 2533 1272 2567 aetas
1321 2537 1476 2571 nostra.
1542 2531 1636 2571 Non
1674 2545 1726 2570 ex

982 2581 1073 2621 loco
1114 2590 1156 2624 et
1207 2587 1351 2627 ordine
1403 2603 1451 2628 ac
1505 2589 1726 2643 dignitate,

983 2654 1128 2681 verum
1189 2657 1241 2684 ex
1286 2646 1446 2700 ingenio
1467 2679 1478 2699 ‚
1536 2648 1727 2688 doctrina

989 2705 1030 2737 et
1065 2701 1242 2755 meritis,
1292 2706 1373 2745 viri
1413 2707 1588 2747 litterati
1629 2713 1727 2747 sunt

989 2760 1213 2812 censendi3
1270 2769 1312 2803 et
1367 2765 1534 2804 nomine
1587 2766 1726 2806 cuius-

988 2815 1097 2867 piam
1136 2820 1278 2861 audito
1320 2824 1613 2877 assurgendum
1646 2829 1723 2874 est,

988 2887 1071 2938 non
1103 2876 1227 2918 titulo
1269 2887 1310 2919 et
1351 2880 1510 2924 honore
1539 2897 1728 2938 pronun-

988 2937 1102 2972 tiato.
