1768 3320
177 191 287 228 an
672 172 1230 230 PRAEFATIO

182 306 288 356 ctio
325 303 459 354 haec
488 302 695 371 ubique
726 302 826 353 sibi
859 307 1151 359 constaret3
1190 313 1419 366 operam
1435 296 1720 351 molestiae

181 394 242 427 ac
270 375 434 426 taedii
460 382 574 425 tam
596 374 842 441 plenam,
879 381 940 422 ut
961 372 1016 422 in
1041 370 1330 438 pistrinum
1352 367 1481 419 abdi
1497 368 1743 433 malim;⁴

184 448 282 498 etsi
303 445 393 497 vel
413 446 484 496 sic
509 444 628 496 fieri
651 445 851 513 potuit,
887 451 948 493 ut
976 440 1255 492 interdum
1277 455 1479 507 operae
1500 439 1721 491 aberra-

180 527 329 579 rent3
350 525 411 567 ut
436 521 625 583 colligit
644 513 1095 566 alicubirelictum
1119 528 1233 562 esse
1251 509 1495 563 memini.
1535 513 1722 575 Quan-

184 588 485 657 doquidem
509 588 620 636 auri
648 584 849 652 aliquid
870 585 924 634 in
948 583 1028 633 his
1047 581 1403 633 tribuendum
1427 597 1545 632 esse
1565 581 1721 633 vide-

181 661 370 724 batur,
418 657 840 723 eligendumque
877 654 1042 718 adeo,
1098 653 1309 719 gravius
1341 669 1402 703 ac
1440 652 1720 704 sonantius

185 730 337 799 quod
358 738 518 780 esset:
557 728 754 778 retinui
773 745 1051 788 max-umus,
1096 735 1347 791 optumus,
1397 743 1567 791 quum,
1605 744 1721 775 con·

183 807 323 865 iamt,
368 804 592 864 inmunis,
639 802 898 849 communis
915 837 929 861 ,
966 799 1160 863 observ,
1209 799 1412 863 obfulsi,
1460 814 1720 862 opponere,

183 877 482 939 opprimere,
520 874 824 933 submonere,
859 872 1102 934 supplere,
1142 867 1266 935 quia
1292 871 1503 933 supplex
1523 875 1719 917 tenen-

185 943 318 993 dum
350 950 474 993 erat.
543 939 760 1007 Reliqui
790 938 1101 988 auctoribus·
1135 938 1389 1003 οἰμώζειν,
1445 942 1720 1004 lacrimari,

175 1018 397 1081 proelia,
447 1017 654 1075 coelum,
699 1019 930 1072 maestas,
976 1028 1196 1072 maereo,
1245 1013 1365 1059 levis
1402 1025 1504 1076 pro
1539 1007 1719 1074 laevis,

184 1104 368 1136 caecus.
447 1082 532 1134 Ad
576 1080 866 1132 meliorem
908 1097 1128 1130 morem
1180 1079 1429 1130 revocavi
1463 1090 1718 1147 saeptum,

181 1161 385 1221 saepsit,
430 1158 700 1217 saeculum,
731 1156 961 1218 frenum,
987 1155 1188 1219 semina
1220 1159 1275 1201 et
1289 1155 1433 1218 fetus
1456 1168 1484 1201 a
1490 1154 1608 1219 seo,
1647 1156 1720 1203 le-

183 1236 305 1291 tum,
343 1229 589 1286 obscenus,
628 1233 795 1287 cestus,
835 1232 888 1273 et
906 1220 1112 1272 formas
1134 1221 1426 1272 nonnullas
1451 1222 1722 1291 antiquio-

181 1313 291 1357 res,
326 1305 387 1346 ut
409 1301 507 1347 tris.
582 1295 910 1361 Scripturam
939 1294 1113 1361 quarti
1147 1309 1319 1358 casus,
1357 1297 1402 1343 2'8-
1418 1301 1472 1343 et
1495 1298 1563 1344 eis
1590 1303 1645 1344 et
1670 1313 1722 1345 es

182 1367 289 1418 vidi
327 1383 440 1416 esse
473 1375 583 1415 tam
614 1366 897 1429 incertam,
935 1374 997 1415 ut
1025 1363 1236 1415 nollem
1263 1364 1560 1432 quicquam
1579 1365 1636 1414 in
1658 1381 1720 1416 ea

179 1454 416 1489 movere.
487 1439 694 1489 Verum
715 1436 889 1504 pudet
918 1436 974 1485 in
998 1435 1081 1486 his
1105 1452 1333 1503 operam
1364 1451 1720 1499 consumere;

182 1525 318 1576 quae
350 1508 597 1575 apposui,
649 1524 710 1557 ea
745 1507 813 1558 de
846 1524 1026 1557 caussa
1050 1506 1334 1557 monenda
1350 1504 1536 1572 suere,
1572 1516 1635 1558 ut
1657 1524 1721 1558 ex

183 1579 373 1629 caussis
397 1587 450 1628 et
465 1578 763 1628 rationibus
782 1578 915 1629 haec
937 1578 1229 1629 diiudicare
1252 1577 1460 1628 discant
1474 1578 1719 1644 studiosi,

181 1649 611 1717 intelligantque,
656 1666 771 1699 non
803 1650 1029 1700 omnino
1065 1667 1127 1700 ea
1160 1666 1277 1700 esse
1311 1649 1719 1701 contemnenda

182 1737 284 1770 nec
305 1729 487 1769 tamen
509 1735 841 1788 magnopere
869 1720 1323 1772 commendanda.

321 1790 496 1841 Multo
526 1791 777 1856 gravioris
808 1793 1079 1843 momenti
1119 1809 1207 1842 res
1234 1790 1373 1843 mihi
1406 1790 1516 1842 visa
1538 1799 1619 1841 est
1636 1790 1720 1841 in-

182 1861 511 1928 terpunctio:
551 1879 655 1929 qua
675 1863 958 1913 emendata
978 1863 1087 1914 vidi
1108 1871 1358 1914 sexcenta
1384 1861 1504 1913 loca
1521 1861 1719 1913 melius

185 1933 433 1981 constitui
468 1948 653 1999 posse,
704 1951 806 1984 nec
839 1935 1131 2002 quicquam
1163 1935 1334 2001 magis
1364 1933 1430 1984 ab
1462 1933 1719 1984 omnira-

183 2003 332 2052 tione
353 2011 406 2052 et
426 2003 644 2053 consilio
668 2004 904 2054 alienum
926 2023 1065 2067 esse,
1105 2023 1270 2074 quam
1293 2003 1719 2073 interpungendi

184 2073 451 2123 rationem
480 2074 532 2122 in
574 2075 965 2143 exemplaribus
1009 2078 1217 2145 scriptis
1254 2086 1308 2127 et
1346 2077 1401 2127 in
1440 2075 1718 2144 plerisque

185 2143 353 2196 editis,
423 2144 711 2196 Librorum
729 2147 908 2215 itaque
931 2149 1213 2199 auctoritas
1244 2148 1300 2198 in
1322 2148 1720 2216 interpunctio-

183 2231 253 2263 ne
283 2215 506 2264 omnino
532 2232 645 2267 esse
667 2226 847 2284 potest
867 2219 1028 2272 nulla.
1100 2222 1214 2271 Nec
1233 2220 1503 2270 maiorem
1529 2229 1718 2270 tamen

185 2301 367 2334 curam
405 2295 494 2335 aut
525 2297 723 2338 certam
752 2289 1045 2355 rationem,
1083 2291 1151 2341 ad
1173 2308 1339 2358 quam
1362 2291 1719 2358 interpunge-

182 2365 327 2419 rent,
365 2365 591 2408 tenuere
631 2359 879 2412 editores,
952 2363 1115 2429 Atqui
1144 2362 1212 2412 ad
1233 2362 1561 2413 sententiam
1585 2378 1718 2412 con-

182 2426 509 2477 stituendam
544 2437 597 2478 et
623 2430 1015 2496 expediendam
1039 2433 1094 2482 in
1123 2433 1373 2501 plurimis
1398 2433 1530 2483 locis
1549 2449 1719 2484 omne

184 2496 435 2547 auxilium
471 2507 548 2547 est
582 2516 643 2549 ex
670 2501 1131 2569 interpunctione3
1180 2513 1243 2554 ut
1277 2504 1441 2555 altera
1473 2522 1536 2556 ex
1562 2513 1717 2573 parte

182 2583 401 2617 sensum
422 2568 553 2618 nihil
570 2571 737 2635 magis
761 2572 940 2622 turbat
959 2591 1120 2641 quam
1142 2593 1306 2642 prava
1325 2576 1718 2645 interpunctio:

183 2638 632 2705 quandoquidem
660 2640 819 2692 huius
844 2644 978 2694 ratio
1018 2654 1071 2695 et
1095 2646 1423 2714 principium
1447 2663 1717 2716 quaeren-

183 2708 317 2758 dum
342 2718 420 2759 est
447 2709 501 2758 in
529 2709 661 2774 hoe,
698 2721 759 2761 ut
784 2724 961 2764 exacte
982 2717 1314 2784 respondeat
1341 2717 1431 2768 illa
1467 2718 1717 2770 enuntia-

180 2779 341 2829 tionis
372 2780 610 2847 partibus
631 2798 754 2832 cum
773 2785 1066 2836 maioribus
1094 2797 1212 2838 tum
1229 2789 1565 2852 minorihus;
1603 2805 1716 2857 quo
1760 2802 1763 2803 ’

183 2849 385 2900 eodem
415 2851 588 2901 modo
619 2853 778 2903 etiam
810 2858 1177 2922 pronuntiatio
1206 2869 1454 2926 regatur3
1492 2870 1554 2913 ut
1575 2860 1715 2911 adeo

178 2937 354 2971 unum
387 2921 649 2990 idemque
680 2924 748 2974 sit
775 2936 922 2977 recte
955 2929 1216 2995 cogitare,
1265 2932 1494 2985 recitare
1519 2942 1574 2985 et
1592 2932 1718 2984 scri-
