1768 3320
0 533 34 567 ,ᾗ

0 565 46 631 Ξι

0 633 22 666 9
71 613 187 667 ieci.
258 611 631 664 Constitutum
662 610 891 679 quidem
921 611 988 662 ab
1019 611 1173 663 initio
1198 611 1499 678 habebam,
1535 613 1618 664 di·-

398 196 765 284 EDITIQNIS
806 197 1074 251 PRIMAE
1112 199 1303 251 LXVII
1491 220 1619 254 xxxv

73 345 226 392 cum,
272 342 412 396 quos
448 342 576 377 cum
607 325 800 392 insigni
833 325 1017 395 aliquo
1056 325 1202 378 bene
1234 326 1305 377 dc
1336 344 1429 379 me
1460 340 1515 380 et
1547 331 1617 383 de

51 452 56 455 ,
71 398 298 466 >Virgilio
319 396 574 453 merendi
596 397 778 450 studio
801 397 898 451 Vir
916 396 1111 451 Illustr.
1131 397 1230 451 Iul.
1254 400 1371 451 Car.
1395 399 1617 453 Schlae-

67 486 233 539 ‘erus
263 477 319 522 et
349 467 624 520 obtulerat
660 477 715 519 et
742 468 1110 536 inspiciendos
1139 470 1384 533 miserat,
1436 487 1619 523 excer-

70 550 190 612 ptas
227 540 516 604 lectioneS,
555 538 627 591 de
662 539 860 608 quibus
883 539 1068 608 paullo
1093 549 1218 609 post
1249 540 1452 606 dicam,
1488 543 1619 593 sub-

0 657 37 749 ἲ
70 682 272 736 lectum
297 683 538 752 aliquem
557 682 878 733 variantium
903 682 1228 745 lectionum,
1268 683 1422 752 quod
1446 684 1619 735 iussus

16 763 27 776 ⁶
67 771 255 820 eram,
320 751 517 807 facere.
595 754 930 818 Enimver0‚
986 770 1098 822 quo
1142 755 1314 820 magis
1364 755 1618 820 rationeS,

69 842 303 888 caussam,
339 834 397 876 et
426 833 556 876 usus
586 841 773 875 earum
805 825 860 875 in
890 842 1224 893 quocunque
1245 826 1513 894 scriptore
1534 827 1617 890 in-

0 888 43 965 ξῖ
68 896 364 962 tellexeriS,
415 911 484 947 eo
517 893 886 947 difficiliorem
920 896 1081 947 huius
1108 895 1318 948 consilii
1351 895 1618 953 effectum

69 984 187 1023 esse
224 966 541 1036 praevideas
557 970 623 1034 ¹⁸¹).
705 966 948 1032 Deinde,
996 968 1040 1019 si
1083 968 1376 1019 iuventutis
1416 968 1618 1021 utilita-

68 1047 184 1093 tem
211 1037 612 1107 respiciendam
646 1053 764 1090 esse
795 1038 1035 1104 duxeriS‚
1083 1048 1145 1090 ut
1173 1038 1208 1090 ii
1245 1038 1487 1108 aliquem
1521 1039 1619 1091 ha-

67 1127 194 1163 rum
226 1126 416 1162 rerum
453 1125 616 1164 usum
648 1119 1082 1178 consequantur,
1141 1110 1195 1161 in
1233 1109 1327 1161 tali
1358 1110 1617 1176 editione,

6 1183 15 1251 f
67 1180 246 1237 multo
278 1189 463 1232 autem
495 1180 667 1248 magis
708 1181 761 1232 in
804 1180 894 1231 tali
928 1190 1093 1250 poeta
1125 1180 1261 1232 nihil
1299 1180 1488 1233 abesse
1518 1198 1617 1234 vo·

0 1262 5 1291 2
69 1251 277 1317 lebam,
320 1268 432 1320 quo
467 1251 535 1302 ad
563 1252 881 1303 varietatem
913 1251 1160 1303 lectionis
1191 1252 1417 1321 eiusque
1453 1270 1616 1305 usum

64 1324 298 1376 'omnino
321 1322 770 1389 cognoscendum
790 1322 1209 1376 adducerentur.
1260 1323 1461 1376 Reiskii
1484 1341 1617 1376 con-

16 1441 18 1443 .
66 1395 296 1446 iecturas
326 1392 619 1446 nonnullas
663 1403 719 1446 et
750 1394 1160 1446 observationes
1190 1411 1292 1462 pro
1325 1395 1615 1464 multiplici

66 1466 320 1535 variaque
364 1464 635 1529 doctrina,
684 1481 825 1533 quae
855 1465 911 1516 in
945 1482 1013 1517 eo
1047 1466 1179 1517 Viro
1216 1474 1321 1530 est,
1361 1475 1416 1517 et
1446 1482 1616 1533 gene-

11 1550 13 1555 ’
66 1537 276 1588 rosiore
297 1537 352 1588 in
379 1535 810 1587 correctionibus
842 1536 1058 1604 spiritu,
1098 1553 1212 1586 non
1249 1546 1615 1592 contemnen-

67 1607 188 1673 das,
235 1608 291 1660 in
340 1607 497 1662 variis
538 1606 607 1657 ad
640 1607 905 1673 Georgica
942 1606 1075 1657 locis
1109 1607 1337 1670 inserui;
1393 1609 1616 1661 miserat

67 1680 219 1731 enim
250 1677 320 1732 ad
349 1694 442 1731 me
480 1677 577 1732 Vir
607 1686 662 1729 et
693 1677 830 1729 olim
863 1678 975 1729 mei
1006 1677 1280 1729 studiosus
1310 1695 1413 1746 pro
1442 1678 1615 1731 bene-

66 1750 301 1802 volentia
327 1766 422 1801 sua
454 1758 509 1800 et
540 1748 880 1800 humanitate
904 1750 1302 1815 Georgicorum
1339 1749 1617 1819 exemplar

66 1837 233 1874 manu
257 1838 352 1873 sua
378 1828 630 1871 notatum
664 1837 726 1871 ea
763 1819 909 1885 lege,
946 1829 1031 1882 ut,
1070 1837 1211 1889 quae
1245 1820 1376 1872 inde
1414 1820 1613 1873 tollere

11 1899 18 1952 f
67 1901 157 1946 aut
177 1892 493 1961 relinquere
513 1890 744 1955 vellem,
783 1890 1094 1942 libertatem
1116 1890 1334 1945 faceret.

203 2037 274 2087 Et
322 2033 586 2085 hactenus
636 2032 863 2102 quidem
915 2032 986 2084 de
1040 2032 1322 2084 conatibus
1364 2034 1503 2085 meis
1553 2035 1608 2085 in

0 2099 13 2107 '⁴
68 2106 245 2174 ipsum
282 2114 520 2174 poetam.
600 2105 811 2164 Restat,
860 2113 922 2154 ut
969 2104 1207 2155 breviter
1251 2103 1491 2156 indicem
1532 2122 1609 2169 ea,

68 2193 207 2246 quae
229 2176 357 2228 huic
377 2174 698 2244 praefationi
719 2175 959 2226 subiecta
979 2184 1117 2227 sunt.
1173 2175 1444 2242 Primum,
1485 2193 1611 2227 cum

67 2249 328 2299 variantes
348 2247 611 2298 lectiones
632 2263 695 2297 ex
720 2247 843 2297 satis
867 2262 1067 2312 magno
1102 2245 1355 2296 codicum
1386 2247 1615 2315 scripto-

27 2324 190 2384 mm
231 2335 468 2370 numero
509 2317 820 2369 excitandae
867 2327 1075 2382 essent,
1135 2334 1376 2385 quorum
1408 2327 1470 2369 ut
1510 2318 1612 2381 alii,

67 2390 160 2459 qui
200 2389 437 2440 eandem
474 2405 698 2440 mecum
743 2388 908 2439 telam
943 2405 1057 2438 non
1098 2387 1421 2453 detexuere,
1468 2390 1614 2440 noti-

66 2461 211 2525 tiam,
233 2470 287 2511 et
312 2469 511 2529 quanta
533 2460 793 2527 cuiusque
819 2461 1106 2510 auctoritas
1131 2469 1286 2523 esset,
1310 2460 1365 2509 in
1386 2469 1612 2527 promtu

65 2530 358 2595 haherent,
396 2531 657 2599 postulari
677 2548 792 2581 non
815 2540 1058 2598 poterat3
1094 2530 1475 2596 Subiungenda
1500 2540 1615 2582 erat

66 2601 243 2670 aliqua
275 2619 472 2653 eorum
495 2603 702 2652 notatio
728 2611 783 2652 et
813 2601 1132 2669 descripti0‚
1169 2601 1223 2651 in
1247 2619 1381 2669 qua,
1417 2619 1478 2653 re
1500 2602 1613 2670 ipsa

64 2671 348 2738 invitante,
393 2690 508 2724 non
535 2672 709 2723 modo
742 2671 1012 2723 nonnulla
1045 2671 1355 2738 diligentius
1387 2674 1607 2736 excussi,

66 2759 205 2811 quae
234 2743 303 2795 ad
331 2744 537 2796 horum
564 2743 816 2795 codicum
846 2743 1127 2794 historiam
1150 2752 1481 2811 spectarent,
1518 2761 1612 2794 ve-

122 2887 142 2910 *
159 2887 254 2929 Vid.
280 2888 403 2929 modo
420 2889 635 2930 Wetstenii
650 2888 802 2942 proleg.
861 2887 991 2941 praef.
1030 2886 1084 2926 ad
1117 2886 1277 2926 Moerin
1314 2901 1356 2941 p.
1384 2888 1481 2928 XX.
1510 2887 1610 2928 Ven.

66 2944 120 2985 ad
137 2945 186 2985 N.
206 2947 253 2987 T.
275 2960 318 3000 p.
342 2951 601 2992 199—201.
623 2948 803 2987 Pierson.
866 2945 1028 2987 Ernesti
1046 2946 1174 2999 praes.
1193 2945 1324 2985 Taciti
1347 2960 1381 2986 a.
1401 2948 1442 2989 8.

1249 3017 1324 3061 c*

1395 3146 1448 3158 ..Ψ
