1768 3320
196 239 358 276 cxvm
476 226 534 274 P.
572 224 865 276 VIRGILII
898 221 1218 273 MARONIS
1256 222 1425 272 VITA

193 354 410 394 Enimvero
436 367 518 392 non
553 352 630 391 nisi
656 352 821 392 ineunte
851 367 956 391 anno
991 351 1192 404 sequenti,
1225 364 1318 390 cum
1336 351 1463 390 Pollio
1482 349 1723 391 iamdudum

195 412 420 452 Consulatu
448 411 627 460 abierat,
667 411 737 450 illa
767 425 847 464 pax
876 416 934 450 est
960 410 1201 462 composita,
1245 423 1339 448 cum
1363 410 1508 449 Caesar
1528 415 1570 448 et
1588 409 1723 449 Anto-

194 471 286 510 nius
305 469 537 522 Pompeium
570 469 680 521 apud
709 469 903 507 Misenum
935 468 1226 507 convenissent.
1264 468 1348 507 vid.
1368 468 1442 506 Dio
1469 467 1644 518 XLVIII,
1666 471 1718 511 31

198 534 314 577 extr„
335 531 403 570 36.
463 528 564 565 Nam
589 527 796 579 Appianus
823 533 1053 578 temporum
1083 525 1266 564 ordinem
1295 540 1378 565 non
1409 526 1507 566 satis
1533 533 1723 566 accurate

198 586 406 638 sequitur,
455 599 547 623 cuin
575 585 696 623 etiam
729 591 823 637 post
850 585 925 623 ista
961 598 1046 636 pag.
1079 584 1189 626 1135
1219 590 1323 624 extr.
1346 597 1409 638 ea,
1420 591 1722 637 commemoret,

196 657 298 696 quae
323 658 432 682 anno
451 643 654 695 superiore
674 649 837 695 peracta
856 643 1025 681 fuerant.
1052 643 1155 681 cons.
1174 642 1312 682 Vellei.
1335 643 1385 692 II,
1407 645 1475 686 76.
1498 646 1567 686 77.

309 702 535 752 Antequam
565 699 762 739 Antonius
790 702 982 739 adversus
1012 699 1184 739 Parthos
1213 701 1568 753 proficiscebatur,
1600 714 1722 740 exer-

197 759 301 798 citus
328 760 370 798 in
395 759 563 798 hiberna
594 759 819 797 deducendi
852 765 1010 810 pari-em
1036 758 1231 797 adversus
1255 759 1492 811 Parthinos,
1523 761 1723 813 populum

195 817 424 870 Illyricum,
456 817 525 868 qui
549 817 637 855 loca
667 817 771 855 circa
799 817 1068 869 Epidamnum
1097 817 1321 867 insidebat,
1350 825 1391 858 et
1420 818 1541 858 Bruti
1560 831 1723 858 caussae

197 876 340 913 eximie
366 876 540 923 faverat,
571 875 707 914 mittit.
725 875 807 913 vid.
838 875 1007 927 Appian.
1025 889 1112 926 pag.
1137 875 1262 919 1135.
1289 877 1372 916 Civ.
1397 878 1445 927 V,
1469 878 1538 921 75.
1597 878 1722 916 Prae-

196 934 342 972 fecerat
367 933 413 971 iis
445 933 565 985 copiis
592 933 830 983 Pollionem,
871 933 939 985 qui
961 946 1047 971 rem
1064 933 1107 972 in
1129 933 1176 971 iis
1196 935 1318 973 terris
1338 936 1489 989 egregie
1506 936 1649 988 gessit,
1681 942 1723 974 et

196 1005 302 1030 anno
331 997 519 1042 sequente
549 991 802 1044 triumphum
837 991 885 1030 de
910 991 1114 1030 Parthinis
1140 992 1229 1044 egit.
1259 993 1343 1033 vid.
1366 995 1440 1034 Dio
1461 994 1644 1044 XLVIII,
1664 993 1717 1036 41

196 1055 236 1088 et
255 1050 308 1088 ib.
329 1056 466 1087 notam
485 1048 636 1088 Fabric.

311 1107 404 1155 Quo
424 1107 467 1145 in
484 1107 627 1145 itinere
649 1106 843 1145 adversus
861 1107 1077 1146 Parthinos
1100 1121 1195 1147 cum
1215 1108 1346 1148 Polliov
1364 1117 1466 1149 esset
1481 1140 1493 1160 ‚
1522 1110 1722 1150 Pharma-

196 1165 372 1213 ceutria,
412 1178 513 1216 quae
540 1171 600 1203 est
628 1166 772 1217 Ecloga
803 1165 904 1214 VIII,
932 1166 966 1204 ei
1000 1180 1023 1204 a
1056 1166 1224 1219 Virgilio
1262 1168 1382 1207 missa
1424 1183 1508 1208 esse
1544 1169 1720 1210 vidietur.

194 1224 229 1262 N
232 1237 373 1275 amque
388 1237 427 1262 v.
445 1226 470 1264 6
519 1225 579 1261 Tu
599 1223 701 1261 mihi
722 1238 791 1261 sea
814 1227 959 1274 magni
978 1238 1148 1275 superas
1167 1227 1255 1264 iam
1273 1241 1379 1266 saxa
1407 1230 1574 1267 Timavi
1585 1259 1595 1278 ,
1629 1229 1722 1266 Sive

195 1295 307 1319 oram
333 1282 492 1332 lllvvvrici·
511 1281 614 1332 legis
645 1283 840 1334 aequoris.
872 1282 921 1320 ef.
953 1282 1007 1320 ibi
1028 1282 1166 1322 Notas.
1227 1285 1392 1327 ‚Ruaeus
1409 1285 1451 1324 in
1467 1286 1607 1325 reditu
1625 1286 1722 1325 Pol-

193 1338 310 1377 lionis
331 1339 526 1390 scriptum
547 1352 708 1377 carmen
729 1352 810 1377 esse
830 1340 1000 1392 putabat
1008 1355 1022 1392 5
1048 1341 1093 1380 id.
1122 1342 1235 1393 quod
1253 1344 1475 1384 verborum
1495 1351 1537 1384 et
1555 1350 1720 1384 senten-

192 1395 344 1435 tiarum
373 1396 506 1434 ordini
534 1403 742 1449 repugnat.
803 1398 884 1446 Qui
903 1399 1006 1437 enim
1034 1413 1057 1437 a
1077 1399 1247 1439 Timavo
1269 1397 1322 1441 ad
1340 1402 1549 1456 Illyricum
1574 1416 1722 1457 proce-

193 1453 274 1503 dit,
312 1454 344 1492 is
372 1454 659 1506 profectionem
698 1455 739 1493 in
772 1456 976 1509 Illyricum
1006 1457 1139 1496 facere
1182 1459 1323 1511 debet,
1363 1475 1450 1501 non.
1483 1462 1526 1500 in
1564 1462 1721 1501 Italiam
1766 1498 1768 1506 2

190 1511 335 1550 redire.
395 1512 584 1551 Pollionis
605 1514 721 1552 etiam
739 1514 851 1553 iussu
876 1516 1061 1568 Eclogam
1079 1518 1352 1571 perscriptam
1369 1533 1452 1559 esse
1461 1551 1477 1570 2
1509 1535 1549 1560 v.
1574 1523 1641 1564 11.
1667 1522 1721 1565 12

192 1575 375 1622 apparet:
408 1572 526 1609 iussis
549 1574 733 1611 carmina
750 1582 890 1625 coepta
908 1576 1001 1612 tuis.

797 1675 857 1726 U.
896 1676 951 1727 C.
989 1680 1106 1729 715.

306 1767 361 1813 L.
387 1765 607 1812 Marcius
643 1767 937 1820 Censorinus.
1015 1775 1066 1822 C.
1103 1774 1345 1824 Calvisius·
1381 1775 1605 1826 Sabinus.

545 1864 589 1895 α.
627 1849 679 1897 C.
710 1853 790 1900 39.
869 1853 1068 1917 Virgilii
1103 1860 1167 1906 31
1189 1884 1261 1894 —
1284 1861 1365 1909 32.

308 1937 354 1977 A.
378 1938 416 1977 d.
441 1939 528 1978 VIII
550 1941 638 1980 Kal.
666 1942 860 1984 Novemb.
883 1947 924 1986 C.
948 1947 1109 1988 Asinius
1126 1950 1253 1991 Pollio
1273 1964 1324 1991 ex
1346 1951 1551 1991 Parthinis
1566 1951 1719 1991 trium—

192 1994 305 2048 phat.
325 1996 433 2034 Fasti
456 1998 623 2050 Capitol.
645 1999 829 2042 Chroiiic.
861 2005 998 2045 Euseb.
1022 2014 1097 2047 etc.
1138 2010 1210 2048 Est
1231 2011 1265 2049 is
1282 2011 1515 2063 triumphus
1531 2011 1720 2050 Dalma-

194 2055 307 2092 tiens.
339 2055 387 2093 cf.
415 2054 521 2094 Flor.
551 2056 617 2107 IV,
644 2061 707 2108 12,
741 2063 804 2102 11.
834 2061 977 2104 Horat.
998 2066 1129 2107 Carm.
1153 2068 1201 2118 II,
1224 2071 1260 2118 1,
1295 2069 1360 2112 15.
1388 2072 1454 2112 16.
1514 2069 1572 2108 De
1591 2069 1719 2122 captis

195 2124 217 2148 a
237 2111 414 2150 Pollione
439 2114 613 2164 Salonis,
655 2117 872 2158 Dalmatiae
898 2124 1020 2174 urbe,
1060 2125 1144 2165 vid.
1176 2126 1378 2180 Porphyr.
1407 2127 1461 2167 ad
1488 2140 1521 2167 e.
1541 2128 1567 2167 l.
1591 2126 1719 2180 Pigbii

194 2167 338 2234 Annal.
358 2169 397 2208 h.
417 2183 450 2209 a.
491 2172 544 2210 De
567 2173 743 2214 Pollione
766 2180 928 2219 omnino
947 2182 1031 2222 vid.
1051 2183 1214 2224 Mai-tin.
1235 2185 1288 2225 ad
1305 2186 1386 2225 Ecl.
1405 2185 1472 2236 llil,
1486 2185 1557 2229 84.
1579 2186 1627 2236 V,
1648 2187 1718 2236 86,

195 2233 236 2292 et
253 2227 360 2265 idem
372 2242 422 2292 *in
444 2229 535 2267 Vita
555 2230 705 2284 Virgilii
724 2249 762 2287 p.
783 2236 919 2277 XLIV.
979 2240 1069 2293 Egit
1092 2242 1143 2281 de
1172 2257 1218 2282 eo
1246 2250 1287 2283 et
1309 2244 1359 2283 de
1379 2250 1470 2295 tota
1485 2251 1603 2297 gente
1625 2242 1719 2283 Asi-

194 2290 261 2323 n'ia
286 2285 430 2323 Lucius
463 2287 627 2327 camara
655 2291 704 2329 de
729 2294 851 2333 Teate
878 2297 1045 2350 antiquo
1075 2301 1143 2340 lib.
1167 2302 1233 2352 III,
1256 2301 1284 2343 4
1317 2301 1452 2357 (Thes.
1471 2303 1562 2342 Ital.
1581 2303 1627 2342 T.
1645 2302 1717 2352 IX,

195 2342 236 2381 P.
257 2342 333 2406 V)..
380 2343 433 2381 De
457 2344 537 2384 filio
558 2347 757 2401 Pollionis,
790 2354 1001 2406 Salonino,
1040 2372 1111 2398 seu
1133 2361 1318 2400 Salonico
1331 2391 1342 2412 ,
1374 2362 1445 2414 qui
1462 2367 1599 2401 tamen
1620 2360 1717 2400 nul-

194 2399 258 2438 lus
277 2400 379 2449 fuit,
411 2401 480 2440 sed
500 2418 643 2457 ηεροδ,
678 2421 723 2446 eo
743 2411 926 2463 nomine,
957 2415 1040 2455 vid.
1070 2418 1231 2457 Ruaeus
1252 2419 1304 2458 ad
1323 2420 1408 2460 Ecl.
1425 2419 1482 2460 IV
1498 2434 1560 2474 pr.
1766 2411 1768 2418 Ι

310 2458 413 2496 Dum
435 2460 558 2526 Pollio
569 2463 619 2527 ’in
643 2474 837 2518 apparatu
855 2471 1052 2526 triumphi
1075 2489 1167 2515 eum
1196 2478 1371 2517 maxime
1393 2483 1496 2517 esset
1510 2509 1520 2529 ‚
1551 2477 1718 2518 tertiam

195 2514 379 2580 IEclogani
399 2531 420 2554 a
443 2518 604 2583 Virgilio
623 2523 768 2564 factam
788 2540 838 2565 ex
869 2542 908 2567 v.
937 2530 992 2572 84
1017 2546 1101 2585 sqq.
1122 2536 1257 2574 Pollio
1286 2545 1404 2575 amat
1432 2546 1612 2576 nostram
1640 2542 1717 2576 etc.

195 2585 396 2637 ingeniose
426 2576 572 2629 colligit
597 2580 777 2633 Ruaeus,
814 2591 862 2623 ut
883 2586 931 2625 de
952 2589 1126 2630 victimis
1155 2593 1472 2648 triumphalibus
1490 2594 1535 2634 in
1553 2595 1600 2634 iis
1616 2605 1731 2634 ver-‘¹

195 2630 303 2668 sibus
323 2638 473 2683 agatur.
533 2637 610 2674 Sed
628 2639 720 2678 vide
738 2655 859 2694 supra
874 2645 925 2683 ad
944 2647 989 2685 U.
1019 2649 1060 2687 C.
1089 2653 1186 2692 711.

309 2687 398 2727 Hoc
417 2704 521 2729 anno
547 2692 760 2736 Horatium
782 2700 1000 2743 Maecenati
1020 2721 1042 2743 a
1062 2707 1227 2760 Virgilio
1249 2716 1290 2749 et
1310 2709 1432 2750 Vario
1451 2709 1716 2750 commenda-

193 2750 280 2783 tum
305 2759 407 2796 esse,
440 2751 688 2792 Sanadonius
711 2756 759 2794 de
778 2760 1007 2801 coniectura
1028 2766 1164 2816 ponit,
1196 2781 1247 2807 ex
1266 2768 1412 2808 Horat.
1436 2771 1519 2808 Sat.
1539 2768 1569 2818 Ῑ,
1586 2772 1625 2818 6,
1647 2768 1715 2811 55·

193 2802 316 2851 Quod
332 2810 470 2869 ‘tamen
492 2811 688 2873 maturius
708 2815 876 2867 stictum,
908 2820 936 2857 si
956 2822 1118 2871 quidem
1138 2839 1234 2864 vere
1254 2825 1377 2866 huius
1397 2827 1493 2866 anni
1513 2825 1715 2866 Antonius

192 2859 361 2926 Atlienis
390 2863 648 2906 Brundisium
679 2873 852 2924 appulit,
893 2884 940 2915 ut
970 2881 1156 2920 condicta
1182 2884 1246 2922 die
1278 2899 1371 2924 cum
1395 2871 1563 2924 ‘Caesare
1587 2884 1715 2923 collo-

192 2931 333 2987 (Ῑιῃιιηιν
354 2919 521 2986 liaberet
555 2922 740 2978 (Appian.
762 2932 845 2971 Civ.
874 2934 920 2984 V,
946 2936 1031 2991 78).
1091 2940 1260 2981 Factum
1279 2949 1415 2983 autem
1438 2950 1528 2983 tum
1548 2943 1715 2983 videtui?

193 2974 261 3029 (cf.
284 2977 511 3031 wesseling.
536 2982 649 3023 Obss.
682 2987 730 3035 ΙΙ,
768 2989 858 3043 15),
890 2994 999 3043 quod
1036 3006 1249 3038 narratum
1281 3008 1364 3052 est,
1396 3002 1446 3041 ab
1473 3001 1650 3055 Agrippa
1675 3008 1716 3041 et
