1768 3320
297 227 722 293 nUooucA
762 226 932 278 EGL.
968 226 1083 290 vn,
1118 231 1342 279 61—70
1481 235 1583 283 201

63 359 142 409 Ex
159 330 254 408 illo
272 353 529 420 Corydon
554 351 811 418 Corydon
835 360 915 402 est
935 360 1186 419 tempore
1204 352 1375 405 nobiS.
1515 361 1585 407 70

132 448 216 502 70.
249 450 370 499 *Ex
398 462 522 498 nmo
543 478 614 486 —
634 477 705 485 —
726 477 797 485 —
813 475 885 483 —
902 446 1116 496 noma*

108 577 159 614 ‘lo
179 574 302 612 noblis
328 576 421 611 coni.
436 574 608 610 Nannius.
653 573 746 608 Dedi
762 586 885 608 versus
912 571 1243 621 interpretationem
1260 572 1535 619 qualemcunque
1551 573 1590 607 in

67 623 188 659 Notis.
211 625 342 658 Fateor
361 631 488 665 tamen,
507 634 580 656 non
594 621 665 655 nisi
681 634 788 667 aegre
807 634 884 655 eam
902 634 946 655 ex
962 621 1081 664 verbis
1103 620 1278 666 exsculpi:
1302 627 1485 666 totumque
1505 634 1591 655 ver-

64 683 141 706 tum
159 683 237 705 esse
252 677 326 705 tam
342 670 511 713 inertem,
542 675 583 702 ut
609 669 666 703 vix
689 681 769 702 eum
793 681 814 703 a
830 668 984 714 Virgilio
1010 669 1211 714 profectum
1238 679 1316 701 esse
1334 667 1425 701 mihi
1439 679 1592 713 persua-

65 718 179 753 deam.
226 717 265 753 Si
284 724 404 752 tamen
423 716 484 751 alii
514 715 620 750 aliter
640 715 849 758 statuerint,
874 715 1037 770 equidem
1056 716 1169 749 feram
1190 714 1306 748 animo
1327 726 1453 761 aequo.
1501 716 1591 761 (Re-

64 764 161 800 movi
176 764 376 799 asteriscos.
424 764 529 798 Certe
546 763 746 800 addendum
769 769 847 797 erat
874 762 1007 809 ahquid
1020 789 1030 804 ,
1062 774 1132 808 quo
1151 774 1292 796 carmen
1312 768 1397 807 apte
1418 761 1592 796 finiretur.

66 812 162 855 Quid
190 812 311 847 dicere
340 811 494 846 voluerit
515 810 733 852 Meliboeus,
766 821 839 844 non
869 817 925 844 est
950 809 1168 855 ambiguum:
1202 809 1426 854 Corydonem
1450 821 1494 842 ex
1526 809 1592 843 illo

64 866 229 905 tempore
246 858 317 893 sibi
330 870 418 904 prae
439 858 566 893 ceteris
590 857 771 903 egregium
788 863 933 902 poetam
949 856 1074 890 videri.
1121 856 1193 891 Sed
1214 868 1258 890 ea
1282 855 1459 890 sententia
1483 868 1593 902 quae-
1608 868 1615 877 ⁵

65 906 155 942 ritur
171 906 350 952 quomodo
370 905 426 940 his
449 905 568 939 verbis
586 905 704 939 inesse
723 904 849 950 possit.
899 903 1046 938 Vossius
1067 903 1209 950 quidem
1228 903 1318 937 haec
1342 903 1395 937 ita
1415 903 1593 948 iungenda

67 953 258 989 existimat:
283 952 484 998 „Corydon
501 965 545 986 ex
558 951 623 986 illo
643 959 806 996 tempore
822 951 926 985 nobis
948 958 1005 985 est
1022 951 1223 996 Corydon.“
1247 957 1289 984 ut
1305 950 1503 996 Corydonis
1522 961 1593 984 no-

66 1012 168 1043 men,
199 1000 400 1046 praedicati
422 999 504 1034 loco
517 1026 528 1043 ,
563 999 660 1045 quod
693 998 833 1041 dicunt,
865 998 1045 1044 positum,
1082 1004 1227 1043 poetam
1252 997 1474 1043 praeclarum
1500 993 1592 1032 κατ’

67 1044 204 1093 ἑξαχῆ,
224 1047 379 1082 indicet:
410 1047 562 1081 seitdem
585 1048 637 1080 ist
661 1046 831 1091 Corydon
859 1046 929 1079 mir
958 1047 1018 1079 ein
1042 1045 1226 1090 Corydon.
1273 1045 1320 1078 Et
1341 1045 1487 1078 verbum
1513 1056 1595 1078 esse

67 1095 196 1130 Dativo
215 1095 372 1130 iunctum
388 1094 564 1128 interdmn
582 1093 678 1127 idem
695 1092 837 1135 valere,
894 1092 967 1126 uod
991 1093 1198 1126 existimari
1223 1089 1270 1125 ab
1299 1092 1446 1138 aliquo,
1471 1103 1594 1125 exem-

67 1141 140 1188 plis
157 1143 290 1188 probat
303 1140 492 1176 Wunderl.
507 1141 554 1175 ad
569 1139 704 1175 Tibull.
724 1141 787 1182 IV,
807 1140 865 1181 13,
905 1165 935 1182 .,
963 1139 1089 1185 quibus
1116 1138 1199 1173 addi
1216 1144 1340 1184 potest
1357 1138 1595 1183 Virgilianum

67 1189 179 1233 illud,
200 1189 276 1224 1301.
292 1190 352 1231 111,
371 1185 471 1225 104.:
507 1194 577 1231 „et
602 1187 672 1221 eris
694 1186 781 1220 mihi
798 1199 952 1232 magnus„
965 1186 1133 1232 Apolloe‘
1181 1187 1284 1220 Corn.
1307 1187 1401 1231 Nep.
1418 1186 1593 1220 Praefat:

70 1236 150 1280 „Hi
169 1236 203 1271 si
226 1235 433 1277 didicerint,
466 1246 539 1269 non
565 1234 690 1268 eadem
715 1233 876 1268 omnibus
904 1246 982 1268 esse
1008 1234 1161 1267 honesta
1187 1239 1294 1278 atque
1321 1232 1493 1277 turpin,“
1525 1238 1594 1267 etc.

67 1285 204 1319 Verum
218 1283 303 1318 huic
331 1281 561 1329 explicationi
579 1281 637 1315 vix
654 1289 741 1326 puto
764 1282 843 1315 fore
866 1281 995 1315 multos
1019 1280 1078 1327 qui
1104 1280 1273 1314 calculum
1292 1279 1462 1314 adiiciant
1483 1291 1593 1314 suum.

68 1330 161 1373 Mihi
182 1331 273 1365 haec
289 1331 339 1365 ita
359 1329 524 1364 videntur
542 1329 726 1363 commode
744 1327 903 1374 expediri
923 1339 1031 1373 posse
1043 1354 1052 1370 ,
1077 1334 1116 1360 ut
1135 1328 1224 1361 mihi
1239 1335 1297 1360 est
1313 1327 1358 1360 de
1379 1338 1422 1360 eo
1445 1327 1594 1369 dicatur,

47 1384 57 1399 ¹
70 1377 128 1413 cui
144 1378 287 1424 placeat
312 1377 457 1423 aliquid.
505 1377 563 1411 Sic
580 1383 675 1410 certe
695 1378 745 1409 sit
761 1376 850 1409 mihi
868 1374 1034 1409 adiuncto
1052 1374 1229 1408 Infinitivo
1255 1373 1445 1419 aliquoties
1465 1374 1515 1408 ita
1537 1373 1595 1407 le-

70 1424 185 1471 gitur,
216 1423 257 1459 ut
272 1424 391 1459 valeat
406 1423 431 1458 i.
452 1436 486 1469 q.
512 1424 674 1472 placeat.
721 1423 883 1468 Propert.
902 1424 928 1464 Ι,
948 1425 1007 1464 20,
1027 1423 1100 1458 13.:
1134 1422 1243 1464 „Nec
1274 1420 1370 1454 tibi
1399 1420 1464 1454 sit
1485 1422 1594 1454 duros

69 1480 207 1506 montes
224 1479 262 1506 et
279 1471 411 1517 frigida
429 1483 513 1504 saxa
524 1497 534 1513 ,
558 1470 681 1512 Galle,
701 1481 816 1515 neque
836 1475 1003 1515 expertos
1019 1481 1160 1514 semper
1178 1468 1279 1502 adire
1296 1468 1405 1502 lacus.
1414 1470 1438 1486 “
1486 1467 1596 1502 simi-

3 1544 6 1547 »
70 1519 154 1553 liter
171 1518 318 1554 dicimus
342 1520 392 1553 sit
414 1518 503 1552 mihi
521 1517 701 1562 cupientes
713 1543 724 1559 ,
757 1529 847 1562 quae
867 1516 1122 1561 complacuere.
1169 1517 1247 1549 Huc
1265 1514 1361 1548 redit
1380 1514 1487 1548 etiam
1503 1515 1597 1548 illud

71 1579 196 1610 meus,
224 1578 293 1612 quo
319 1578 398 1600 enm
424 1565 577 1599 solemus
597 1564 817 1609 significare,
852 1564 912 1609 qui
935 1563 1039 1597 nobis
1064 1562 1102 1596 in
1126 1561 1250 1608 primis
1278 1568 1398 1606 gratus
1431 1569 1468 1595 et
1495 1573 1595 1596 carus

73 1620 148 1656 est,
171 1621 210 1647 ut
229 1614 356 1648 Celsus
380 1625 492 1646 meus.
540 1612 635 1654 Quid
651 1610 787 1644 multa?
831 1611 1002 1658 Corydon
1025 1618 1081 1644 est
1105 1609 1212 1644 nobis
1228 1620 1302 1642 non
1327 1608 1449 1642 differt
1470 1610 1514 1642 ab
1538 1620 1596 1651 eo,

72 1661 170 1707 quod
185 1673 206 1694 e
222 1660 413 1695 communis
433 1658 606 1693 sermonis
624 1671 689 1692 usu
707 1658 894 1692 dicendum
913 1664 1007 1691 erat:
1034 1657 1205 1699 Corydon
1225 1664 1282 1690 est
1299 1664 1437 1689 noster.
1479 1656 1594 1690 Plaut.

71 1708 269 1751 Baoch.111‚
284 1710 321 1751 2,
337 1708 416 1744 39.:
442 1707 643 1750 „Noster
667 1712 794 1748 esto,
818 1705 901 1738 dum
918 1711 956 1738 te
971 1703 1108 1750 poteris
1126 1704 1312 1737 defensare
1330 1702 1494 1736 iniuria.“
1518 1702 1596 1736 Mil.

73 1756 173 1790 Glor.
190 1755 303 1798 111,3,
322 1754 400 1791 25.:
437 1754 580 1797 „Heus‚
610 1758 778 1786 noster
806 1752 935 1785 esto!“
969 1751 1039 1785 vid.
1068 1750 1121 1784 ibi
1138 1751 1286 1784 Taubm.
1334 1751 1458 1795 Itaque
1483 1750 1594 1783 verba

74 1803 246 1849 Corydon
272 1810 329 1836 est
356 1802 445 1836 milui
467 1800 518 1835 ita
546 1799 704 1845 accipio,
733 1806 772 1832 ut
796 1798 985 1833 vernacule
1011 1798 1128 1844 possis
1152 1797 1259 1831 simili
1287 1796 1394 1830 modo
1423 1797 1596 1830 reddere:

75 1850 244 1896 Corydon
261 1851 313 1884 ist
331 1850 425 1882 mein
445 1850 588 1882 Manu!
626 1847 684 1881 Sic
699 1847 806 1880 etiam
828 1845 1031 1891 effugiemus
1049 1845 1295 1879 necessitatem
1322 1843 1491 1888 ellipseos
1519 1850 1598 1877 sta-

73 1897 237 1931 tuendae.
267 1896 339 1931 vid.
361 1899 459 1930 Serv.
476 1896 615 1929 Nomen
634 1900 751 1928 autem
768 1893 964 1939 Corydonis
982 1905 1060 1927 cum
1077 1893 1113 1926 vi
1131 1892 1343 1939 repetitum,
1366 1897 1408 1924 ut
1429 1903 1537 1937 supra
1553 1892 1598 1934 Π,

74 1945 154 1982 69.:
179 1943 286 1988 „Ah,
311 1943 500 1989 Corydon,
524 1942 712 1988 Corydon,
738 1953 828 1987 quae
847 1947 885 1974 te
900 1940 1079 1975 dementia
1096 1940 1244 1986 cepit!“
1274 1938 1371 1983 Wr.)

133 2053 206 2095 70.
262 2052 330 2090 Ex
364 2050 436 2101 illo
474 2049 520 2088 C.
532 2064 550 2097 ,-
605 2047 806 2100 accipien-
863 2059 916 2086 ne
945 2052 1007 2085 est
1043 2059 1198 2086 versus.
1253 2044 1337 2085 vid.
1364 2045 1459 2084 Var.
1487 2045 1596 2084 Lect.

76 2110 195 2150 dum:
224 2121 277 2148 ex
294 2122 342 2147 eo
358 2114 542 2161 tempore
561 2107 694 2146 animo
715 2116 806 2144 meo
864 2105 1078 2154 Quantum
1129 2109 1311 2156 praestat
1360 2102 1598 2142 Theocrite÷

77 2167 271 2220 Corydon
302 2166 447 2206 nobilis
475 2165 544 2204 ille
573 2171 615 2203 et
644 2170 807 2218 praeter
862 2177 955 2212 um,
985 2162 1103 2215 IdylL
1122 2161 1233 2212 vm,
1260 2164 1316 2204 92
1347 2157 1443 2215 Κῆκ
1468 2158 1600 2203 τούτω

78 2239 217 2266 omnes
259 2224 458 2264 excellens
502 2229 627 2262 cantu
667 2228 808 2275 pastor
865 2218 1034 2273 Δάφνις
1078 2217 1189 2275 παραὶ
1235 2218 1401 2274 ποιμέσι
1445 2222 1600 2275 πρᾶτος

76 2284 264 2324 habetur.
338 2282 420 2322 Sed
454 2280 644 2334 indignus
670 2279 811 2320 Maro-
866 2278 1017 2334 ἔγεντο.
