1768 3320
319 198 422 246 An
466 195 840 274 CARMINA
884 198 1303 251 BucoLloA
1495 211 1562 259 49

40 321 161 372 lisse
183 320 411 385 videtur,
429 321 525 372 ubi
546 320 746 373 deinde
766 339 867 390 per
887 332 1099 390 septem
1120 343 1290 376 annos
1306 330 1563 396 Georgica

40 391 259 460 scripsit.
327 394 520 444 Donat.
540 392 588 459 §.
608 396 690 445 40.
725 395 918 458 Georg.
951 396 1038 446 IV.
1074 404 1199 448 extr.
1273 397 1384 447 Sed
1416 410 1565 451 ante-

41 476 205 529 quam
235 460 360 512 illuc
406 461 599 527 abiret,
646 462 762 512 sine
793 462 961 513 dubio
998 464 1222 516 ineunte
1261 483 1414 531 vere,
1462 471 1566 520 Fe-

38 531 256 582 bruario
279 541 531 596 exeunte,
568 540 658 582 aut
681 532 903 584 ineunte
925 535 1118 585 Martio
1132 576 1146 599 ,
1183 533 1311 585 fecit
1324 536 1433 590 Eel.
1453 541 1566 592 VII.

38 604 178 653 Nam
216 617 388 668 quum
432 601 735 652 Meliboeus
783 604 1016 654 carmina
1046 604 1246 656 referat
1287 615 1567 674 pastorum

40 670 107 722 ad
132 671 453 722 Mincium
489 689 561 724 vs,
590 678 685 737 13„
722 683 1146 725 consentaneum
1174 684 1253 726 est
1272 716 1286 740 ,
1330 686 1566 743 poetam,

42 758 214 809 quum
244 740 352 791 hoc
373 758 591 792 carmen
620 743 912 811 pangebat,
950 744 1127 796 adhuc
1151 754 1420 796 versatum
1452 765 1566 798 esse

40 812 97 862 in
125 809 288 862 Gallia
315 811 590 879 Cisalpina.

656 952 813 1017 (Ecl.
858 955 954 1019 Χ.)

571 1049 666 1098 AO.
710 1051 828 1098 716.
864 1048 927 1098 U.
966 1047 1021 1097 C.

175 1161 291 1210 Iam
319 1159 479 1225 igitur
500 1161 725 1229 Neapoli
748 1160 1009 1228 Virgilius,
1077 1163 1333 1213 Invitatus
1362 1180 1390 1213 a
1419 1167 1566 1214 Mae-

41 1238 228 1279 cenate
261 1228 330 1280 ad
365 1231 622 1297 Georgica
657 1249 716 1284 se
745 1232 993 1297 contulit,
1029 1249 1167 1300 quae
1203 1250 1282 1286 ao,
1318 1239 1436 1288 723.
1474 1234 1566 1284 ab-

38 1298 207 1352 solvit.

174 1371 430 1421 Extremo
456 1386 597 1420 anno
619 1377 736 1423 716.
773 1371 1005 1438 Agrippa
1035 1371 1227 1421 missus
1254 1372 1310 1421 in
1344 1372 1567 1423 Galliam

38 1438 306 1489 secundus
358 1442 735 1491 Romanorum
776 1441 1035 1493 Rhenum
1083 1450 1437 1506 transgressus
1471 1451 1565 1507 est,

40 1508 288 1577 adeoque
317 1507 545 1561 feliciter
568 1512 847 1578 pugnavit,
882 1520 945 1561 ut
967 1527 1094 1561 vere
1119 1512 1342 1562 ineunte
1373 1527 1566 1578 magna

38 1579 258 1629 victoria
294 1578 363 1629 de
396 1581 673 1647 Aquitanis
707 1590 979 1648 reportata
1012 1583 1247 1632 Romam
1282 1582 1567 1632 nunciare-

38 1658 140 1701 tur.
174 1651 239 1700 In
266 1649 380 1699 eius
404 1651 636 1701 exercitu
660 1651 891 1701 militem
911 1650 1188 1718 quendam
1209 1660 1433 1718 sequuta
1455 1660 1567 1702 erat

36 1719 277 1784 LycoriS,
317 1719 552 1771 Cornelii
579 1720 711 1771 Galli
743 1722 911 1771 amica
928 1762 941 1783 ‚
981 1720 1050 1771 de
1073 1738 1176 1788 qua
1201 1737 1299 1771 suo
1322 1719 1459 1772 loc0.

180 1932 442 1995 (Primam
458 1934 728 2000 Eclogam,
764 1943 1054 2002 postquam
1076 1935 1131 1984 in
1150 1951 1324 1984 unum
1345 1934 1565 1985 collecta

40 2009 165 2050 sunt
190 2002 393 2068 Virgilii
421 2003 692 2069 bucolica,
739 2021 870 2055 aevo
912 2005 1019 2054 iam
1044 2004 1334 2069 Virgiliano
1375 2005 1564 2055 ceteris

39 2072 387 2137 praemissam
406 2070 594 2139 fuisse,
631 2074 759 2124 inde
784 2074 997 2125 videtur
1017 2091 1290 2141 apparere,
1327 2074 1478 2142 quod
1498 2074 1564 2124 ab

39 2139 140 2190 hac
166 2150 345 2192 totum
379 2142 667 2195 bucolicon
696 2144 941 2195 libellum
972 2143 1231 2210 significat
1261 2153 1423 2211 poeta
1447 2143 1564 2195 sere

42 2212 279 2278 aequalis
298 2212 543 2279 Virgilio,
583 2214 832 2279 Ovidius,
867 2217 1051 2266 Amor.
1072 2217 1112 2278 I,
1153 2217 1233 2278 15,
1269 2217 1375 2267 25:
1411 2215 1565 2279 „Ti—

40 2289 226 2345 tyrus
266 2291 319 2332 et
340 2293 546 2348 segetes
566 2285 877 2352 Aeneiaque
906 2301 1050 2334 arma
1068 2283 1328 2349 legentur.
1340 2290 1370 2314 “
1417 2286 1565 2336 Con-

42 2359 141 2400 stat
161 2360 368 2417 autem,
412 2354 486 2404 sic
511 2354 686 2405 solere
711 2354 776 2404 ab
800 2354 1027 2404 exordiis
1059 2363 1203 2404 totos
1225 2353 1392 2404 libros
1423 2354 1563 2405 desi-

41 2421 190 2485 gnari
211 2439 239 2471 a
258 2422 449 2488 poetiS.
521 2424 632 2475 Sed
661 2423 794 2492 quid
817 2424 1074 2475 Ovidium
1102 2424 1321 2474 citamus
1353 2433 1563 2489 testem,

43 2507 215 2557 quum
243 2502 457 2558 praesto
498 2495 564 2544 sit
591 2495 706 2562 ipse
737 2494 1007 2559 Virgilius,
1062 2497 1255 2559 Georg.
1286 2496 1362 2547 IV
1363 2536 1374 2546 .
1413 2504 1564 2546 extr.:

43 2561 343 2625 „Tityre‚
378 2572 432 2613 te
458 2564 667 2631 patulae
692 2565 859 2615 cecini
884 2565 984 2614 sub
1006 2565 1243 2630 tegmine
1264 2562 1424 2629 fagi.“
1494 2567 1564 2614 At

45 2646 140 2678 cur
155 2629 558 2700 hancEclogam
577 2635 810 2702 primam
827 2634 949 2684 loco
971 2651 1085 2684 esse
1105 2633 1279 2698 veHet,
1300 2634 1421 2682 satis
1440 2632 1562 2682 ido-

43 2714 179 2748 neae
208 2698 431 2753 fuerunt
458 2721 664 2756 causae:
709 2721 891 2771 neque
927 2705 1072 2754 enim
1110 2704 1206 2753 alia
1239 2720 1410 2770 aeque
1443 2711 1563 2769 apta

46 2776 158 2817 erat
189 2769 257 2818 ad
286 2771 644 2825 exhibendam
671 2775 726 2823 in
750 2775 866 2841 ipso
903 2774 1147 2824 carminis
1176 2774 1417 2838 ingressu
1445 2787 1563 2835 gra-

43 2846 155 2886 tam
173 2838 308 2888 vitae
328 2845 630 2907 pastoritiae
659 2845 972 2909 imaginem,
1019 2853 1072 2894 et
1098 2860 1267 2911 quum
1289 2840 1562 2892 Octaviani

43 2905 377 2958 beneficium
408 2930 509 2979 per
538 2931 658 2965 eam
687 2913 1110 2982 praedicandum
1142 2913 1243 2963 sibi
1273 2911 1560 2974 sumsisset,

113 2989 321 3037 Vmon„
369 2997 510 3046 ToM.
546 2997 584 3046 I.
1249 2996 1284 3039 4
