<?xml version="1.0" encoding="UTF-8"?>
<!DOCTYPE html PUBLIC "-//W3C//DTD XHTML 1.0 Transitional//EN"
    "http://www.w3.org/TR/xhtml1/DTD/xhtml1-transitional.dtd">
<html xmlns="http://www.w3.org/1999/xhtml" xml:lang="en" lang="en">
 <head>
  <title>
</title>
<meta http-equiv="Content-Type" content="text/html;charset=utf-8" />
  <meta name='ocr-system' content='tesseract 3.04.00' />
  <meta name='ocr-capabilities' content='ocr_page ocr_carea ocr_par ocr_line ocrx_word'/>
</head>
<body>
  <div class='ocr_page' id='page_1' title='image "./publiusvirgilius01virguoft/publiusvirgilius01virguoft_0627.png"; bbox 0 0 1734 3320; ppageno 0'>
   <div class='ocr_carea' id='block_1_1' title="bbox 271 240 1585 336">
    <p class='ocr_par' dir='ltr' id='par_1_1' title="bbox 271 240 1585 336">
     <span class='ocr_line' id='line_1_1' title="bbox 271 240 1585 336; baseline -0.001 -18"><span class='ocrx_word' id='word_1_1' title='bbox 271 240 759 336; x_wconf 75' lang='lat' dir='ltr'><strong>GEORGmoN</strong></span> <span class='ocrx_word' id='word_1_2' title='bbox 795 263 937 315; x_wconf 85' lang='lat' dir='ltr'><strong>LIB.</strong></span> <span class='ocrx_word' id='word_1_3' title='bbox 973 263 1040 327; x_wconf 88' lang='lat'><strong>11,</strong></span> <span class='ocrx_word' id='word_1_4' title='bbox 1077 267 1372 316; x_wconf 82' lang='lat'>346—355</span> <span class='ocrx_word' id='word_1_5' title='bbox 1484 267 1585 318; x_wconf 85' lang='lat'><strong>457</strong></span> 
     </span>
    </p>
   </div>
   <div class='ocr_carea' id='block_1_2' title="bbox 60 388 1467 671">
    <p class='ocr_par' dir='ltr' id='par_1_2' title="bbox 60 388 1424 460">
     <span class='ocr_line' id='line_1_2' title="bbox 60 388 1424 460; baseline -0.007 -14"><span class='ocrx_word' id='word_1_6' title='bbox 60 396 399 460; x_wconf 68' lang='lat' dir='ltr'><strong>Urguerent:</strong></span> <span class='ocrx_word' id='word_1_7' title='bbox 422 392 531 443; x_wconf 87' lang='lat' dir='ltr'><strong>hoc</strong></span> <span class='ocrx_word' id='word_1_8' title='bbox 556 389 760 443; x_wconf 81' lang='lat' dir='ltr'><strong>effusos</strong></span> <span class='ocrx_word' id='word_1_9' title='bbox 782 389 1069 440; x_wconf 90' lang='lat' dir='ltr'><strong>munimen</strong></span> <span class='ocrx_word' id='word_1_10' title='bbox 1091 388 1158 438; x_wconf 86' lang='lat' dir='ltr'><strong>ad</strong></span> <span class='ocrx_word' id='word_1_11' title='bbox 1179 389 1393 453; x_wconf 88' lang='lat' dir='ltr'><strong>imbris;</strong></span> <span class='ocrx_word' id='word_1_12' title='bbox 1420 411 1424 418; x_wconf 92' lang='lat'>·</span> 
     </span>
    </p>

    <p class='ocr_par' dir='ltr' id='par_1_3' title="bbox 61 457 1467 602">
     <span class='ocr_line' id='line_1_3' title="bbox 61 457 1376 528; baseline -0.003 -13"><span class='ocrx_word' id='word_1_13' title='bbox 61 467 206 528; x_wconf 82' lang='lat' dir='ltr'><strong>Hoc,</strong></span> <span class='ocrx_word' id='word_1_14' title='bbox 220 462 335 515; x_wconf 61' lang='lat' dir='ltr'><strong>„ubi</strong></span> <span class='ocrx_word' id='word_1_15' title='bbox 356 461 531 513; x_wconf 87' lang='lat' dir='ltr'><strong>hiulca</strong></span> <span class='ocrx_word' id='word_1_16' title='bbox 554 461 639 511; x_wconf 91' lang='lat' dir='ltr'><strong>siti</strong></span> <span class='ocrx_word' id='word_1_17' title='bbox 657 459 817 510; x_wconf 87' lang='lat' dir='ltr'><strong>findit</strong></span> <span class='ocrx_word' id='word_1_18' title='bbox 842 460 984 509; x_wconf 86' lang='lat' dir='ltr'><strong>canis</strong></span> <span class='ocrx_word' id='word_1_19' title='bbox 1007 457 1222 509; x_wconf 84' lang='lat' dir='ltr'><strong>aestifer</strong></span> <span class='ocrx_word' id='word_1_20' title='bbox 1239 476 1376 511; x_wconf 84' lang='lat' dir='ltr'><strong>arva.</strong></span> 
     </span>
     <span class='ocr_line' id='line_1_4' title="bbox 137 527 1467 602; baseline -0.004 -18"><span class='ocrx_word' id='word_1_21' title='bbox 137 532 444 602; x_wconf 78' lang='lat' dir='ltr'><strong>Seminibus</strong></span> <span class='ocrx_word' id='word_1_22' title='bbox 465 532 676 601; x_wconf 67' lang='lat' dir='ltr'><strong>positiS,</strong></span> <span class='ocrx_word' id='word_1_23' title='bbox 713 539 959 598; x_wconf 74' lang='lat' dir='ltr'><strong>superest</strong></span> <span class='ocrx_word' id='word_1_24' title='bbox 982 527 1240 580; x_wconf 86' lang='lat' dir='ltr'><strong>diducere</strong></span> <span class='ocrx_word' id='word_1_25' title='bbox 1263 537 1467 579; x_wconf 86' lang='lat' dir='ltr'><strong>terram</strong></span> 
     </span>
    </p>

    <p class='ocr_par' dir='ltr' id='par_1_4' title="bbox 67 597 1370 671">
     <span class='ocr_line' id='line_1_5' title="bbox 67 597 1370 671; baseline -0.006 -15"><span class='ocrx_word' id='word_1_26' title='bbox 67 597 295 671; x_wconf 67' lang='lat' dir='ltr'><strong>Saepius.</strong></span> <span class='ocrx_word' id='word_1_27' title='bbox 309 602 379 654; x_wconf 92' lang='lat' dir='ltr'><strong>ad</strong></span> <span class='ocrx_word' id='word_1_28' title='bbox 399 603 593 670; x_wconf 74' lang='lat' dir='ltr'><strong>capita,</strong></span> <span class='ocrx_word' id='word_1_29' title='bbox 632 610 686 652; x_wconf 87' lang='lat' dir='ltr'><strong>et</strong></span> <span class='ocrx_word' id='word_1_30' title='bbox 709 600 874 651; x_wconf 91' lang='lat' dir='ltr'><strong>duros</strong></span> <span class='ocrx_word' id='word_1_31' title='bbox 897 600 1090 650; x_wconf 84' lang='lat' dir='ltr'><strong>iactare</strong></span> <span class='ocrx_word' id='word_1_32' title='bbox 1109 598 1370 664; x_wconf 81' lang='lat' dir='ltr'><strong>bidentis,</strong></span> 
     </span>
    </p>
   </div>
   <div class='ocr_carea' id='block_1_3' title="bbox 135 697 1080 769">
    <p class='ocr_par' dir='ltr' id='par_1_5' title="bbox 135 697 1080 774">
     <span class='ocr_line' id='line_1_6' title="bbox 135 697 1080 769; baseline -0.008 -19"><span class='ocrx_word' id='word_1_33' title='bbox 135 699 251 762; x_wconf 85' lang='lat'><strong>354</strong></span> <span class='ocrx_word' id='word_1_34' title='bbox 286 711 564 769; x_wconf 64' lang='lat' dir='ltr'><strong>DEDUCERE</strong></span> <span class='ocrx_word' id='word_1_35' title='bbox 658 697 775 748; x_wconf 78' lang='lat'><strong>355.</strong></span> <span class='ocrx_word' id='word_1_36' title='bbox 810 707 1080 756; x_wconf 76' lang='lat' dir='ltr'><strong>BlnENT1s3</strong></span> 
     </span>
    </p>
   </div>
   <div class='ocr_carea' id='block_1_4' title="bbox 1488 601 1591 652">
    <p class='ocr_par' dir='ltr' id='par_1_6' title="bbox 1488 601 1591 652">
     <span class='ocr_line' id='line_1_7' title="bbox 1488 601 1591 652; baseline 0.01 -1"><span class='ocrx_word' id='word_1_37' title='bbox 1488 601 1591 652; x_wconf 77' lang='lat'><strong>355</strong></span> 
     </span>
    </p>
   </div>
   <div class='ocr_carea' id='block_1_5' title="bbox 24 820 1595 1534">
    <p class='ocr_par' dir='ltr' id='par_1_7' title="bbox 24 820 1595 1534">
     <span class='ocr_line' id='line_1_8' title="bbox 96 820 1594 871; baseline -0.005 -10"><span class='ocrx_word' id='word_1_38' title='bbox 96 824 184 862; x_wconf 65' lang='grc'><strong>852</strong></span> <span class='ocrx_word' id='word_1_39' title='bbox 208 832 245 858; x_wconf 77' lang='lat' dir='ltr'><strong>et</strong></span> <span class='ocrx_word' id='word_1_40' title='bbox 256 823 374 871; x_wconf 82' lang='lat' dir='ltr'><strong>susos</strong></span> <span class='ocrx_word' id='word_1_41' title='bbox 398 823 493 858; x_wconf 84' lang='lat' dir='ltr'><strong>idem</strong></span> <span class='ocrx_word' id='word_1_42' title='bbox 518 824 641 858; x_wconf 85' lang='lat' dir='ltr'><strong>codex.</strong></span> <span class='ocrx_word' id='word_1_43' title='bbox 691 824 750 858; x_wconf 79' lang='lat' dir='ltr'><strong>hic</strong></span> <span class='ocrx_word' id='word_1_44' title='bbox 771 822 910 870; x_wconf 73' lang='lat' dir='ltr'><strong>effusos</strong></span> <span class='ocrx_word' id='word_1_45' title='bbox 935 823 1026 856; x_wconf 87' lang='lat' dir='ltr'><strong>Ven.</strong></span> <span class='ocrx_word' id='word_1_46' title='bbox 1075 820 1230 867; x_wconf 81' lang='lat' dir='ltr'><strong>effossos</strong></span> <span class='ocrx_word' id='word_1_47' title='bbox 1251 820 1348 855; x_wconf 89' lang='lat' dir='ltr'><strong>Tou.</strong></span> <span class='ocrx_word' id='word_1_48' title='bbox 1395 820 1594 855; x_wconf 81' lang='lat' dir='ltr'><strong>munimine</strong></span> 
     </span>
     <span class='ocr_line' id='line_1_9' title="bbox 24 867 1592 918; baseline -0.004 -12"><span class='ocrx_word' id='word_1_49' title='bbox 24 907 26 910; x_wconf 72' lang='grc'>,</span> <span class='ocrx_word' id='word_1_50' title='bbox 66 876 154 906; x_wconf 78' lang='lat' dir='ltr'><strong>unus</strong></span> <span class='ocrx_word' id='word_1_51' title='bbox 185 871 303 906; x_wconf 80' lang='lat' dir='ltr'><strong>Mead.</strong></span> <span class='ocrx_word' id='word_1_52' title='bbox 340 870 496 918; x_wconf 87' lang='lat' dir='ltr'><strong>(imbres</strong></span> <span class='ocrx_word' id='word_1_53' title='bbox 519 871 648 906; x_wconf 85' lang='lat' dir='ltr'><strong>Medic.</strong></span> <span class='ocrx_word' id='word_1_54' title='bbox 687 870 783 914; x_wconf 81' lang='lat' dir='ltr'><strong>Wr.)</strong></span> <span class='ocrx_word' id='word_1_55' title='bbox 885 869 957 906; x_wconf 84' lang='lat'><strong>353</strong></span> <span class='ocrx_word' id='word_1_56' title='bbox 979 873 1104 914; x_wconf 76' lang='lat' dir='ltr'><strong>Atque</strong></span> <span class='ocrx_word' id='word_1_57' title='bbox 1133 867 1194 903; x_wconf 89' lang='lat' dir='ltr'><strong>ubi</strong></span> <span class='ocrx_word' id='word_1_58' title='bbox 1221 870 1328 903; x_wconf 83' lang='lat' dir='ltr'><strong>Voss.</strong></span> <span class='ocrx_word' id='word_1_59' title='bbox 1358 880 1413 914; x_wconf 90' lang='lat' dir='ltr'><strong>pr.</strong></span> <span class='ocrx_word' id='word_1_60' title='bbox 1443 874 1477 901; x_wconf 89' lang='lat' dir='ltr'><strong>et</strong></span> <span class='ocrx_word' id='word_1_61' title='bbox 1504 879 1592 901; x_wconf 83' lang='lat' dir='ltr'><strong>unus</strong></span> 
     </span>
     <span class='ocr_line' id='line_1_10' title="bbox 65 914 1592 961; baseline -0.003 -8"><span class='ocrx_word' id='word_1_62' title='bbox 65 919 182 953; x_wconf 87' lang='lat' dir='ltr'><strong>Mead.</strong></span> <span class='ocrx_word' id='word_1_63' title='bbox 229 921 310 955; x_wconf 77' lang='lat' dir='ltr'><strong>Aut</strong></span> <span class='ocrx_word' id='word_1_64' title='bbox 340 918 402 953; x_wconf 85' lang='lat' dir='ltr'><strong>ubi</strong></span> <span class='ocrx_word' id='word_1_65' title='bbox 428 919 545 952; x_wconf 88' lang='lat' dir='ltr'><strong>Lutat.</strong></span> <span class='ocrx_word' id='word_1_66' title='bbox 575 919 621 952; x_wconf 90' lang='lat' dir='ltr'><strong>ad</strong></span> <span class='ocrx_word' id='word_1_67' title='bbox 650 921 742 953; x_wconf 83' lang='lat' dir='ltr'><strong>Stat.</strong></span> <span class='ocrx_word' id='word_1_68' title='bbox 768 917 885 951; x_wconf 91' lang='lat' dir='ltr'><strong>Theb.</strong></span> <span class='ocrx_word' id='word_1_69' title='bbox 914 918 976 958; x_wconf 83' lang='lat' dir='ltr'><strong>lv,</strong></span> <span class='ocrx_word' id='word_1_70' title='bbox 1013 917 1096 952; x_wconf 83' lang='lat'><strong>708.</strong></span> <span class='ocrx_word' id='word_1_71' title='bbox 1118 916 1240 961; x_wconf 78' lang='lat' dir='ltr'><strong>findit</strong></span> <span class='ocrx_word' id='word_1_72' title='bbox 1266 916 1339 950; x_wconf 86' lang='lat' dir='ltr'><strong>Erf.</strong></span> <span class='ocrx_word' id='word_1_73' title='bbox 1383 914 1521 950; x_wconf 76' lang='lat' dir='ltr'><strong>scindit</strong></span> <span class='ocrx_word' id='word_1_74' title='bbox 1536 914 1592 948; x_wconf 90' lang='lat' dir='ltr'><strong>ed.</strong></span> 
     </span>
     <span class='ocr_line' id='line_1_11' title="bbox 66 961 1594 1012; baseline -0.003 -12"><span class='ocrx_word' id='word_1_75' title='bbox 66 966 214 1000; x_wconf 88' lang='lat' dir='ltr'><strong>Mediol.</strong></span> <span class='ocrx_word' id='word_1_76' title='bbox 240 967 293 1012; x_wconf 86' lang='lat' dir='ltr'><strong>(In</strong></span> <span class='ocrx_word' id='word_1_77' title='bbox 309 966 439 1000; x_wconf 83' lang='lat' dir='ltr'><strong>Medic.</strong></span> <span class='ocrx_word' id='word_1_78' title='bbox 460 978 527 1011; x_wconf 88' lang='lat' dir='ltr'><strong>pro</strong></span> <span class='ocrx_word' id='word_1_79' title='bbox 545 965 671 999; x_wconf 78' lang='lat' dir='ltr'><strong>hiulca</strong></span> <span class='ocrx_word' id='word_1_80' title='bbox 687 964 837 1010; x_wconf 89' lang='lat' dir='ltr'><strong>primum</strong></span> <span class='ocrx_word' id='word_1_81' title='bbox 856 964 1025 1009; x_wconf 81' lang='lat' dir='ltr'><strong>scriptum</strong></span> <span class='ocrx_word' id='word_1_82' title='bbox 1043 963 1162 997; x_wconf 84' lang='lat' dir='ltr'><strong>fuerat</strong></span> <span class='ocrx_word' id='word_1_83' title='bbox 1185 963 1295 998; x_wconf 73' lang='lat' dir='ltr'><strong>evica.</strong></span> <span class='ocrx_word' id='word_1_84' title='bbox 1327 964 1384 998; x_wconf 94' lang='lat' dir='ltr'><em>W</em></span> <span class='ocrx_word' id='word_1_85' title='bbox 1378 962 1427 1006; x_wconf 84' lang='lat' dir='ltr'><strong>r.)</strong></span> <span class='ocrx_word' id='word_1_86' title='bbox 1521 961 1594 998; x_wconf 82' lang='lat'><strong>354</strong></span> 
     </span>
     <span class='ocr_line' id='line_1_12' title="bbox 67 1009 1593 1060; baseline -0.003 -13"><span class='ocrx_word' id='word_1_87' title='bbox 67 1025 237 1060; x_wconf 82' lang='lat' dir='ltr'><strong>superem</strong></span> <span class='ocrx_word' id='word_1_88' title='bbox 259 1013 381 1047; x_wconf 86' lang='lat' dir='ltr'><strong>eadem</strong></span> <span class='ocrx_word' id='word_1_89' title='bbox 409 1013 464 1046; x_wconf 90' lang='lat' dir='ltr'><strong>ed.</strong></span> <span class='ocrx_word' id='word_1_90' title='bbox 482 1012 628 1047; x_wconf 90' lang='lat' dir='ltr'><strong>Mediol.</strong></span> <span class='ocrx_word' id='word_1_91' title='bbox 677 1013 832 1046; x_wconf 82' lang='lat' dir='ltr'><strong>educere</strong></span> <span class='ocrx_word' id='word_1_92' title='bbox 850 1010 985 1045; x_wconf 88' lang='lat' dir='ltr'><strong>Pierius</strong></span> <span class='ocrx_word' id='word_1_93' title='bbox 1017 1022 1060 1044; x_wconf 82' lang='lat' dir='ltr'><strong>ex</strong></span> <span class='ocrx_word' id='word_1_94' title='bbox 1076 1010 1213 1055; x_wconf 86' lang='lat' dir='ltr'><strong>aliquot</strong></span> <span class='ocrx_word' id='word_1_95' title='bbox 1232 1016 1319 1044; x_wconf 86' lang='lat' dir='ltr'><strong>vett.</strong></span> <span class='ocrx_word' id='word_1_96' title='bbox 1348 1009 1483 1043; x_wconf 85' lang='lat' dir='ltr'><strong>laudat.</strong></span> <span class='ocrx_word' id='word_1_97' title='bbox 1532 1009 1593 1042; x_wconf 89' lang='lat' dir='ltr'><strong>di-</strong></span> 
     </span>
     <span class='ocr_line' id='line_1_13' title="bbox 69 1055 1592 1106; baseline -0.004 -11"><span class='ocrx_word' id='word_1_98' title='bbox 69 1060 206 1095; x_wconf 75' lang='lat' dir='ltr'><strong>ducere</strong></span> <span class='ocrx_word' id='word_1_99' title='bbox 225 1066 377 1106; x_wconf 79' lang='lat' dir='ltr'><strong>quatuor</strong></span> <span class='ocrx_word' id='word_1_100' title='bbox 397 1060 491 1106; x_wconf 84' lang='lat' dir='ltr'><strong>apud</strong></span> <span class='ocrx_word' id='word_1_101' title='bbox 511 1061 699 1093; x_wconf 89' lang='lat' dir='ltr'><strong>Burmann.</strong></span> <span class='ocrx_word' id='word_1_102' title='bbox 747 1058 804 1092; x_wconf 88' lang='lat' dir='ltr'><strong>Sic</strong></span> <span class='ocrx_word' id='word_1_103' title='bbox 821 1059 1023 1098; x_wconf 84' lang='lat' dir='ltr'><strong>Romanus;</strong></span> <span class='ocrx_word' id='word_1_104' title='bbox 1052 1064 1087 1090; x_wconf 86' lang='lat' dir='ltr'><strong>et</strong></span> <span class='ocrx_word' id='word_1_105' title='bbox 1107 1057 1251 1091; x_wconf 79' lang='lat' dir='ltr'><strong>defendi</strong></span> <span class='ocrx_word' id='word_1_106' title='bbox 1270 1057 1361 1090; x_wconf 91' lang='lat' dir='ltr'><strong>illud</strong></span> <span class='ocrx_word' id='word_1_107' title='bbox 1377 1055 1513 1102; x_wconf 81' lang='lat' dir='ltr'><strong>possit:</strong></span> <span class='ocrx_word' id='word_1_108' title='bbox 1540 1057 1592 1089; x_wconf 87' lang='lat' dir='ltr'><strong>Ut</strong></span> 
     </span>
     <span class='ocr_line' id='line_1_14' title="bbox 67 1104 1594 1151; baseline -0.003 -10"><span class='ocrx_word' id='word_1_109' title='bbox 67 1113 171 1142; x_wconf 83' lang='lat' dir='ltr'><strong>terra·</strong></span> <span class='ocrx_word' id='word_1_110' title='bbox 184 1107 231 1141; x_wconf 82' lang='lat' dir='ltr'><strong>ad</strong></span> <span class='ocrx_word' id='word_1_111' title='bbox 248 1106 451 1141; x_wconf 83' lang='lat' dir='ltr'><strong>malleolum</strong></span> <span class='ocrx_word' id='word_1_112' title='bbox 466 1107 622 1151; x_wconf 87' lang='lat' dir='ltr'><strong>positum</strong></span> <span class='ocrx_word' id='word_1_113' title='bbox 641 1113 821 1151; x_wconf 85' lang='lat' dir='ltr'><strong>aequetur.</strong></span> <span class='ocrx_word' id='word_1_114' title='bbox 865 1105 1053 1151; x_wconf 82' lang='lat' dir='ltr'><strong>(diducere</strong></span> <span class='ocrx_word' id='word_1_115' title='bbox 1081 1104 1186 1138; x_wconf 84' lang='lat' dir='ltr'><strong>etiam</strong></span> <span class='ocrx_word' id='word_1_116' title='bbox 1202 1104 1236 1140; x_wconf 82' lang='lat'><strong>3.</strong></span> <span class='ocrx_word' id='word_1_117' title='bbox 1253 1104 1287 1140; x_wconf 87' lang='grc'><strong>4.</strong></span> <span class='ocrx_word' id='word_1_118' title='bbox 1306 1106 1354 1146; x_wconf 90' lang='grc'><strong>7.,</strong></span> <span class='ocrx_word' id='word_1_119' title='bbox 1379 1104 1477 1150; x_wconf 90' lang='lat' dir='ltr'><strong>quod</strong></span> <span class='ocrx_word' id='word_1_120' title='bbox 1494 1104 1594 1137; x_wconf 84' lang='lat' dir='ltr'><strong>Vos-</strong></span> 
     </span>
     <span class='ocr_line' id='line_1_15' title="bbox 69 1150 1594 1200; baseline -0.003 -12"><span class='ocrx_word' id='word_1_121' title='bbox 69 1154 140 1194; x_wconf 82' lang='lat' dir='ltr'><strong>sius</strong></span> <span class='ocrx_word' id='word_1_122' title='bbox 181 1156 329 1200; x_wconf 78' lang='lat' dir='ltr'><strong>eumqu&#39;e</strong></span> <span class='ocrx_word' id='word_1_123' title='bbox 373 1160 513 1188; x_wconf 87' lang='lat' dir='ltr'><strong>secutus</strong></span> <span class='ocrx_word' id='word_1_124' title='bbox 546 1153 689 1187; x_wconf 75' lang='lat' dir='ltr'><strong>Iahnius</strong></span> <span class='ocrx_word' id='word_1_125' title='bbox 730 1157 983 1198; x_wconf 79' lang='lat' dir='ltr'><strong>reposuerunt3</strong></span> <span class='ocrx_word' id='word_1_126' title='bbox 1036 1159 1153 1194; x_wconf 83' lang='lat' dir='ltr'><strong>recte,</strong></span> <span class='ocrx_word' id='word_1_127' title='bbox 1199 1157 1239 1184; x_wconf 89' lang='lat' dir='ltr'><strong>ut</strong></span> <span class='ocrx_word' id='word_1_128' title='bbox 1279 1151 1432 1185; x_wconf 85' lang='lat' dir='ltr'><strong>videtur.</strong></span> <span class='ocrx_word' id='word_1_129' title='bbox 1487 1150 1594 1183; x_wconf 88' lang='lat' dir='ltr'><strong>Unde</strong></span> 
     </span>
     <span class='ocr_line' id='line_1_16' title="bbox 69 1197 1595 1256; baseline -0.003 -21"><span class='ocrx_word' id='word_1_130' title='bbox 69 1197 331 1256; x_wconf 61' lang='lat' dir='ltr'><strong>deducatqr</strong></span> <span class='ocrx_word' id='word_1_131' title='bbox 359 1208 476 1244; x_wconf 86' lang='lat' dir='ltr'><strong>terra,</strong></span> <span class='ocrx_word' id='word_1_132' title='bbox 509 1200 639 1234; x_wconf 84' lang='lat' dir='ltr'><strong>frustra</strong></span> <span class='ocrx_word' id='word_1_133' title='bbox 670 1211 839 1246; x_wconf 53' lang='lat' dir='ltr'><strong>quaeram</strong></span> <span class='ocrx_word' id='word_1_134' title='bbox 874 1199 938 1233; x_wconf 92' lang='lat' dir='ltr'><strong>sed</strong></span> <span class='ocrx_word' id='word_1_135' title='bbox 974 1198 1236 1239; x_wconf 84' lang='lat' dir='ltr'><strong>diducitur,</strong></span> <span class='ocrx_word' id='word_1_136' title='bbox 1271 1197 1295 1232; x_wconf 90' lang='lat' dir='ltr'><strong>i.</strong></span> <span class='ocrx_word' id='word_1_137' title='bbox 1329 1210 1359 1232; x_wconf 89' lang='lat' dir='ltr'><strong>e.</strong></span> <span class='ocrx_word' id='word_1_138' title='bbox 1389 1197 1595 1231; x_wconf 84' lang='lat' dir='ltr'><strong>diminuitur</strong></span> 
     </span>
     <span class='ocr_line' id='line_1_17' title="bbox 69 1242 1594 1294; baseline -0.003 -12"><span class='ocrx_word' id='word_1_139' title='bbox 69 1242 189 1285; x_wconf 65' lang='lat' dir='ltr'><strong>fractis</strong></span> <span class='ocrx_word' id='word_1_140' title='bbox 207 1248 333 1294; x_wconf 77' lang='lat' dir='ltr'><strong>glebis.</strong></span> <span class='ocrx_word' id='word_1_141' title='bbox 382 1250 461 1290; x_wconf 87' lang='lat' dir='ltr'><strong>Qua</strong></span> <span class='ocrx_word' id='word_1_142' title='bbox 489 1247 526 1281; x_wconf 90' lang='lat' dir='ltr'><strong>in</strong></span> <span class='ocrx_word' id='word_1_143' title='bbox 543 1259 582 1281; x_wconf 89' lang='lat' dir='ltr'><strong>re</strong></span> <span class='ocrx_word' id='word_1_144' title='bbox 603 1259 709 1293; x_wconf 91' lang='lat' dir='ltr'><strong>quum</strong></span> <span class='ocrx_word' id='word_1_145' title='bbox 729 1246 921 1280; x_wconf 86' lang='lat' dir='ltr'><strong>cavendum</strong></span> <span class='ocrx_word' id='word_1_146' title='bbox 949 1251 1062 1286; x_wconf 85' lang='lat' dir='ltr'><strong>esset,</strong></span> <span class='ocrx_word' id='word_1_147' title='bbox 1095 1257 1141 1279; x_wconf 85' lang='lat' dir='ltr'><strong>ne</strong></span> <span class='ocrx_word' id='word_1_148' title='bbox 1169 1245 1395 1279; x_wconf 84' lang='lat' dir='ltr'><strong>laederentur</strong></span> <span class='ocrx_word' id='word_1_149' title='bbox 1424 1243 1594 1286; x_wconf 86' lang='lat' dir='ltr'><strong>malleoli,</strong></span> 
     </span>
     <span class='ocr_line' id='line_1_18' title="bbox 67 1292 1594 1341; baseline -0.003 -12"><span class='ocrx_word' id='word_1_150' title='bbox 67 1294 213 1340; x_wconf 67' lang='lat' dir='ltr'><strong>vefbtun</strong></span> <span class='ocrx_word' id='word_1_151' title='bbox 242 1295 436 1337; x_wconf 83' lang='lat' dir='ltr'><strong>diducere,</strong></span> <span class='ocrx_word' id='word_1_152' title='bbox 471 1307 492 1328; x_wconf 92' lang='lat' dir='ltr'><strong>a</strong></span> <span class='ocrx_word' id='word_1_153' title='bbox 509 1307 577 1341; x_wconf 92' lang='lat' dir='ltr'><strong>quo</strong></span> <span class='ocrx_word' id='word_1_154' title='bbox 607 1293 719 1328; x_wconf 87' lang='lat' dir='ltr'><strong>omnis</strong></span> <span class='ocrx_word' id='word_1_155' title='bbox 751 1294 855 1327; x_wconf 87' lang='lat' dir='ltr'><strong>abest</strong></span> <span class='ocrx_word' id='word_1_156' title='bbox 880 1292 1072 1327; x_wconf 86' lang='lat' dir='ltr'><strong>violentiae</strong></span> <span class='ocrx_word' id='word_1_157' title='bbox 1095 1292 1217 1334; x_wconf 86' lang='lat' dir='ltr'><strong>notio,</strong></span> <span class='ocrx_word' id='word_1_158' title='bbox 1259 1292 1444 1337; x_wconf 80' lang='lat' dir='ltr'><strong>usurpavit</strong></span> <span class='ocrx_word' id='word_1_159' title='bbox 1472 1297 1594 1338; x_wconf 84' lang='lat' dir='ltr'><strong>poeta.</strong></span> 
     </span>
     <span class='ocr_line' id='line_1_19' title="bbox 70 1339 1595 1385; baseline -0.003 -8"><span class='ocrx_word' id='word_1_160' title='bbox 70 1342 176 1385; x_wconf 90' lang='lat' dir='ltr'><strong>Quod</strong></span> <span class='ocrx_word' id='word_1_161' title='bbox 192 1342 361 1376; x_wconf 84' lang='lat' dir='ltr'><strong>remotius</strong></span> <span class='ocrx_word' id='word_1_162' title='bbox 379 1354 401 1376; x_wconf 88' lang='lat' dir='ltr'><strong>a</strong></span> <span class='ocrx_word' id='word_1_163' title='bbox 415 1341 591 1376; x_wconf 87' lang='lat' dir='ltr'><strong>malleolis</strong></span> <span class='ocrx_word' id='word_1_164' title='bbox 612 1347 688 1375; x_wconf 87' lang='lat' dir='ltr'><strong>erat</strong></span> <span class='ocrx_word' id='word_1_165' title='bbox 705 1340 818 1375; x_wconf 84' lang='lat' dir='ltr'><strong>solum</strong></span> <span class='ocrx_word' id='word_1_166' title='bbox 830 1367 838 1383; x_wconf 93' lang='lat'><strong>,</strong></span> <span class='ocrx_word' id='word_1_167' title='bbox 861 1340 1065 1374; x_wconf 87' lang='lat' dir='ltr'><strong>bidentibus</strong></span> <span class='ocrx_word' id='word_1_168' title='bbox 1086 1346 1148 1374; x_wconf 85' lang='lat' dir='ltr'><strong>aut</strong></span> <span class='ocrx_word' id='word_1_169' title='bbox 1166 1351 1308 1373; x_wconf 88' lang='lat' dir='ltr'><strong>vomere</strong></span> <span class='ocrx_word' id='word_1_170' title='bbox 1330 1339 1595 1373; x_wconf 88' lang='lat' dir='ltr'><strong>comminueba-</strong></span> 
     </span>
     <span class='ocr_line' id='line_1_20' title="bbox 70 1386 1595 1436; baseline -0.003 -12"><span class='ocrx_word' id='word_1_171' title='bbox 70 1396 138 1424; x_wconf 85' lang='lat' dir='ltr'><strong>tur.</strong></span> <span class='ocrx_word' id='word_1_172' title='bbox 186 1391 313 1436; x_wconf 82' lang='lat' dir='ltr'><strong>Neque</strong></span> <span class='ocrx_word' id='word_1_173' title='bbox 344 1390 580 1434; x_wconf 82' lang='lat' dir='ltr'><strong>aggerebatur</strong></span> <span class='ocrx_word' id='word_1_174' title='bbox 606 1394 703 1422; x_wconf 87' lang='lat' dir='ltr'><strong>terra</strong></span> <span class='ocrx_word' id='word_1_175' title='bbox 730 1388 775 1421; x_wconf 92' lang='lat' dir='ltr'><strong>ad</strong></span> <span class='ocrx_word' id='word_1_176' title='bbox 806 1387 943 1432; x_wconf 88' lang='lat' dir='ltr'><strong>capita,</strong></span> <span class='ocrx_word' id='word_1_177' title='bbox 976 1387 1060 1430; x_wconf 89' lang='lat' dir='ltr'><strong>sed,</strong></span> <span class='ocrx_word' id='word_1_178' title='bbox 1107 1387 1202 1433; x_wconf 90' lang='lat' dir='ltr'><strong>quod</strong></span> <span class='ocrx_word' id='word_1_179' title='bbox 1227 1387 1408 1421; x_wconf 86' lang='lat' dir='ltr'><strong>admonuit</strong></span> <span class='ocrx_word' id='word_1_180' title='bbox 1432 1386 1595 1429; x_wconf 85' lang='lat' dir='ltr'><strong>Vossius,</strong></span> 
     </span>
     <span class='ocr_line' id='line_1_21' title="bbox 69 1433 1595 1481; baseline -0.002 -10"><span class='ocrx_word' id='word_1_181' title='bbox 69 1437 214 1471; x_wconf 80' lang='lat' dir='ltr'><strong>scrobes</strong></span> <span class='ocrx_word' id='word_1_182' title='bbox 227 1463 236 1480; x_wconf 89' lang='lat'><strong>,</strong></span> <span class='ocrx_word' id='word_1_183' title='bbox 262 1443 301 1471; x_wconf 87' lang='lat' dir='ltr'><strong>ut</strong></span> <span class='ocrx_word' id='word_1_184' title='bbox 318 1435 484 1470; x_wconf 91' lang='lat' dir='ltr'><strong>deorsum</strong></span> <span class='ocrx_word' id='word_1_185' title='bbox 504 1442 652 1481; x_wconf 86' lang='lat' dir='ltr'><strong>agerent</strong></span> <span class='ocrx_word' id='word_1_186' title='bbox 668 1435 805 1469; x_wconf 87' lang='lat' dir='ltr'><strong>radices</strong></span> <span class='ocrx_word' id='word_1_187' title='bbox 824 1434 975 1477; x_wconf 86' lang='lat' dir='ltr'><strong>surculi,</strong></span> <span class='ocrx_word' id='word_1_188' title='bbox 1010 1446 1055 1468; x_wconf 85' lang='lat' dir='ltr'><strong>ne</strong></span> <span class='ocrx_word' id='word_1_189' title='bbox 1074 1433 1247 1479; x_wconf 86' lang='lat' dir='ltr'><strong>compleri</strong></span> <span class='ocrx_word' id='word_1_190' title='bbox 1269 1433 1410 1480; x_wconf 85' lang='lat' dir='ltr'><strong>quidem</strong></span> <span class='ocrx_word' id='word_1_191' title='bbox 1428 1434 1476 1469; x_wconf 90' lang='lat' dir='ltr'><strong>ad</strong></span> <span class='ocrx_word' id='word_1_192' title='bbox 1497 1445 1595 1468; x_wconf 87' lang='lat' dir='ltr'><strong>sum-</strong></span> 
     </span>
     <span class='ocr_line' id='line_1_22' title="bbox 69 1481 1170 1534; baseline -0.003 -16"><span class='ocrx_word' id='word_1_193' title='bbox 69 1493 162 1534; x_wconf 75' lang='lat' dir='ltr'><strong>mum</strong></span> <span class='ocrx_word' id='word_1_194' title='bbox 179 1484 354 1520; x_wconf 81' lang='lat' dir='ltr'><strong>solebant.</strong></span> <span class='ocrx_word' id='word_1_195' title='bbox 400 1484 462 1519; x_wconf 88' lang='lat' dir='ltr'><strong>Ad</strong></span> <span class='ocrx_word' id='word_1_196' title='bbox 486 1485 612 1531; x_wconf 84' lang='lat' dir='ltr'><strong>capita</strong></span> <span class='ocrx_word' id='word_1_197' title='bbox 637 1483 661 1517; x_wconf 89' lang='lat' dir='ltr'><strong>i.</strong></span> <span class='ocrx_word' id='word_1_198' title='bbox 687 1494 718 1516; x_wconf 88' lang='lat' dir='ltr'><strong>e.</strong></span> <span class='ocrx_word' id='word_1_199' title='bbox 750 1481 879 1517; x_wconf 89' lang='lat' dir='ltr'><strong>circum</strong></span> <span class='ocrx_word' id='word_1_200' title='bbox 908 1481 1035 1528; x_wconf 88' lang='lat' dir='ltr'><strong>capita.</strong></span> <span class='ocrx_word' id='word_1_201' title='bbox 1074 1481 1170 1526; x_wconf 82' lang='lat' dir='ltr'><strong>Wr.)</strong></span> 
     </span>
    </p>
   </div>
   <div class='ocr_carea' id='block_1_6' title="bbox 69 1565 1597 1643">
    <p class='ocr_par' dir='ltr' id='par_1_8' title="bbox 69 1565 1597 1643">
     <span class='ocr_line' id='line_1_23' title="bbox 69 1565 1597 1643; baseline -0.003 -13"><span class='ocrx_word' id='word_1_202' title='bbox 69 1565 226 1631; x_wconf 17' lang='lat' dir='ltr'><strong>tissime*</strong></span> <span class='ocrx_word' id='word_1_203' title='bbox 243 1590 503 1630; x_wconf 85' lang='lat' dir='ltr'><strong>efflorescent.</strong></span> <span class='ocrx_word' id='word_1_204' title='bbox 554 1591 728 1643; x_wconf 84' lang='lat' dir='ltr'><strong>Iamque</strong></span> <span class='ocrx_word' id='word_1_205' title='bbox 747 1604 807 1628; x_wconf 91' lang='lat' dir='ltr'><strong>re-</strong></span> <span class='ocrx_word' id='word_1_206' title='bbox 864 1604 895 1629; x_wconf 89' lang='lat' dir='ltr'><strong>s.</strong></span> <span class='ocrx_word' id='word_1_207' title='bbox 925 1588 980 1632; x_wconf 82' lang='lat'><strong>35</strong></span> <span class='ocrx_word' id='word_1_208' title='bbox 989 1619 1000 1639; x_wconf 86' lang='lat'><strong>,</strong></span> <span class='ocrx_word' id='word_1_209' title='bbox 1022 1592 1075 1631; x_wconf 90' lang='grc'><strong>17</strong></span> <span class='ocrx_word' id='word_1_210' title='bbox 1101 1610 1160 1618; x_wconf 92' lang='lat'>—</span> <span class='ocrx_word' id='word_1_211' title='bbox 1187 1588 1374 1641; x_wconf 80' lang='lat' dir='ltr'><strong>Superest</strong></span> <span class='ocrx_word' id='word_1_212' title='bbox 1404 1587 1597 1626; x_wconf 83' lang='lat' dir='ltr'><strong>deducere</strong></span> 
     </span>
    </p>
   </div>
   <div class='ocr_carea' id='block_1_7' title="bbox 2 1648 820 3095">
    <p class='ocr_par' dir='ltr' id='par_1_9' title="bbox 2 1648 817 2804">
     <span class='ocr_line' id='line_1_24' title="bbox 65 1648 807 1702; baseline -0.003 -14"><span class='ocrx_word' id='word_1_213' title='bbox 65 1652 185 1702; x_wconf 85' lang='lat' dir='ltr'><strong>perti,</strong></span> <span class='ocrx_word' id='word_1_214' title='bbox 208 1648 249 1688; x_wconf 89' lang='lat' dir='ltr'><strong>h.</strong></span> <span class='ocrx_word' id='word_1_215' title='bbox 262 1650 379 1688; x_wconf 82' lang='lat' dir='ltr'><strong>fuere</strong></span> <span class='ocrx_word' id='word_1_216' title='bbox 397 1648 529 1698; x_wconf 84' lang='lat' dir='ltr'><strong>etiam,</strong></span> <span class='ocrx_word' id='word_1_217' title='bbox 552 1648 621 1700; x_wconf 91' lang='lat' dir='ltr'><strong>qui</strong></span> <span class='ocrx_word' id='word_1_218' title='bbox 639 1648 807 1701; x_wconf 89' lang='lat' dir='ltr'><strong>insuper</strong></span> 
     </span>
     <span class='ocr_line' id='line_1_25' title="bbox 72 1705 805 1762; baseline -0.003 -16"><span class='ocrx_word' id='word_1_219' title='bbox 72 1713 148 1747; x_wconf 86' lang='lat' dir='ltr'><strong>etc.</strong></span> <span class='ocrx_word' id='word_1_220' title='bbox 210 1705 350 1762; x_wconf 85' lang='lat' dir='ltr'><strong>(Iunge</strong></span> <span class='ocrx_word' id='word_1_221' title='bbox 371 1714 554 1759; x_wconf 80' lang='lat' dir='ltr'><strong>urgerent</strong></span> <span class='ocrx_word' id='word_1_222' title='bbox 575 1721 698 1758; x_wconf 85' lang='lat' dir='ltr'><strong>super</strong></span> <span class='ocrx_word' id='word_1_223' title='bbox 712 1705 754 1745; x_wconf 89' lang='lat' dir='ltr'><strong>h.</strong></span> <span class='ocrx_word' id='word_1_224' title='bbox 772 1719 805 1745; x_wconf 83' lang='lat' dir='ltr'><strong>e.</strong></span> 
     </span>
     <span class='ocr_line' id='line_1_26' title="bbox 74 1764 807 1819; baseline -0.004 -14"><span class='ocrx_word' id='word_1_225' title='bbox 74 1765 259 1819; x_wconf 85' lang='lat' dir='ltr'><strong>desuper.</strong></span> <span class='ocrx_word' id='word_1_226' title='bbox 292 1764 567 1819; x_wconf 87' lang='lat' dir='ltr'><strong>Compositum</strong></span> <span class='ocrx_word' id='word_1_227' title='bbox 588 1764 807 1817; x_wconf 81' lang='lat' dir='ltr'><strong>usurpavit</strong></span> 
     </span>
     <span class='ocr_line' id='line_1_27' title="bbox 70 1822 804 1874; baseline -0.008 -10"><span class='ocrx_word' id='word_1_228' title='bbox 70 1824 236 1864; x_wconf 87' lang='lat' dir='ltr'><strong>Tacitus</strong></span> <span class='ocrx_word' id='word_1_229' title='bbox 246 1822 357 1864; x_wconf 73' lang='lat' dir='ltr'><strong>Amr..</strong></span> <span class='ocrx_word' id='word_1_230' title='bbox 365 1822 413 1873; x_wconf 88' lang='grc' dir='ltr'><strong>Π,</strong></span> <span class='ocrx_word' id='word_1_231' title='bbox 424 1825 492 1864; x_wconf 82' lang='grc'><strong>23.</strong></span> <span class='ocrx_word' id='word_1_232' title='bbox 504 1823 657 1874; x_wconf 88' lang='lat' dir='ltr'><strong>:fluctu</strong></span> <span class='ocrx_word' id='word_1_233' title='bbox 668 1837 804 1874; x_wconf 81' lang='lat' dir='ltr'><strong>super.</strong></span> 
     </span>
     <span class='ocr_line' id='line_1_28' title="bbox 74 1879 808 1935; baseline -0.004 -13"><span class='ocrx_word' id='word_1_234' title='bbox 74 1885 253 1935; x_wconf 63' lang='lat' dir='ltr'><strong>urgenti.</strong></span> <span class='ocrx_word' id='word_1_235' title='bbox 274 1883 344 1922; x_wconf 90' lang='lat' dir='ltr'><em>W</em></span> <span class='ocrx_word' id='word_1_236' title='bbox 339 1881 470 1920; x_wconf 79' lang='lat' dir='ltr'><strong>elz.--</strong></span> <span class='ocrx_word' id='word_1_237' title='bbox 492 1879 592 1919; x_wconf 89' lang='lat' dir='ltr'><strong>Aen.</strong></span> <span class='ocrx_word' id='word_1_238' title='bbox 602 1880 671 1930; x_wconf 87' lang='lat' dir='ltr'><strong>IV,</strong></span> <span class='ocrx_word' id='word_1_239' title='bbox 691 1883 808 1923; x_wconf 87' lang='lat'><strong>507.:</strong></span> 
     </span>
     <span class='ocr_line' id='line_1_29' title="bbox 72 1939 809 1993; baseline -0.004 -14"><span class='ocrx_word' id='word_1_240' title='bbox 72 1949 259 1993; x_wconf 83' lang='lat' dir='ltr'><strong>„super</strong></span> <span class='ocrx_word' id='word_1_241' title='bbox 289 1939 477 1988; x_wconf 84' lang='lat' dir='ltr'><strong>exuvias,</strong></span> <span class='ocrx_word' id='word_1_242' title='bbox 509 1951 723 1990; x_wconf 85' lang='lat' dir='ltr'><strong>ensemque</strong></span> <span class='ocrx_word' id='word_1_243' title='bbox 739 1951 809 1977; x_wconf 86' lang='lat' dir='ltr'><strong>re-</strong></span> 
     </span>
     <span class='ocr_line' id='line_1_30' title="bbox 72 1992 808 2053; baseline -0.004 -16"><span class='ocrx_word' id='word_1_244' title='bbox 72 1992 217 2053; x_wconf 76' lang='lat' dir='ltr'><strong>lictum</strong></span> <span class='ocrx_word' id='word_1_245' title='bbox 244 1997 501 2051; x_wconf 87' lang='lat' dir='ltr'><strong>Effigiemque</strong></span> <span class='ocrx_word' id='word_1_246' title='bbox 527 2003 621 2036; x_wconf 88' lang='lat' dir='ltr'><strong>toro</strong></span> <span class='ocrx_word' id='word_1_247' title='bbox 649 1997 770 2035; x_wconf 85' lang='lat' dir='ltr'><strong>locat.</strong></span> <span class='ocrx_word' id='word_1_248' title='bbox 783 1997 808 2018; x_wconf 83' lang='lat'>“</span> 
     </span>
     <span class='ocr_line' id='line_1_31' title="bbox 2 2054 811 2112; baseline -0.005 -16"><span class='ocrx_word' id='word_1_249' title='bbox 2 2078 12 2085; x_wconf 85' lang='lat'><em>·</em></span> <span class='ocrx_word' id='word_1_250' title='bbox 74 2054 287 2112; x_wconf 55' lang='lat' dir='ltr'><strong>V12&#39;254.:1</strong></span> <span class='ocrx_word' id='word_1_251' title='bbox 303 2056 475 2109; x_wconf 86' lang='lat' dir='ltr'><strong>„pingue</strong></span> <span class='ocrx_word' id='word_1_252' title='bbox 497 2067 653 2107; x_wconf 83' lang='lat' dir='ltr'><strong>super</strong></span> <span class='ocrx_word' id='word_1_253' title='bbox 677 2055 811 2093; x_wconf 87' lang='lat' dir='ltr'><strong>oleum</strong></span> 
     </span>
     <span class='ocr_line' id='line_1_32' title="bbox 74 2112 811 2153; baseline -0.004 0"><span class='ocrx_word' id='word_1_254' title='bbox 74 2114 305 2153; x_wconf 88' lang='lat' dir='ltr'><strong>infundens.</strong></span> <span class='ocrx_word' id='word_1_255' title='bbox 317 2116 342 2136; x_wconf 89' lang='lat'><strong>“</strong></span> <span class='ocrx_word' id='word_1_256' title='bbox 361 2136 419 2144; x_wconf 89' lang='lat'><strong>--</strong></span> <span class='ocrx_word' id='word_1_257' title='bbox 449 2112 507 2150; x_wconf 89' lang='lat' dir='ltr'><strong>De</strong></span> <span class='ocrx_word' id='word_1_258' title='bbox 531 2112 612 2151; x_wconf 87' lang='lat' dir='ltr'><strong>hoc</strong></span> <span class='ocrx_word' id='word_1_259' title='bbox 642 2126 721 2151; x_wconf 88' lang='lat' dir='ltr'><strong>usu</strong></span> <span class='ocrx_word' id='word_1_260' title='bbox 739 2126 811 2150; x_wconf 89' lang='lat' dir='ltr'><strong>co—</strong></span> 
     </span>
     <span class='ocr_line' id='line_1_33' title="bbox 75 2170 812 2226; baseline -0.004 -15"><span class='ocrx_word' id='word_1_261' title='bbox 75 2172 203 2226; x_wconf 84' lang='lat' dir='ltr'><strong>pulae·</strong></span> <span class='ocrx_word' id='word_1_262' title='bbox 218 2180 339 2225; x_wconf 82' lang='lat' dir='ltr'><strong>atque</strong></span> <span class='ocrx_word' id='word_1_263' title='bbox 357 2170 440 2211; x_wconf 76' lang='lat' dir='ltr'><strong>vid.</strong></span> <span class='ocrx_word' id='word_1_264' title='bbox 465 2170 516 2219; x_wconf 85' lang='lat' dir='ltr'><strong>Q.</strong></span> <span class='ocrx_word' id='word_1_265' title='bbox 534 2171 581 2210; x_wconf 91' lang='lat' dir='ltr'><strong>V.</strong></span> <span class='ocrx_word' id='word_1_266' title='bbox 601 2170 812 2220; x_wconf 86' lang='lat' dir='ltr'><strong>XXXIIII,</strong></span> 
     </span>
     <span class='ocr_line' id='line_1_34' title="bbox 80 2227 810 2283; baseline -0.004 -15"><span class='ocrx_word' id='word_1_267' title='bbox 80 2237 186 2269; x_wconf 83' lang='lat' dir='ltr'><strong>extr.</strong></span> <span class='ocrx_word' id='word_1_268' title='bbox 221 2227 350 2283; x_wconf 83' lang='lat' dir='ltr'><strong>Wr.)</strong></span> <span class='ocrx_word' id='word_1_269' title='bbox 401 2228 500 2271; x_wconf 79' lang='lat'><strong>352.</strong></span> <span class='ocrx_word' id='word_1_270' title='bbox 530 2229 606 2266; x_wconf 77' lang='lat' dir='ltr'><strong>hoc</strong></span> <span class='ocrx_word' id='word_1_271' title='bbox 621 2230 810 2275; x_wconf 90' lang='lat' dir='ltr'><strong>-Hoc;</strong></span> 
     </span>
     <span class='ocr_line' id='line_1_35' title="bbox 78 2284 813 2340; baseline -0.004 -12"><span class='ocrx_word' id='word_1_272' title='bbox 78 2302 164 2328; x_wconf 86' lang='lat' dir='ltr'><strong>non</strong></span> <span class='ocrx_word' id='word_1_273' title='bbox 190 2294 251 2326; x_wconf 83' lang='lat' dir='ltr'><strong>est</strong></span> <span class='ocrx_word' id='word_1_274' title='bbox 275 2286 317 2326; x_wconf 90' lang='lat' dir='ltr'><strong>h.</strong></span> <span class='ocrx_word' id='word_1_275' title='bbox 339 2287 365 2327; x_wconf 89' lang='lat' dir='ltr'><strong>l.</strong></span> <span class='ocrx_word' id='word_1_276' title='bbox 403 2289 524 2328; x_wconf 68' lang='grc' dir='ltr'><strong>τοῦτο</strong></span> <span class='ocrx_word' id='word_1_277' title='bbox 554 2284 650 2338; x_wconf 81' lang='grc' dir='ltr'><strong>μὲν,</strong></span> <span class='ocrx_word' id='word_1_278' title='bbox 692 2289 813 2340; x_wconf 55' lang='grc' dir='ltr'><strong>τοῦτο</strong></span> 
     </span>
     <span class='ocr_line' id='line_1_36' title="bbox 79 2343 812 2396; baseline -0.004 -11"><span class='ocrx_word' id='word_1_279' title='bbox 79 2344 146 2396; x_wconf 79' lang='grc' dir='ltr'><strong>δὲ’,</strong></span> <span class='ocrx_word' id='word_1_280' title='bbox 186 2345 258 2384; x_wconf 89' lang='lat' dir='ltr'><strong>sed</strong></span> <span class='ocrx_word' id='word_1_281' title='bbox 295 2344 348 2383; x_wconf 88' lang='lat' dir='ltr'><strong>ad</strong></span> <span class='ocrx_word' id='word_1_282' title='bbox 387 2343 496 2383; x_wconf 90' lang='lat' dir='ltr'><strong>idem</strong></span> <span class='ocrx_word' id='word_1_283' title='bbox 531 2343 812 2394; x_wconf 81' lang='lat' dir='ltr'><strong>referendum3</strong></span> 
     </span>
     <span class='ocr_line' id='line_1_37' title="bbox 77 2402 814 2457; baseline -0.005 -14"><span class='ocrx_word' id='word_1_284' title='bbox 77 2403 169 2457; x_wconf 65' lang='lat' dir='ltr'><strong>hoc]</strong></span> <span class='ocrx_word' id='word_1_285' title='bbox 201 2409 304 2456; x_wconf 88' lang='lat' dir='ltr'><strong>puta</strong></span> <span class='ocrx_word' id='word_1_286' title='bbox 341 2416 486 2442; x_wconf 73' lang='lat' dir='ltr'><strong>saxum</strong></span> <span class='ocrx_word' id='word_1_287' title='bbox 517 2402 760 2442; x_wconf 84' lang='lat' dir='ltr'><strong>acclinatum</strong></span> <span class='ocrx_word' id='word_1_288' title='bbox 790 2415 814 2439; x_wconf 88' lang='lat' dir='ltr'><strong>a</strong></span> 
     </span>
     <span class='ocr_line' id='line_1_38' title="bbox 78 2459 816 2514; baseline -0.005 -13"><span class='ocrx_word' id='word_1_289' title='bbox 78 2463 229 2511; x_wconf 80' lang='lat' dir='ltr'><strong>latere,</strong></span> <span class='ocrx_word' id='word_1_290' title='bbox 261 2466 332 2501; x_wconf 89' lang='lat' dir='ltr'><strong>aut</strong></span> <span class='ocrx_word' id='word_1_291' title='bbox 353 2467 458 2499; x_wconf 80' lang='lat' dir='ltr'><strong>testa</strong></span> <span class='ocrx_word' id='word_1_292' title='bbox 490 2473 611 2514; x_wconf 88' lang='lat' dir='ltr'><strong>super</strong></span> <span class='ocrx_word' id='word_1_293' title='bbox 627 2459 816 2512; x_wconf 86' lang='lat' dir='ltr'><strong>imposita</strong></span> 
     </span>
     <span class='ocr_line' id='line_1_39' title="bbox 80 2518 815 2561; baseline -0.005 -1"><span class='ocrx_word' id='word_1_294' title='bbox 80 2534 182 2561; x_wconf 81' lang='lat' dir='ltr'><strong>cavo</strong></span> <span class='ocrx_word' id='word_1_295' title='bbox 203 2533 278 2558; x_wconf 92' lang='lat' dir='ltr'><strong>suo</strong></span> <span class='ocrx_word' id='word_1_296' title='bbox 303 2519 437 2560; x_wconf 89' lang='lat' dir='ltr'><strong>munit</strong></span> <span class='ocrx_word' id='word_1_297' title='bbox 462 2519 645 2557; x_wconf 73' lang='lat' dir='ltr'><strong>surculos</strong></span> <span class='ocrx_word' id='word_1_298' title='bbox 665 2518 815 2557; x_wconf 87' lang='lat' dir='ltr'><strong>adver-</strong></span> 
     </span>
     <span class='ocr_line' id='line_1_40' title="bbox 82 2576 814 2618; baseline -0.004 -1"><span class='ocrx_word' id='word_1_299' title='bbox 82 2593 149 2618; x_wconf 87' lang='lat' dir='ltr'><strong>sus</strong></span> <span class='ocrx_word' id='word_1_300' title='bbox 175 2576 323 2617; x_wconf 87' lang='lat' dir='ltr'><strong>imbres</strong></span> <span class='ocrx_word' id='word_1_301' title='bbox 353 2583 393 2616; x_wconf 87' lang='lat' dir='ltr'><strong>et</strong></span> <span class='ocrx_word' id='word_1_302' title='bbox 417 2576 611 2616; x_wconf 89' lang='lat' dir='ltr'><strong>adversus</strong></span> <span class='ocrx_word' id='word_1_303' title='bbox 647 2582 814 2614; x_wconf 81' lang='lat' dir='ltr'><strong>aestum.</strong></span> 
     </span>
     <span class='ocr_line' id='line_1_41' title="bbox 84 2634 817 2690; baseline -0.007 -15"><span class='ocrx_word' id='word_1_304' title='bbox 84 2635 181 2690; x_wconf 86' lang='lat' dir='ltr'><strong>(Est</strong></span> <span class='ocrx_word' id='word_1_305' title='bbox 225 2636 345 2674; x_wconf 81' lang='lat' dir='ltr'><strong>etiam</strong></span> <span class='ocrx_word' id='word_1_306' title='bbox 378 2634 502 2674; x_wconf 80' lang='lat' dir='ltr'><strong>tertia</strong></span> <span class='ocrx_word' id='word_1_307' title='bbox 539 2635 673 2684; x_wconf 81' lang='lat' dir='ltr'><strong>ratio,</strong></span> <span class='ocrx_word' id='word_1_308' title='bbox 712 2639 762 2672; x_wconf 86' lang='lat' dir='ltr'><strong>ut</strong></span> <span class='ocrx_word' id='word_1_309' title='bbox 793 2647 817 2670; x_wconf 88' lang='lat' dir='ltr'><strong>a</strong></span> 
     </span>
     <span class='ocr_line' id='line_1_42' title="bbox 83 2693 817 2748; baseline -0.004 -16"><span class='ocrx_word' id='word_1_310' title='bbox 83 2700 188 2748; x_wconf 77' lang='lat' dir='ltr'><strong>testa</strong></span> <span class='ocrx_word' id='word_1_311' title='bbox 214 2693 357 2732; x_wconf 85' lang='lat' dir='ltr'><strong>caloris</strong></span> <span class='ocrx_word' id='word_1_312' title='bbox 383 2693 515 2731; x_wconf 83' lang='lat' dir='ltr'><strong>tenaci</strong></span> <span class='ocrx_word' id='word_1_313' title='bbox 541 2706 615 2746; x_wconf 88' lang='lat' dir='ltr'><strong>per</strong></span> <span class='ocrx_word' id='word_1_314' title='bbox 654 2698 817 2731; x_wconf 84' lang='lat' dir='ltr'><strong>noctem</strong></span> 
     </span>
     <span class='ocr_line' id='line_1_43' title="bbox 83 2749 454 2804; baseline -0.008 -12"><span class='ocrx_word' id='word_1_315' title='bbox 83 2749 307 2804; x_wconf 57' lang='lat' dir='ltr'><strong>intepescat</strong></span> <span class='ocrx_word' id='word_1_316' title='bbox 329 2749 454 2804; x_wconf 79' lang='lat' dir='ltr'><strong>vitis.)</strong></span> 
     </span>
    </p>

    <p class='ocr_par' dir='ltr' id='par_1_10' title="bbox 81 2808 820 3095">
     <span class='ocr_line' id='line_1_44' title="bbox 144 2808 818 2860; baseline -0.009 -8"><span class='ocrx_word' id='word_1_317' title='bbox 144 2808 399 2852; x_wconf 81' lang='lat'><strong>354—370.</strong></span> <span class='ocrx_word' id='word_1_318' title='bbox 423 2808 541 2847; x_wconf 84' lang='lat' dir='ltr'><strong>Nunc</strong></span> <span class='ocrx_word' id='word_1_319' title='bbox 557 2808 607 2847; x_wconf 86' lang='lat' dir='ltr'><strong>de</strong></span> <span class='ocrx_word' id='word_1_320' title='bbox 623 2808 684 2858; x_wconf 88' lang='lat' dir='ltr'><strong>iis,</strong></span> <span class='ocrx_word' id='word_1_321' title='bbox 715 2820 818 2860; x_wconf 87' lang='lat' dir='ltr'><strong>quae</strong></span> 
     </span>
     <span class='ocr_line' id='line_1_45' title="bbox 85 2866 819 2922; baseline -0.003 -16"><span class='ocrx_word' id='word_1_322' title='bbox 85 2873 180 2922; x_wconf 85' lang='lat' dir='ltr'><strong>post</strong></span> <span class='ocrx_word' id='word_1_323' title='bbox 227 2866 498 2905; x_wconf 78' lang='lat' dir='ltr'><strong>vitisationem</strong></span> <span class='ocrx_word' id='word_1_324' title='bbox 545 2866 723 2919; x_wconf 80' lang='lat' dir='ltr'><strong>agenda3</strong></span> <span class='ocrx_word' id='word_1_325' title='bbox 779 2871 819 2904; x_wconf 85' lang='lat' dir='ltr'><strong>et</strong></span> 
     </span>
     <span class='ocr_line' id='line_1_46' title="bbox 88 2923 819 2975; baseline -0.004 -10"><span class='ocrx_word' id='word_1_326' title='bbox 88 2939 201 2965; x_wconf 88' lang='lat' dir='ltr'><strong>nunc</strong></span> <span class='ocrx_word' id='word_1_327' title='bbox 224 2923 387 2975; x_wconf 70' lang='lat' dir='ltr'><strong>quidem</strong></span> <span class='ocrx_word' id='word_1_328' title='bbox 409 2924 539 2975; x_wconf 85' lang='lat' dir='ltr'><strong>primo</strong></span> <span class='ocrx_word' id='word_1_329' title='bbox 568 2925 659 2963; x_wconf 87' lang='lat' dir='ltr'><strong>loco</strong></span> <span class='ocrx_word' id='word_1_330' title='bbox 681 2924 731 2963; x_wconf 85' lang='lat' dir='ltr'><strong>de</strong></span> <span class='ocrx_word' id='word_1_331' title='bbox 753 2939 819 2963; x_wconf 88' lang='lat' dir='ltr'><strong>re-</strong></span> 
     </span>
     <span class='ocr_line' id='line_1_47' title="bbox 81 2981 819 3036; baseline -0.004 -14"><span class='ocrx_word' id='word_1_332' title='bbox 81 2983 358 3036; x_wconf 83' lang='lat' dir='ltr'><strong>pastinatione</strong></span> <span class='ocrx_word' id='word_1_333' title='bbox 391 2981 544 3019; x_wconf 89' lang='lat' dir='ltr'><strong>Colum.</strong></span> <span class='ocrx_word' id='word_1_334' title='bbox 574 2982 650 3031; x_wconf 87' lang='lat' dir='ltr'><strong>III,</strong></span> <span class='ocrx_word' id='word_1_335' title='bbox 681 2983 758 3032; x_wconf 88' lang='lat'><strong>18,</strong></span> <span class='ocrx_word' id='word_1_336' title='bbox 783 2983 819 3022; x_wconf 82' lang='lat'><strong>1.</strong></span> 
     </span>
     <span class='ocr_line' id='line_1_48' title="bbox 89 3037 820 3095; baseline -0.001 -15"><span class='ocrx_word' id='word_1_337' title='bbox 89 3040 165 3095; x_wconf 81' lang='lat' dir='ltr'><strong>Ap.</strong></span> <span class='ocrx_word' id='word_1_338' title='bbox 185 3039 359 3079; x_wconf 84' lang='lat' dir='ltr'><strong>Plinium</strong></span> <span class='ocrx_word' id='word_1_339' title='bbox 365 3037 503 3090; x_wconf 84' lang='lat' dir='ltr'><strong>sossio</strong></span> <span class='ocrx_word' id='word_1_340' title='bbox 523 3045 585 3078; x_wconf 83' lang='lat' dir='ltr'><strong>est</strong></span> <span class='ocrx_word' id='word_1_341' title='bbox 602 3038 729 3088; x_wconf 86' lang='lat' dir='ltr'>XVII,</span> <span class='ocrx_word' id='word_1_342' title='bbox 750 3041 820 3088; x_wconf 83' lang='lat'><strong>22,</strong></span> 
     </span>
    </p>
   </div>
   <div class='ocr_carea' id='block_1_8' title="bbox 863 1646 1661 3092">
    <p class='ocr_par' dir='ltr' id='par_1_11' title="bbox 863 1646 1661 2742">
     <span class='ocr_line' id='line_1_49' title="bbox 864 1646 1597 1698; baseline -0.001 -12"><span class='ocrx_word' id='word_1_343' title='bbox 864 1656 1011 1686; x_wconf 83' lang='lat' dir='ltr'><strong>terram</strong></span> <span class='ocrx_word' id='word_1_344' title='bbox 1024 1677 1035 1697; x_wconf 92' lang='lat'><em>‚</em></span> <span class='ocrx_word' id='word_1_345' title='bbox 1068 1646 1265 1697; x_wconf 82' lang='lat' dir='ltr'><strong>fossione,</strong></span> <span class='ocrx_word' id='word_1_346' title='bbox 1295 1658 1398 1698; x_wconf 83' lang='lat' dir='ltr'><strong>quae</strong></span> <span class='ocrx_word' id='word_1_347' title='bbox 1417 1652 1597 1698; x_wconf 86' lang='lat' dir='ltr'><strong>quotan-</strong></span> 
     </span>
     <span class='ocr_line' id='line_1_50' title="bbox 863 1703 1599 1756; baseline -0.001 -12"><span class='ocrx_word' id='word_1_348' title='bbox 863 1705 926 1744; x_wconf 88' lang='lat' dir='ltr'><strong>nis</strong></span> <span class='ocrx_word' id='word_1_349' title='bbox 966 1712 1026 1744; x_wconf 85' lang='lat' dir='ltr'><strong>est</strong></span> <span class='ocrx_word' id='word_1_350' title='bbox 1062 1704 1287 1744; x_wconf 83' lang='lat' dir='ltr'><strong>exercenda</strong></span> <span class='ocrx_word' id='word_1_351' title='bbox 1302 1735 1313 1755; x_wconf 87' lang='lat'>‚</span> <span class='ocrx_word' id='word_1_352' title='bbox 1362 1710 1405 1742; x_wconf 82' lang='lat' dir='ltr'><strong>et</strong></span> <span class='ocrx_word' id='word_1_353' title='bbox 1436 1703 1487 1743; x_wconf 85' lang='lat' dir='ltr'><strong>de</strong></span> <span class='ocrx_word' id='word_1_354' title='bbox 1518 1718 1599 1756; x_wconf 88' lang='lat' dir='ltr'><strong>qua</strong></span> 
     </span>
     <span class='ocr_line' id='line_1_51' title="bbox 864 1762 1597 1817; baseline -0.001 -15"><span class='ocrx_word' id='word_1_355' title='bbox 864 1776 1002 1803; x_wconf 88' lang='lat' dir='ltr'><strong>omnes</strong></span> <span class='ocrx_word' id='word_1_356' title='bbox 1023 1763 1289 1817; x_wconf 85' lang='lat' dir='ltr'><strong>praecipiunt.</strong></span> <span class='ocrx_word' id='word_1_357' title='bbox 1311 1762 1397 1802; x_wconf 85' lang='lat' dir='ltr'><strong>vid.</strong></span> <span class='ocrx_word' id='word_1_358' title='bbox 1416 1762 1597 1815; x_wconf 85' lang='lat' dir='ltr'><strong>Geopon.</strong></span> 
     </span>
     <span class='ocr_line' id='line_1_52' title="bbox 863 1820 1598 1872; baseline -0.001 -11"><span class='ocrx_word' id='word_1_359' title='bbox 863 1822 913 1872; x_wconf 92' lang='lat' dir='ltr'><strong>V,</strong></span> <span class='ocrx_word' id='word_1_360' title='bbox 942 1825 1012 1871; x_wconf 89' lang='lat'><strong>22,</strong></span> <span class='ocrx_word' id='word_1_361' title='bbox 1042 1824 1071 1863; x_wconf 80' lang='lat'><strong>3</strong></span> <span class='ocrx_word' id='word_1_362' title='bbox 1100 1827 1141 1859; x_wconf 84' lang='lat' dir='ltr'><strong>et</strong></span> <span class='ocrx_word' id='word_1_363' title='bbox 1156 1827 1308 1861; x_wconf 86' lang='lat' dir='ltr'><strong>notam.</strong></span> <span class='ocrx_word' id='word_1_364' title='bbox 1338 1821 1388 1861; x_wconf 83' lang='lat' dir='ltr'><strong>cf.</strong></span> <span class='ocrx_word' id='word_1_365' title='bbox 1408 1820 1479 1860; x_wconf 85' lang='lat' dir='ltr'><strong>ins.</strong></span> <span class='ocrx_word' id='word_1_366' title='bbox 1499 1822 1598 1863; x_wconf 84' lang='lat'><strong>398.</strong></span> 
     </span>
     <span class='ocr_line' id='line_1_53' title="bbox 866 1879 1599 1929; baseline -0.003 -11"><span class='ocrx_word' id='word_1_367' title='bbox 866 1879 1021 1919; x_wconf 89' lang='lat' dir='ltr'><strong>Colum.</strong></span> <span class='ocrx_word' id='word_1_368' title='bbox 1032 1879 1097 1929; x_wconf 88' lang='lat' dir='ltr'><strong>IV,</strong></span> <span class='ocrx_word' id='word_1_369' title='bbox 1115 1881 1155 1929; x_wconf 85' lang='lat'><strong>3,</strong></span> <span class='ocrx_word' id='word_1_370' title='bbox 1172 1882 1200 1921; x_wconf 92' lang='lat'><strong>2</strong></span> <span class='ocrx_word' id='word_1_371' title='bbox 1229 1879 1391 1918; x_wconf 79' lang='lat' dir='ltr'><strong>Deinde</strong></span> <span class='ocrx_word' id='word_1_372' title='bbox 1409 1879 1599 1917; x_wconf 84' lang='lat' dir='ltr'><strong>malleolo</strong></span> 
     </span>
     <span class='ocr_line' id='line_1_54' title="bbox 866 1935 1600 1990; baseline -0.001 -14"><span class='ocrx_word' id='word_1_373' title='bbox 866 1940 970 1977; x_wconf 84' lang='lat' dir='ltr'><strong>inter</strong></span> <span class='ocrx_word' id='word_1_374' title='bbox 993 1935 1149 1976; x_wconf 73' lang='lat' dir='ltr'><strong>ordiries</strong></span> <span class='ocrx_word' id='word_1_375' title='bbox 1172 1939 1309 1989; x_wconf 86' lang='lat' dir='ltr'><strong>posito</strong></span> <span class='ocrx_word' id='word_1_376' title='bbox 1341 1936 1485 1975; x_wconf 79' lang='lat' dir='ltr'><strong>crebris</strong></span> <span class='ocrx_word' id='word_1_377' title='bbox 1498 1937 1600 1990; x_wconf 83' lang='lat' dir='ltr'><strong>sos-</strong></span> 
     </span>
     <span class='ocr_line' id='line_1_55' title="bbox 867 1995 1600 2048; baseline -0.001 -14"><span class='ocrx_word' id='word_1_378' title='bbox 867 1995 1044 2034; x_wconf 84' lang='lat' dir='ltr'><strong>sionibus</strong></span> <span class='ocrx_word' id='word_1_379' title='bbox 1056 1998 1314 2048; x_wconf 78' lang='lat' dir='ltr'><strong>pastinatum</strong></span> <span class='ocrx_word' id='word_1_380' title='bbox 1323 1996 1515 2035; x_wconf 71' lang='lat' dir='ltr'><strong>resolvere</strong></span> <span class='ocrx_word' id='word_1_381' title='bbox 1532 2003 1600 2034; x_wconf 80' lang='lat' dir='ltr'><strong>at-</strong></span> 
     </span>
     <span class='ocr_line' id='line_1_56' title="bbox 869 2053 1600 2107; baseline 0 -15"><span class='ocrx_word' id='word_1_382' title='bbox 869 2069 943 2107; x_wconf 84' lang='lat' dir='ltr'><strong>que</strong></span> <span class='ocrx_word' id='word_1_383' title='bbox 975 2057 1018 2092; x_wconf 84' lang='lat' dir='ltr'><strong>in</strong></span> <span class='ocrx_word' id='word_1_384' title='bbox 1036 2054 1248 2105; x_wconf 74' lang='lat' dir='ltr'><strong>pulverem</strong></span> <span class='ocrx_word' id='word_1_385' title='bbox 1273 2053 1463 2105; x_wconf 80' lang='lat' dir='ltr'><strong>redigere.</strong></span> <span class='ocrx_word' id='word_1_386' title='bbox 1532 2054 1600 2092; x_wconf 85' lang='lat' dir='ltr'><strong>Sic</strong></span> 
     </span>
     <span class='ocr_line' id='line_1_57' title="bbox 869 2111 1602 2151; baseline 0 -1"><span class='ocrx_word' id='word_1_387' title='bbox 869 2114 976 2150; x_wconf 85' lang='lat' dir='ltr'><strong>enim</strong></span> <span class='ocrx_word' id='word_1_388' title='bbox 1004 2112 1187 2151; x_wconf 82' lang='lat' dir='ltr'><strong>malleoli</strong></span> <span class='ocrx_word' id='word_1_389' title='bbox 1218 2119 1255 2149; x_wconf 87' lang='lat' dir='ltr'><strong>et</strong></span> <span class='ocrx_word' id='word_1_390' title='bbox 1290 2111 1534 2150; x_wconf 69' lang='lat' dir='ltr'><strong>viviradices</strong></span> <span class='ocrx_word' id='word_1_391' title='bbox 1565 2119 1602 2150; x_wconf 88' lang='lat' dir='ltr'><strong>et</strong></span> 
     </span>
     <span class='ocr_line' id='line_1_58' title="bbox 869 2169 1601 2222; baseline -0.001 -14"><span class='ocrx_word' id='word_1_392' title='bbox 869 2170 1026 2222; x_wconf 86' lang='lat' dir='ltr'><strong>reliqua</strong></span> <span class='ocrx_word' id='word_1_393' title='bbox 1056 2171 1210 2219; x_wconf 64' lang='lat' dir='ltr'><strong>seminet</strong></span> <span class='ocrx_word' id='word_1_394' title='bbox 1224 2199 1235 2218; x_wconf 90' lang='lat'><strong>,</strong></span> <span class='ocrx_word' id='word_1_395' title='bbox 1281 2183 1384 2221; x_wconf 85' lang='lat' dir='ltr'><strong>quae</strong></span> <span class='ocrx_word' id='word_1_396' title='bbox 1402 2169 1601 2221; x_wconf 83' lang='lat' dir='ltr'><strong>deposue-</strong></span> 
     </span>
     <span class='ocr_line' id='line_1_59' title="bbox 869 2227 1602 2277; baseline -0.003 -11"><span class='ocrx_word' id='word_1_397' title='bbox 869 2230 1018 2277; x_wconf 88' lang='lat' dir='ltr'><strong>rimus,</strong></span> <span class='ocrx_word' id='word_1_398' title='bbox 1058 2228 1355 2277; x_wconf 68' lang='lat' dir='ltr'><strong>convalescent,</strong></span> <span class='ocrx_word' id='word_1_399' title='bbox 1396 2229 1434 2264; x_wconf 85' lang='lat' dir='ltr'><strong>si</strong></span> <span class='ocrx_word' id='word_1_400' title='bbox 1466 2227 1602 2265; x_wconf 78' lang='lat' dir='ltr'><strong>mollis</strong></span> 
     </span>
     <span class='ocr_line' id='line_1_60' title="bbox 870 2281 1635 2335; baseline -0.001 -11"><span class='ocrx_word' id='word_1_401' title='bbox 870 2300 921 2324; x_wconf 82' lang='lat' dir='ltr'><strong>ac</strong></span> <span class='ocrx_word' id='word_1_402' title='bbox 948 2293 1082 2324; x_wconf 86' lang='lat' dir='ltr'><strong>tenera</strong></span> <span class='ocrx_word' id='word_1_403' title='bbox 1110 2285 1258 2324; x_wconf 76' lang='lat' dir='ltr'><strong>hamus</strong></span> <span class='ocrx_word' id='word_1_404' title='bbox 1269 2281 1284 2335; x_wconf 29' lang='lat'><strong>².</strong></span> <span class='ocrx_word' id='word_1_405' title='bbox 1320 2285 1445 2323; x_wconf 84' lang='lat' dir='ltr'><strong>nullis</strong></span> <span class='ocrx_word' id='word_1_406' title='bbox 1469 2284 1601 2324; x_wconf 67' lang='lat' dir='ltr'><strong>herbis</strong></span> <span class='ocrx_word' id='word_1_407' title='bbox 1628 2313 1635 2319; x_wconf 81' lang='lat'><strong>.</strong></span> 
     </span>
     <span class='ocr_line' id='line_1_61' title="bbox 871 2342 1603 2394; baseline 0 -13"><span class='ocrx_word' id='word_1_408' title='bbox 871 2343 1152 2394; x_wconf 82' lang='lat' dir='ltr'><strong>irrepentibus,</strong></span> <span class='ocrx_word' id='word_1_409' title='bbox 1181 2343 1388 2382; x_wconf 76' lang='lat' dir='ltr'><strong>humorem</strong></span> <span class='ocrx_word' id='word_1_410' title='bbox 1412 2342 1603 2394; x_wconf 85' lang='lat' dir='ltr'><strong>stirpibus</strong></span> 
     </span>
     <span class='ocr_line' id='line_1_62' title="bbox 869 2401 1602 2453; baseline 0 -14"><span class='ocrx_word' id='word_1_411' title='bbox 869 2401 1121 2453; x_wconf 81' lang='lat' dir='ltr'><strong>praebuerit,</strong></span> <span class='ocrx_word' id='word_1_412' title='bbox 1164 2415 1236 2439; x_wconf 88' lang='lat' dir='ltr'><strong>nec</strong></span> <span class='ocrx_word' id='word_1_413' title='bbox 1255 2401 1407 2440; x_wconf 84' lang='lat' dir='ltr'><strong>duritia</strong></span> <span class='ocrx_word' id='word_1_414' title='bbox 1431 2402 1510 2440; x_wconf 89' lang='lat' dir='ltr'><strong>soli</strong></span> <span class='ocrx_word' id='word_1_415' title='bbox 1526 2415 1602 2439; x_wconf 78' lang='lat' dir='ltr'><strong>no-</strong></span> 
     </span>
     <span class='ocr_line' id='line_1_63' title="bbox 872 2459 1602 2511; baseline 0 -14"><span class='ocrx_word' id='word_1_416' title='bbox 872 2460 1001 2498; x_wconf 65' lang='lat' dir='ltr'><strong>vellas</strong></span> <span class='ocrx_word' id='word_1_417' title='bbox 1020 2459 1154 2498; x_wconf 75' lang='lat' dir='ltr'><strong>adhuc</strong></span> <span class='ocrx_word' id='word_1_418' title='bbox 1172 2460 1343 2511; x_wconf 79' lang='lat' dir='ltr'><strong>plantas</strong></span> <span class='ocrx_word' id='word_1_419' title='bbox 1367 2460 1475 2498; x_wconf 74' lang='lat' dir='ltr'><strong>velut</strong></span> <span class='ocrx_word' id='word_1_420' title='bbox 1492 2467 1602 2498; x_wconf 85' lang='lat' dir='ltr'><strong>arcto</strong></span> 
     </span>
     <span class='ocr_line' id='line_1_64' title="bbox 873 2516 1603 2569; baseline 0.001 -14"><span class='ocrx_word' id='word_1_421' title='bbox 873 2519 1035 2556; x_wconf 62' lang='lat' dir='ltr'><strong>vinculo</strong></span> <span class='ocrx_word' id='word_1_422' title='bbox 1079 2519 1366 2569; x_wconf 79' lang='lat' dir='ltr'><strong>compresserit.</strong></span> <span class='ocrx_word' id='word_1_423' title='bbox 1440 2518 1501 2556; x_wconf 83' lang='lat' dir='ltr'><strong>Ex</strong></span> <span class='ocrx_word' id='word_1_424' title='bbox 1538 2516 1603 2556; x_wconf 83' lang='lat' dir='ltr'><strong>his</strong></span> 
     </span>
     <span class='ocr_line' id='line_1_65' title="bbox 873 2575 1602 2628; baseline 0.001 -15"><span class='ocrx_word' id='word_1_425' title='bbox 873 2581 993 2628; x_wconf 85' lang='lat' dir='ltr'><strong>poeta</strong></span> <span class='ocrx_word' id='word_1_426' title='bbox 1030 2575 1126 2614; x_wconf 83' lang='lat' dir='ltr'><strong>satis</strong></span> <span class='ocrx_word' id='word_1_427' title='bbox 1160 2575 1388 2614; x_wconf 83' lang='lat' dir='ltr'><strong>illustratus</strong></span> <span class='ocrx_word' id='word_1_428' title='bbox 1423 2575 1602 2615; x_wconf 84' lang='lat' dir='ltr'><strong>videtur.</strong></span> 
     </span>
     <span class='ocr_line' id='line_1_66' title="bbox 875 2633 1661 2687; baseline -0.001 -16"><span class='ocrx_word' id='word_1_429' title='bbox 875 2633 1101 2671; x_wconf 75' lang='lat' dir='ltr'><strong>Seminibus</strong></span> <span class='ocrx_word' id='word_1_430' title='bbox 1131 2635 1280 2685; x_wconf 84' lang='lat' dir='ltr'><strong>positis</strong></span> <span class='ocrx_word' id='word_1_431' title='bbox 1317 2647 1394 2687; x_wconf 90' lang='lat' dir='ltr'><strong>pro</strong></span> <span class='ocrx_word' id='word_1_432' title='bbox 1432 2633 1603 2673; x_wconf 85' lang='lat' dir='ltr'><strong>surculis</strong></span> <span class='ocrx_word' id='word_1_433' title='bbox 1635 2652 1661 2659; x_wconf 70' lang='grc'><strong>--</strong></span> 
     </span>
     <span class='ocr_line' id='line_1_67' title="bbox 875 2691 1598 2742; baseline 0.001 -12"><span class='ocrx_word' id='word_1_434' title='bbox 875 2691 1029 2731; x_wconf 74' lang='lat' dir='ltr'><strong>defixis.</strong></span> <span class='ocrx_word' id='word_1_435' title='bbox 1061 2691 1161 2730; x_wconf 88' lang='lat' dir='ltr'><strong>Plin.</strong></span> <span class='ocrx_word' id='word_1_436' title='bbox 1180 2691 1306 2741; x_wconf 82' lang='lat' dir='ltr'><strong>XVII,</strong></span> <span class='ocrx_word' id='word_1_437' title='bbox 1325 2694 1395 2742; x_wconf 85' lang='grc'><strong>22,</strong></span> <span class='ocrx_word' id='word_1_438' title='bbox 1417 2706 1446 2731; x_wconf 94' lang='lat' dir='ltr'><strong>s.</strong></span> <span class='ocrx_word' id='word_1_439' title='bbox 1456 2692 1524 2741; x_wconf 85' lang='lat'><strong>35,</strong></span> <span class='ocrx_word' id='word_1_440' title='bbox 1545 2692 1598 2732; x_wconf 89' lang='lat'><strong>21</strong></span> 
     </span>
    </p>

    <p class='ocr_par' dir='ltr' id='par_1_12' title="bbox 866 2748 1628 2914">
     <span class='ocr_line' id='line_1_68' title="bbox 866 2748 1626 2801; baseline -0.003 -13"><span class='ocrx_word' id='word_1_441' title='bbox 866 2752 1011 2801; x_wconf 87' lang='lat' dir='ltr'><strong>ponito</strong></span> <span class='ocrx_word' id='word_1_442' title='bbox 1046 2752 1089 2788; x_wconf 88' lang='lat' dir='ltr'><strong>in</strong></span> <span class='ocrx_word' id='word_1_443' title='bbox 1123 2748 1255 2787; x_wconf 81' lang='lat' dir='ltr'><strong>scrobe</strong></span> <span class='ocrx_word' id='word_1_444' title='bbox 1292 2758 1365 2788; x_wconf 82' lang='lat' dir='ltr'><strong>aut</strong></span> <span class='ocrx_word' id='word_1_445' title='bbox 1403 2753 1446 2788; x_wconf 85' lang='lat' dir='ltr'><strong>in</strong></span> <span class='ocrx_word' id='word_1_446' title='bbox 1472 2750 1626 2797; x_wconf 47' lang='lat' dir='ltr'><strong>sulco„</strong></span> 
     </span>
     <span class='ocr_line' id='line_1_69' title="bbox 876 2806 1628 2861; baseline -0.004 -15"><span class='ocrx_word' id='word_1_447' title='bbox 876 2809 1100 2861; x_wconf 82' lang='lat' dir='ltr'><strong>operitoque</strong></span> <span class='ocrx_word' id='word_1_448' title='bbox 1117 2816 1153 2846; x_wconf 87' lang='lat' dir='ltr'><strong>et</strong></span> <span class='ocrx_word' id='word_1_449' title='bbox 1169 2807 1263 2845; x_wconf 86' lang='lat' dir='ltr'><strong>bene</strong></span> <span class='ocrx_word' id='word_1_450' title='bbox 1282 2808 1491 2846; x_wconf 85' lang='lat' dir='ltr'><strong>occultato.</strong></span> <span class='ocrx_word' id='word_1_451' title='bbox 1520 2806 1552 2843; x_wconf 87' lang='lat' dir='ltr'>F</span> <span class='ocrx_word' id='word_1_452' title='bbox 1555 2820 1603 2844; x_wconf 94' lang='lat' dir='ltr'><strong>o-</strong></span> <span class='ocrx_word' id='word_1_453' title='bbox 1614 2809 1628 2816; x_wconf 58' lang='lat'><strong>⁹</strong></span> 
     </span>
     <span class='ocr_line' id='line_1_70' title="bbox 877 2865 1603 2914; baseline -0.004 -10"><span class='ocrx_word' id='word_1_454' title='bbox 877 2865 1025 2905; x_wconf 90' lang='lat' dir='ltr'><strong>diendo</strong></span> <span class='ocrx_word' id='word_1_455' title='bbox 1044 2872 1156 2904; x_wconf 86' lang='lat' dir='ltr'><strong>terra</strong></span> <span class='ocrx_word' id='word_1_456' title='bbox 1174 2865 1383 2903; x_wconf 85' lang='lat' dir='ltr'><strong>deducitur</strong></span> <span class='ocrx_word' id='word_1_457' title='bbox 1407 2865 1466 2902; x_wconf 87' lang='lat' dir='ltr'><strong>ad</strong></span> <span class='ocrx_word' id='word_1_458' title='bbox 1482 2865 1603 2914; x_wconf 86' lang='lat' dir='ltr'><strong>capi-</strong></span> 
     </span>
    </p>

    <p class='ocr_par' dir='ltr' id='par_1_13' title="bbox 877 2920 1603 2974">
     <span class='ocr_line' id='line_1_71' title="bbox 877 2920 1603 2974; baseline -0.004 -12"><span class='ocrx_word' id='word_1_459' title='bbox 877 2933 944 2973; x_wconf 82' lang='lat' dir='ltr'><strong>ta,</strong></span> <span class='ocrx_word' id='word_1_460' title='bbox 993 2923 1233 2973; x_wconf 82' lang='lat' dir='ltr'><strong>adducitur,</strong></span> <span class='ocrx_word' id='word_1_461' title='bbox 1282 2922 1502 2974; x_wconf 76' lang='lat' dir='ltr'><strong>aggeritur,</strong></span> <span class='ocrx_word' id='word_1_462' title='bbox 1551 2920 1603 2959; x_wconf 91' lang='lat' dir='ltr'><strong>ad</strong></span> 
     </span>
    </p>

    <p class='ocr_par' dir='ltr' id='par_1_14' title="bbox 876 2978 1603 3034">
     <span class='ocr_line' id='line_1_72' title="bbox 876 2978 1603 3034; baseline -0.006 -14"><span class='ocrx_word' id='word_1_463' title='bbox 876 2981 1032 3029; x_wconf 75' lang='lat' dir='ltr'><strong>radices</strong></span> <span class='ocrx_word' id='word_1_464' title='bbox 1065 2979 1132 3034; x_wconf 84' lang='lat' dir='ltr'><strong>(cf.</strong></span> <span class='ocrx_word' id='word_1_465' title='bbox 1160 2979 1339 3033; x_wconf 80' lang='lat' dir='ltr'><strong>Servius)</strong></span> <span class='ocrx_word' id='word_1_466' title='bbox 1370 2979 1403 3017; x_wconf 91' lang='lat' dir='ltr'><strong>si</strong></span> <span class='ocrx_word' id='word_1_467' title='bbox 1440 2978 1603 3030; x_wconf 83' lang='lat' dir='ltr'><strong>quidem</strong></span> 
     </span>
    </p>

    <p class='ocr_par' dir='ltr' id='par_1_15' title="bbox 878 3037 1602 3092">
     <span class='ocr_line' id='line_1_73' title="bbox 878 3037 1602 3092; baseline -0.004 -14"><span class='ocrx_word' id='word_1_468' title='bbox 878 3047 982 3078; x_wconf 78' lang='lat' dir='ltr'><strong>terra</strong></span> <span class='ocrx_word' id='word_1_469' title='bbox 998 3037 1261 3092; x_wconf 82' lang='lat' dir='ltr'><strong>coaequanda</strong></span> <span class='ocrx_word' id='word_1_470' title='bbox 1276 3045 1333 3075; x_wconf 88' lang='lat' dir='ltr'><strong>est</strong></span> <span class='ocrx_word' id='word_1_471' title='bbox 1346 3038 1521 3088; x_wconf 81' lang='lat' dir='ltr'><strong>gemmis</strong></span> <span class='ocrx_word' id='word_1_472' title='bbox 1530 3051 1602 3076; x_wconf 85' lang='lat' dir='ltr'><strong>ex-</strong></span> 
     </span>
    </p>
   </div>
  </div>
 </body>
</html>
