1768 3320
221 204 324 252 318

551 200 606 249 Ρ.
652 198 1008 251 VIRGILII
1044 196 1423 249 MARONIS

220 329 360 378 Area
383 341 507 376 cum
524 326 710 393 primis
728 326 934 391 ingenti
956 323 1234 393 aequanda
1255 321 1512 389 cylindr0,

218 398 290 449 Et
306 395 565 447 vertenda
589 413 781 462 manu,
821 405 874 447 et
896 404 1037 451 creta
1061 394 1338 446 solidanda
1358 393 1548 457 tenaci,

221 471 305 521 Ne
329 467 557 518 subeant
573 467 800 531 herbae,
836 483 948 517 neu
966 465 1188 534 pulvere
1213 466 1348 516 victa
1369 463 1587 530 fatiscat,
1646 468 1746 516 180

297 555 411 603 179.
449 563 662 601 remei:

737 555 849 602 180.
885 562 1168 609 rA'rIscA'r3

273 669 341 705 178
365 681 445 702 cum
471 669 603 716 primis
621 667 749 701 Medic.
778 674 925 713 uterque
952 673 988 700 et
1015 665 1179 711 plerique
1206 670 1314 707 vett.,
1347 663 1453 698 etiam
1470 663 1564 709 apud
1581 662 1746 697 Pierium.

222 715 296 752 Alii
313 729 393 749 cam
410 717 588 763 primum,
623 715 717 760 quod
736 714 879 759 vulgare
902 719 1014 755 esset,
1041 725 1150 760 quam
1165 713 1324 759 primum
1338 737 1347 754 ,
1379 719 1456 744 tum

223 763 316 799 Gell.
336 764 452 805 XVII,
472 764 506 799 2.
555 761 667 796 Etiam
687 769 743 795 est
761 762 803 795 ab
822 760 900 794 aliis
924 760 1147 794 interiicitur.

1507 712 1644 744 rimam.
1675 710 1746 744 vid.

1231 760 1298 795 179
1323 770 1456 792 verren
1485 771 1509 792 a
1526 758 1581 791 ed.
1599 757 1747 791 Mediol.

223 812 293 847 Sed
311 809 481 844 fodienda
498 815 552 843 est
566 815 663 843 terra
681 814 718 843 et
734 807 1022 842 comminuendae
1039 807 1164 853 glebae
1176 832 1185 850 ,
1210 812 1251 840 ut
1268 806 1355 839 Cato
1376 817 1406 839 c.
1425 806 1484 841 91.
1532 805 1749 840 Evertenda

191 895 201 904 .
223 858 394 893 Rottend.
415 869 484 891 sec.

225 940 414 982 formula.
477 941 573 982 178.
603 939 661 977 De
682 953 798 990 area,
831 937 959 996 ἄλωᾷ,

224 1007 412 1040 veterum
451 997 711 1050 cogitandum
755 1003 814 1036 est
835 1013 843 1036 :
891 997 961 1049 qui

225 1065 314 1098 erat
331 1058 443 1098 locus
463 1056 506 1095 in
529 1056 616 1109 ipso
642 1070 736 1109 agro
763 1061 902 1108 patens
921 1061 963 1094 et

226 1117 376 1166 editus,
417 1114 609 1170 (Varroni
639 1121 700 1153 est
724 1114 958 1162 sublimior,-

226 1181 267 1213 et
297 1188 388 1213 area
420 1171 672 1226 extumida‚)
705 1186 784 1224 qua
812 1177 959 1212 ventus

226 1234 398 1287 perflare
425 1237 579 1285 posset,
610 1230 763 1270 solidus
781 1245 828 1269 ac
845 1244 958 1269 com-

224 1292 414 1345 planatus
437 1320 448 1341 ,
497 1303 578 1341 quo
611 1290 861 1329 frumentum
908 1301 961 1327 ex

226 1364 322 1403 agro
347 1354 580 1401 congestum
600 1348 737 1386 statim
753 1347 960 1386 terebatur

225 1414 266 1447 et
295 1407 591 1456 ventilabatur3
625 1412 719 1445 tum
743 1411 962 1459 purgatum

225 1466 347 1506 corbe
384 1466 427 1504 in
467 1465 617 1504 horrea
653 1464 960 1517 deportabatur.

223 1524 308 1565 vid.
330 1524 461 1564 Varro
486 1523 536 1562 de
555 1523 604 1562 R.
625 1523 673 1562 R.
693 1523 731 1573 I,
757 1522 837 1574 513
875 1535 961 1561 non

226 1583 354 1633 enim,
392 1587 440 1621 ut
470 1581 580 1635 apud
611 1595 705 1632 nos,
739 1581 890 1620 tritura
917 1580 960 1618 in

224 1640 376 1681 horreo
417 1639 722 1679 instituebatur.
802 1638 962 1678 Scilicet

227 1699 322 1738 anni
340 1704 520 1751 tempuS,
553 1712 634 1749 quo
651 1697 732 1737 hoc
746 1697 961 1747 faciebant,

226 1757 379 1796 siccum
432 1762 472 1795 et
524 1756 647 1795 nullis
694 1756 842 1810 pluviis
886 1755 962 1794 ob-

226 1815 418 1864 noxium,
459 1815 577 1867 quale
601 1814 645 1853 in
672 1815 760 1853 istis
784 1813 962 1866 regioni-

226 1874 304 1913 bus
338 1885 422 1911 esse
457 1873 579 1923 solet,
620 1873 782 1912 nullum
805 1878 962 1911 tectum

226 1932 387 1980 locum,
425 1937 475 1970 ut
499 1930 608 1984 apud
634 1945 730 1982 nos,
771 1930 963 1983 requirit:

227 1990 273 2029 in
291 1989 340 2027 iis
359 1996 495 2027 tamen
522 1989 725 2042 partibus,
754 1989 798 2028 in
816 1989 962 2041 quibus

229 2047 385 2086 caelum
412 2047 704 2087 inconstantius
740 2053 863 2098 esset,
894 2052 963 2085 aut

228 2105 429 2146 nubilaria
491 2106 626 2145 vicina
683 2105 962 2145 habebantur:

229 2164 311 2204 vid.
323 2164 453 2203 Varro
463 2164 494 2214 I,
519 2167 584 2213 13,
603 2163 642 2214 5,
662 2170 734 2203 aut
750 2165 794 2203 in
812 2163 962 2203 horreo

227 2222 392 2275 perticis
429 2222 718 2262 exterebantur
742 2226 865 2275 grana
890 2235 963 2275 per

228 2280 413 2320 hiemem.
442 2281 526 2320 vid.
551 2281 706 2320 Colum.
725 2281 784 2331 ΙΙ,
814 2283 894 2330 21,
922 2279 962 2322 4.

229 2338 399 2378 Modum
430 2338 668 2378 conficiendi
695 2353 829 2378 aream
861 2352 963 2377 eun-

231 2396 324 2435 dem
335 2397 417 2435 sere
429 2410 522 2436 cum
534 2404 675 2436 nostro
699 2397 827 2436 tradit
842 2410 964 2451 prae-

229 2461 292 2494 ter
313 2455 484 2494 Varron.
502 2455 531 2505 I,
552 2455 620 2498 51.
661 2456 757 2495 Cato
779 2456 830 2495 de
844 2456 893 2495 R.
914 2455 963 2493 R.

229 2515 283 2555 91
318 2519 359 2552 et
390 2515 484 2555 129.
526 2513 574 2552 cf.
608 2514 761 2552 Colum.
803 2514 866 2563 H,
894 2516 963 2555 20.

229 2571 380 2610 Pauad.
417 2571 458 2620 I,
502 2571 565 2610 tit.
595 2574 663 2614 36.
701 2572 795 2622 VII,
826 2571 892 2610 tit.
927 2573 963 2612 1.

231 2630 411 2682 Geopon.
434 2628 492 2678 ΙΙ,
519 2631 588 2671 26.
621 2629 706 2669 vid.
735 2629 787 2668 ad
817 2628 963 2668 Tibull.

230 2687 272 2738 I,
291 2687 317 2730 5
330 2717 341 2737 ,
370 2689 440 2728 21.
507 2686 724 2737 Operosius
744 2700 878 2726 aream
896 2686 963 2724 in-

231 2751 386 2784 struere
395 2743 605 2796 Virgilium
625 2745 678 2784 ait
697 2745 797 2784 Plin.
818 2744 963 2793 XVIII,

231 2805 310 2854 29,
340 2817 370 2842 s.
398 2805 467 2844 76.
510 2803 614 2841 conf.
642 2803 817 2841 Dickson
848 2803 893 2841 T.
914 2801 963 2851 H,

231 2875 271 2914 p.
297 2863 381 2903 383
410 2873 466 2912 sq.
494 2873 527 2899 e.
557 2859 624 2902 40.
683 2861 761 2899 Pro
785 2860 962 2912 cylindro

231 2918 446 2957 rotandum
463 2918 644 2969 lapidem
672 2919 738 2958 vel
753 2919 965 2956 columnae

220 2977 509 3029 fragmentum
535 2982 732 3015 memorat
754 2975 963 3015 Palladius.

1019 936 1201 976 Eundem
1228 949 1350 975 usum
1367 935 1598 989 praestabat
1616 937 1748 988 pavi-

1018 996 1133 1046 cula,
1165 994 1484 1034 instrumentum
1508 1000 1642 1033 terrae
1671 1007 1749 1047 pa-

1017 1054 1188 1094 viendae
1232 1058 1273 1091 et
1318 1052 1552 1093 solidandae
1595 1058 1747 1106 aptum.

1017 1112 1203 1151 Imitatur
1229 1110 1341 1150 hunc
1366 1111 1502 1151 locum
1528 1110 1749 1150 Columella

1018 1172 1079 1220 X,
1115 1173 1199 1213 318
1226 1183 1324 1222 sqq.,
1359 1175 1398 1208 et
1433 1169 1615 1223 respexit
1647 1169 1747 1208 Plin.

1015 1229 1160 1279 XVIII,
1178 1231 1248 1279 29,
1270 1242 1300 1267 s·
1317 1230 1386 1270 71.

1079 1290 1230 1329 180—
1245 1288 1340 1328 186.
1366 1286 1558 1337 Observa,
1594 1292 1747 1339 quanto

1019 1360 1111 1385 cum
1141 1351 1291 1384 ornatu
1319 1350 1359 1383 et
1384 1346 1497 1399 copia
1514 1344 1616 1385 haec
1641 1345 1749 1384 dicta

1019 1404 1119 1443 sint:
1152 1403 1301 1456 alioqui
1319 1418 1474 1454 mures,
1503 1404 1650 1457 talpae,
1667 1403 1749 1442 bu—

1019 1464 1130 1503 sones
1156 1462 1311 1514 aliaque
1334 1463 1505 1516 reptilia,
1534 1463 1633 1502 item
1652 1475 1749 1500 cur-

1019 1521 1196 1560 culiones
1244 1526 1286 1559 et
1332 1521 1521 1561 formicae
1541 1551 1553 1572 ,
1601 1525 1750 1560 nocent

1017 1580 1236 1619 frumento.
1264 1594 1343 1618 nea
1360 1580 1529 1631 pulvere
1551 1581 1660 1619 victa
1668 1578 1749 1632 fa-

1019 1640 1151 1677 tiscat.
1212 1638 1316 1676 Rem
1346 1638 1526 1679 illustrat
1561 1638 1690 1678 Varro
1716 1636 1748 1686 I,

1020 1697 1088 1740 51.
1128 1709 1249 1749 quem
1286 1703 1380 1735 ante
1416 1696 1553 1736 oculos
1587 1695 1749 1736 habuit:

1020 1768 1155 1795 aream
1193 1755 1248 1793 ait
1280 1761 1468 1808 oportere
1506 1768 1588 1794 esse
1617 1754 1749 1794 solida

1019 1822 1121 1852 terra
1131 1815 1337 1865 pavitam,
1360 1815 1538 1852 maxime
1555 1815 1592 1852 si
1602 1821 1659 1852 est
1678 1827 1749 1852 ar-

1016 1872 1127 1923 gilla
1150 1901 1161 1921 ,
1207 1886 1256 1910 ne
1275 1901 1286 1922 ,
1333 1880 1459 1927 aestux
1482 1873 1748 1924 paeminosa,

1021 1928 1122 1984 (vox
1141 1942 1212 1969 seu
1231 1930 1442 1982 antiquata
1458 1944 1528 1969 seu
1543 1935 1749 1982 corrupta,

1019 1988 1052 2027 si
1075 1994 1184 2027 terra
1206 1988 1400 2043 squalida,
1428 1985 1629 2043 αὐχμηρὰ,
1659 1989 1750 2027 sue-

1017 2044 1088 2101 rit)
1120 2048 1164 2085 in
1190 2049 1303 2086 rimis
1339 2049 1423 2085 eius
1446 2061 1583 2099 grana
1610 2046 1749 2085 oblite-

1020 2113 1147 2155 scant,
1178 2113 1215 2143 et
1234 2107 1432 2157 recipiant
1454 2103 1577 2160 (illae)
1596 2119 1750 2158 aquam

1021 2172 1058 2202 et
1084 2165 1187 2202 ostia
1214 2165 1402 2216 aperiant
1425 2163 1604 2203 muribus
1630 2171 1751 2216 atque

1007 2222 1214 2275 formicis.
1277 2223 1479 2261 Fatiscere
1495 2220 1659 2275 proprie
1684 2220 1751 2259 di-

1021 2280 1145 2331 citur,
1196 2279 1390 2333 quicquid
1423 2280 1579 2320 viribus
1614 2279 1751 2318 fractis

1023 2338 1178 2390 deficit,
1216 2339 1274 2378 ita
1301 2344 1351 2378 ut
1376 2338 1582 2388 solvatur,
1620 2337 1752 2376 disso-

1022 2398 1158 2437 lutum
1188 2397 1407 2446 dilabatur,
1444 2401 1627 2450 proruat.
1686 2395 1752 2434 Sic

1023 2470 1085 2508 ap.
1112 2455 1243 2495 Valer.
1273 2456 1333 2494 Fl.
1358 2454 1442 2505 VH,
1471 2455 1554 2497 598
1585 2453 1653 2492 ille
1665 2453 1751 2506 fa-

1022 2516 1166 2552 tiscens
1193 2516 1236 2551 in
1263 2521 1391 2564 caput
1409 2514 1564 2564 proruit
1578 2542 1589 2561 ,
1624 2517 1664 2549 et
1683 2511 1750 2561 IV,

1021 2570 1078 2613 48
1119 2573 1209 2610 Icta
1213 2571 1380 2623 fatiscit
1398 2572 1518 2623 aquis
1536 2570 1660 2608 donec
1674 2569 1751 2607 do·-

1021 2643 1123 2668 mus.
1180 2628 1280 2667 Inde
1305 2630 1404 2667 Aen.
1434 2628 1452 2667 I
1463 2658 1475 2678 ,
1506 2630 1588 2670 123
1627 2641 1752 2666 naves

1018 2688 1132 2724 rimis
1136 2686 1343 2738 fatiscunt
1355 2717 1366 2736 ,
1399 2685 1440 2725 h.
1458 2699 1491 2725 e.
1520 2686 1749 2735 solvuntur,

1018 2743 1077 2782 ita
1103 2750 1151 2782 ut
1174 2744 1300 2783 rimae
1326 2744 1448 2795 fiant3
1489 2744 1538 2783 ab
1565 2743 1644 2783 hoc
1668 2742 1751 2782 Ae-

1019 2802 1149 2840 neidis
1187 2803 1276 2842 loco
1330 2803 1485 2842 duxere
1519 2802 1599 2842 viri
1640 2800 1751 2840 docti

1021 2860 1229 2899 notionem
1258 2861 1396 2912 verbi,
1427 2872 1510 2899 esse
1538 2859 1660 2911 illud,
1690 2860 1750 2897 ri-

1022 2932 1112 2956 mas
1130 2932 1262 2970 agere,
1282 2919 1444 2958 hiscere.
1478 2917 1534 2957 At
1550 2930 1625 2957 nec
1642 2922 1751 2957 recte

1021 2976 1069 3015 fit
1086 2976 1209 3028 illud,
1239 2990 1315 3016 nec
1332 2978 1468 3017 locum
1484 2975 1627 3027 habet,
1654 2989 1749 3015 nam
