1734 3320
137 161 239 211 580

467 159 525 209 Ρ.
560 158 923 211 VIRGILII
958 158 1340 210 MARONIS

205 286 305 336 Hic
332 283 614 353 quondam
641 286 841 335 morbo
876 286 1013 336 coeli
1042 286 1351 336 miseranda
1374 295 1560 337 coorta
1593 296 1673 337 est

137 360 481 423 TempestaS‚
517 363 748 423 totoque
771 358 1046 406 auctumni
1071 357 1347 407 incanduit
1373 366 1548 422 aestu,

135 429 204 477 Et
238 443 409 492 genus
442 442 607 476 omne
641 427 761 476 neci
797 426 1075 493 pecudum
1109 427 1286 492 dedit,
1335 444 1501 478 omne
1531 426 1671 478 fera-
1711 444 1719 452 ·

930 515 1055 547 rum
1068 522 1080 559 3
1567 503 1670 551 480

139 567 514 634 Conrupitque
536 566 704 628 lacus3
744 563 929 615 infecit
949 567 1143 635 pabula
1165 569 1307 620 tabo,
1324 557 1337 574 '

136 639 248 690 Nec
276 638 357 687 via
379 637 569 687 mortis
592 646 703 687 erat
721 635 972 704 simplex3
1010 637 1108 688 sed
1130 638 1226 688 ubi
1249 639 1402 703 ignea
1426 637 1576 688 venis

182 765 253 802 478
281 767 380 800 Hine
404 767 496 800 Ven.
526 771 563 799 et
590 778 678 800 unus
703 765 873 801 Arundel.
911 767 961 812 (et
990 770 1088 802 Serv.
1118 767 1246 802 Dresd.
1284 767 1383 812 Wr.)
1433 767 1528 815 coeli
1547 766 1671 802 morbo

135 814 271 849 zulich.
306 813 452 859 (Medic.
482 813 648 847 colim-ta.
690 814 787 859 Wt'.)

901 813 970 850 481
999 816 1257 870 Corrtpnitque
1284 814 1451 860 quinque*
1469 827 1524 861 ap.
1548 815 1669 849 Heius.

137 869 173 896 et
189 863 304 895 Burm.
329 861 398 894 duo
421 860 564 894 Martin.
584 861 693 895 Goth.
711 874 765 907 pr.
797 861 877 894 edd.
901 869 974 896 ant.
1026 864 1260 910 Corripitque
1280 861 1463 896 Gudianus
1477 889 1486 905 ,
1520 863 1670 897 aberra—

134 908 253 943 tiones
273 908 463 942 sollennes.
512 908 704 942 Confirmat
723 908 873 942 alterum
893 909 1030 943 Pierius
1056 922 1074 943 e
1095 912 1197 944 Rom.
1217 916 1254 942 et
1282 909 1436 954 optimus
1459 909 1604 956 quisque
1621 910 1670 943 li-

135 956 212 990 ber.

262 968 332 1001 que
352 955 455 988 abest
479 955 523 988 ab
545 955 737 990 nonnullis.
783 954 927 1003 pabula
945 956 1071 991 morbo
1091 959 1181 991 Ven.
1206 958 1334 1002 (Aegre
1358 957 1581 991 desideratur
1604 969 1669 992 co·-

134 1003 220 1048 pula
249 1003 285 1036 in
315 1002 429 1035 altera
455 1014 576 1036 versus
604 1010 727 1048 parte;
765 1015 873 1049 quare
895 1003 1060 1038 insistens
1087 1004 1245 1050 vestigiis
1264 1007 1360 1038 Serv.
1379 1004 1519 1047 Dresd„
1543 1005 1579 1038 in
1599 1016 1669 1050 quo

133 1050 266 1095 legitur
289 1050 532 1097 Corrupitque
562 1050 668 1084 lacus
684 1049 885 1097 infecitque
900 1051 1044 1099 pabala
1063 1051 1169 1095 tabo,
1204 1051 1431 1086 scribendum
1460 1064 1588 1088 censeo
1607 1054 1669 1086 in-

127 1097 326 1145 fectaque,
359 1109 464 1130 causa
494 1097 733 1141 corruptionis
764 1110 784 1131 a
813 1110 1025 1144 praegresso
1053 1101 1221 1147 corrupit
1248 1098 1412 1144 repetita.
1461 1100 1533 1134 Sed
1556 1099 1669 1141 videri

134 1144 270 1189 poterit
291 1143 351 1178 hic
371 1155 492 1178 versus
519 1144 655 1189 duplici
676 1145 805 1178 mendo
827 1157 848 1179 a
872 1146 1028 1181 librariis
1054 1147 1256 1192 inquinatus
1278 1154 1313 1180 et
1332 1146 1382 1181 sic
1400 1146 1520 1191 potius
1540 1146 1668 1192 legen-

135 1192 199 1225 dus
214 1204 221 1225 :
254 1217 276 1234 ,‚
287 1191 311 1224 C
324 1203 344 1225 o
355 1203 400 1224 rr
410 1203 431 1224 u
444 1203 467 1236 p
478 1190 548 1236 tiq
559 1204 580 1224 u
591 1204 609 1225 e
633 1192 730 1226 lacus
761 1192 964 1239 infectaque
986 1194 1118 1239 pabula
1135 1195 1259 1228 tabo.“

134 1239 208 1272 tavi
239 1245 276 1272 et
303 1238 495 1272 lectionem
520 1238 695 1284 vulgatam
723 1246 900 1285 utcunque
930 1241 1076 1275 defendi
1097 1242 1142 1275 ad
1160 1241 1233 1275 Ecl.
1254 1243 1316 1283 IV,
1341 1243 1374 1277 6.
1406 1242 1504 1286 Wr.)

1309 1194 1455 1227 Interim
1475 1194 1569 1228 nihil
1589 1207 1669 1227 mu-

1599 1242 1670 1278 482

135 1286 193 1320 Sic
213 1286 293 1320 ,Nee
307 1286 439 1320 modas
455 1287 621 1320 inserere
639 1295 751 1333 atque
773 1288 899 1322 oculos
916 1290 1105 1335 imponere
1126 1289 1281 1337 simplex
1300 1301 1377 1334 sup.
1397 1291 1440 1331 ΙΙ,
1465 1290 1513 1325 73
1532 1288 1569 1323 h.
1587 1301 1668 1323 mo—

135 1333 173 1367 di
190 1333 289 1368 varii.
338 1334 460 1368 ventis
477 1333 608 1368 Medic.
631 1346 652 1368 a
675 1347 721 1368 m.
740 1346 795 1380 pr.
821 1334 929 1380 (idem
950 1337 1076 1384 lignea
1095 1337 1191 1382 apud
1212 1335 1363 1382 Foggin.
1401 1339 1458 1373 W
1453 1337 1500 1382 r.)

194 1433 292 1477 478.
332 1433 466 1473 morbo
495 1436 622 1486 coeli,
667 1436 768 1476 vitio
803 1449 873 1475 ae—

134 1493 201 1532 ris.
237 1493 343 1532 conf.
372 1491 471 1532 Aen.
504 1494 571 1544 III,
605 1496 756 1538 137-
777 1498 872 1537 139.

141 1553 375 1603 Tempestas
407 1550 449 1591 h.
466 1551 492 1590 l.
513 1553 738 1606 temperies.
770 1562 874 1592 tolo—

135 1624 211 1663 que
253 1612 465 1648 auctumni
496 1611 708 1650 incanduit
739 1620 869 1661 aestu,

135 1682 220 1707 non
240 1673 325 1705 tam
343 1668 517 1719 exarsit,
549 1675 665 1708 ortus
692 1675 772 1719 est,
804 1676 875 1709 aut

136 1726 301 1764 duravit
321 1731 411 1765 toto
435 1733 678 1778 auctumno,
709 1728 781 1766 sed
805 1741 874 1767 aer

134 1784 408 1823 inflammatus
442 1791 503 1824 est
530 1791 618 1823 tota
645 1792 778 1824 aestus
797 1800 874 1825 au-

136 1841 354 1881 ctumnalis
387 1843 441 1882 vi.
502 1844 614 1882 Solet
654 1844 760 1883 enim
798 1859 873 1884 au-

136 1900 293 1940 ctumni
312 1907 447 1939 aestus
472 1900 659 1955 inprimis
678 1902 811 1955 gravis
832 1909 874 1942 et

134 1958 417 1998 intolerandus
437 1972 519 1998 esse
543 1967 582 1998 et
611 1961 776 2000 morbos
808 1961 872 2013 gi-

134 2031 272 2070 gnere,
311 2017 496 2069 inprimis
525 2019 766 2058 succedente
794 2019 873 2058 diei

136 2075 264 2114 aestui
282 2081 484 2115 nocturno
505 2077 666 2129 frigore.
727 2078 873 2117 Omni-

134 2148 189 2173 no
213 2139 350 2172 autem
371 2148 438 2184 ea,
470 2149 571 2187 quae
603 2137 646 2175 in
667 2150 775 2189 seqq.
797 2150 873 2175 ex-

134 2198 348 2245 ponuntur
376 2193 426 2231 de
450 2194 679 2246 pestilentia
709 2208 780 2234 seu
805 2195 873 2234 lue

135 2250 355 2303 pecudum,
375 2251 558 2303 undique
574 2259 672 2292 sunt
691 2253 871 2304 collecta,

135 2321 211 2347 nec
228 2309 344 2347 facile
363 2323 448 2349 uno
463 2316 646 2364 tempore
666 2318 814 2351 cuncta
833 2325 874 2350 se

136 2373 348 2418 exserunt3
396 2369 531 2408 omnia
564 2375 701 2408 tamen
737 2369 874 2408 decla—

135 2430 230 2463 rant
248 2425 415 2464 miasma
433 2433 475 2465 et
493 2434 701 2480 contagem
721 2442 792 2480 per
804 2434 874 2467 to-

135 2488 226 2521 tum
246 2496 379 2522 aerem
403 2484 608 2536 diffusam,
640 2500 742 2538 quae
764 2486 873 2526 vita-

133 2540 214 2580 lem
230 2541 314 2580 vim
334 2542 507 2582 solutam
527 2544 713 2583 destruit.
772 2543 872 2587 481.

136 2598 354 2649 Ordinem,
402 2600 536 2653 inquit
574 2602 757 2652 Servius,
807 2615 873 2641 se-

136 2664 290 2709 quutus
308 2663 388 2707 est,
419 2672 540 2710 quem
558 2666 599 2698 et
623 2661 784 2699 Lucret.
807 2666 871 2699 te-

137 2712 227 2755 nuit
246 2716 311 2766 VI,
340 2716 451 2758 1094
475 2731 559 2770 sqq.
582 2724 624 2756 et
642 2718 870 2757 Sallustius:

136 2773 268 2827 primo
290 2786 445 2825 aerem,
475 2775 572 2815 inde
594 2790 752 2828 aquam,
776 2782 871 2828 post

136 2831 285 2884 pabula
318 2845 401 2871 esse
443 2840 648 2887 corrupta.
700 2832 870 2887 (eontra

135 2890 321 2929 Lucanus
340 2891 406 2941 VI,
429 2894 517 2934 93.:
547 2892 765 2943 „coeloque
782 2906 810 2945 p
823 2906 868 2930 a—

137 2948 317 2987 ratior
364 2949 476 2988 unda
506 2949 636 2990 Omne
672 2950 758 3004 pati
801 2950 867 2990 vi-

930 1452 1014 1478 rus,
1026 1439 1051 1461 “
1085 1437 1204 1493 Wr.)
1237 1437 1353 1488 tabo,
1387 1451 1558 1488 veneno,
1590 1437 1669 1477 mi·-

932 1502 1080 1535 asmate
1108 1497 1221 1535 aeris.
1258 1497 1362 1536 conf.
1402 1496 1562 1536 Lucret.
1590 1496 1667 1546 VI,

936 1558 1060 1597 1123.
1111 1554 1236 1598 1124.
1313 1553 1412 1598 482.
1463 1556 1557 1594 IVee
1598 1557 1669 1594 via

933 1616 1071 1652 mortis
1088 1622 1174 1652 erat
1194 1614 1382 1665 simplex.
1453 1615 1538 1654 Via
1558 1628 1669 1652 mor-

933 1674 984 1710 tis
1002 1687 1083 1710 non
1100 1673 1276 1723 simplex
1289 1703 1300 1722 ,
1333 1686 1418 1711 non
1435 1684 1543 1711 unus
1554 1702 1566 1723 ‚
1597 1671 1668 1711 sed

931 1730 1034 1769 varii
1081 1736 1199 1769 erant
1240 1731 1381 1770 mortis
1416 1731 1540 1770 modi.
1606 1731 1668 1770 Ita

931 1789 1014 1827 fere
1034 1788 1152 1828 Oros.
1163 1789 1213 1838 V,
1226 1792 1278 1831 21
1314 1791 1409 1828 Nec
1427 1791 1566 1828 mortis
1584 1798 1669 1829 erat

930 1848 1002 1885 via
1030 1847 1205 1898 simplex
1234 1855 1308 1885 auc
1344 1862 1429 1886 una
1462 1848 1637 1886 conditio
1648 1863 1665 1896 ;

931 1918 1120 1958 accepere
1151 1904 1218 1943 alii
1247 1905 1324 1955 sic,
1365 1912 1414 1944 ut
1442 1919 1554 1945 mors
1583 1919 1669 1946 non

929 1963 980 2002 sit
998 1963 1098 2003 levis
1110 1993 1121 2014 ,
1151 1962 1224 2002 sed
1240 1977 1333 2003 eum
1354 1963 1452 2003 diris
1473 1964 1669 2004 cruciati-

928 2022 1006 2061 bus
1040 2021 1269 2061 coniuncta.
1332 2022 1392 2062 Eo
1422 2023 1507 2062 sere
1535 2023 1666 2074 redit,

931 2080 1043 2132 quod
1065 2079 1191 2119 habet
1212 2080 1396 2120 Servius:
1425 2096 1498 2120 nec
1519 2083 1667 2121 morie-

930 2138 1077 2178 bantur
1107 2154 1156 2178 ex
1184 2153 1284 2190 usu,
1327 2139 1374 2178 id
1399 2147 1456 2178 est
1468 2170 1479 2190 ,
1521 2154 1666 2179 secun-

932 2197 1031 2235 dum
1067 2198 1297 2236 naturalem
1334 2198 1514 2237 ordinem
1521 2214 1538 2247 ;
1586 2213 1667 2237 non

932 2255 1222 2307 tantumfuga
1241 2258 1422 2307 animae,
1455 2257 1529 2295 sed
1543 2259 1667 2296 etiam

930 2315 1104 2364 eorporis
1122 2315 1374 2353 resolutione.
1425 2316 1503 2354 Est
1529 2324 1667 2354 autem

932 2372 1141 2421 Sallustii,
1176 2375 1250 2425 qui
1276 2374 1336 2411 ait
1360 2374 1403 2411 in
1407 2373 1573 2426 fragm.
1599 2376 1666 2412 in-

930 2438 1020 2469 oert.
1034 2446 1046 2468 .-
1069 2431 1125 2468 N
1121 2444 1164 2468 ec
1179 2431 1360 2482 simplici
1369 2431 1530 2484 quidem
1542 2440 1666 2470 morte

930 2487 1214 2527 moriebantur.
1286 2490 1388 2527 Sane
1420 2503 1526 2528 mors
1561 2492 1665 2529 sim—

925 2546 1024 2597 plex
1052 2545 1202 2585 dicitur
1220 2576 1231 2596 ‚
1279 2559 1383 2598 quae
1413 2547 1535 2586 nullis
1573 2554 1665 2588 tor-

929 2604 1076 2642 mentis
1109 2617 1157 2642 ae
1187 2603 1396 2644 doloribus
1422 2607 1663 2658 geminatur,

929 2667 979 2700 ut
1002 2661 1046 2700 in
1071 2661 1161 2700 loco
1189 2675 1210 2699 e
1235 2664 1398 2702 Sueton.
1426 2664 1535 2704 Caes.
1560 2663 1616 2708 84
1640 2679 1664 2703 a

928 2719 1066 2758 Burm.
1084 2719 1263 2760 laudato.
1293 2719 1380 2764 482
1394 2746 1442 2752 -
1457 2723 1556 2766 485.
1571 2723 1663 2763 Pri-

927 2791 1042 2815 mum
1069 2784 1184 2817 aestu
1208 2779 1329 2818 febris
1361 2780 1511 2833 ingenti
1532 2795 1580 2820 ac
1597 2781 1663 2821 siti

928 2840 1062 2873 totum
1094 2849 1241 2888 corpus
1271 2839 1523 2890 torrebatur,
1564 2854 1662 2879 mox

927 2893 1236 2934 contabescebat
1283 2896 1568 2949 colliquatione
1615 2912 1662 2937 ae

924 2951 1169 2992 resolutione
1212 2954 1390 2994 omnium
1426 2955 1658 2996 humorum.
