1768 3320
212 257 275 304 16
481 250 580 302 DE
618 249 985 301 CARMINE
1021 243 1449 300 BUCOLICO

212 391 457 442 maluisse
505 392 656 458 sequi
705 405 862 457 quam
913 384 1275 437 Theocritum.
1346 382 1503 434 Artis
1531 382 1732 435 seilicet

209 478 426 528 semper
450 458 655 511 facilior
673 459 918 519 imitatio;
955 454 1247 507 naturalem
1266 460 1602 505 venustatem
1625 451 1730 507 dif-

211 531 446 582 ficillime
476 546 767 598 assequare.

351 600 513 665 Quod
549 600 615 650 ad
660 594 1294 662 descriptionem
1332 601 1397 643 -et
1443 606 1730 644 oecono-

208 672 406 722 miam
450 670 643 720 huius
691 666 1000 717 carminis
1046 665 1258 729 attinet,
1316 663 1460 714 varie
1502 679 1563 713 ea
1610 665 1730 731 qui—

216 742 343 792 dem
383 740 582 791 institui
624 745 825 805 potest,
890 750 1105 800 semper
1148 742 1332 784 tamen
1366 732 1729 801 spectandum

212 811 340 874 hoc,
393 819 454 860 ut
491 825 550 859 ea
589 806 925 875 potissimum
965 804 1099 854 ratio
1124 820 1183 853 ac
1218 805 1300 854 via
1342 803 1587 871 ineatur„
1624 820 1729 871 qua

210 880 436 932 maxima
462 878 700 946 voluptas
727 875 948 941 legentis
983 873 1162 924 animo
1201 871 1384 924 afferri
1405 874 1600 941 possit3
1637 886 1730 924 cu-

213 952 292 1001 ius
336 948 556 1017 quidem
595 947 674 997 rei
713 962 778 996 eo
822 944 1127 1010 diligentior
1169 944 1304 994 ratio
1342 943 1594 994 habenda
1635 952 1730 1009 est,

215 1019 364 1088 quod
389 1019 544 1069 huius
576 1016 819 1067 carminis
853 1014 1154 1082 simplicitas
1188 1020 1242 1065 et
1260 1013 1530 1065 humilitas
1563 1014 1730 1064 inter-

216 1090 345 1140 dum
377 1089 432 1139 in
460 1087 739 1138 exilitatem
778 1085 945 1150 abire,
980 1083 1115 1134 lenis
1150 1093 1202 1135 et
1227 1084 1406 1135 mollis
1431 1083 1595 1134 tenor
1616 1083 1736 1134 lan-

213 1176 402 1225 gnere,
438 1157 584 1208 solet.
650 1158 792 1208 Raro
821 1155 998 1221 itaque
1030 1163 1192 1222 poeta
1221 1154 1480 1205 narrantis
1512 1162 1602 1205 aut
1636 1153 1732 1203 de·-

214 1229 487 1279 scribentis
525 1235 699 1295 partes
746 1226 981 1292 suscipit3
1037 1225 1138 1274 nisi
1175 1224 1264 1275 ille
1315 1225 1372 1275 in
1412 1232 1730 1290 argumento

215 1296 510 1348 admodum
532 1296 674 1346 suavi
701 1304 753 1345 et
778 1296 996 1362 copioso
1027 1311 1086 1345 ac
1106 1293 1304 1345 florido
1331 1304 1597 1354 versetur3
1634 1293 1732 1344 sed

215 1368 470 1418 convertit
498 1364 613 1416 fere
645 1382 763 1415 rem
792 1366 847 1414 in
870 1365 1052 1415 drama
1079 1373 1133 1416 et
1161 1365 1217 1415 in
1242 1365 1538 1433 actionem,
1562 1365 1734 1432 ipsos-

131 1458 135 1464 ·
213 1454 318 1505 que
348 1445 584 1504 pastores
619 1435 984 1502 colloquentes
1015 1452 1073 1485 ac
1109 1444 1384 1486 narrantes
1419 1434 1640 1501 inducit,
1672 1442 1735 1485 ut

211 1524 295 1557 res
332 1523 444 1557 non
480 1515 588 1556 tam
616 1506 840 1570 narrari,
887 1523 1051 1573 quam
1079 1506 1259 1573 potius
1294 1506 1431 1571 geri,
1476 1522 1535 1555 ac
1563 1502 1734 1556 lecto-

210 1577 281 1626 ris
332 1577 495 1626 oculis
535 1576 744 1640 subiici,
818 1584 870 1625 et
908 1575 996 1626 ille
1037 1576 1179 1627 inter
1214 1575 1365 1626 silvas
1399 1591 1603 1641 errare,
1675 1574 1732 1625 in

211 1647 401 1696 umbra
435 1646 636 1696 arboris
668 1646 920 1712 assidere,
979 1655 1249 1697 cantantes
1287 1646 1472 1697 audire
1519 1644 1619 1695 sibi
1655 1645 1734 1695 vi-

217 1716 425 1776 deatur3
483 1715 632 1783 quod
670 1733 783 1765 non
826 1717 895 1766 ita
928 1716 1324 1784 accipiendum,
1376 1725 1654 1784 tamquam
1690 1714 1733 1764 si

218 1802 381 1836 omne
414 1800 626 1835 carmen
672 1785 933 1853 pastorale
968 1786 1319 1837 dramaticum
1361 1803 1477 1837 esse
1526 1785 1735 1848 debeat,

216 1865 277 1906 ut
313 1873 434 1906 cum
450 1858 733 1921 Fraguerio
745 1859 795 1923 *J
818 1856 1079 1924 plerique,
1121 1857 1213 1925 qui
1242 1855 1350 1908 hoc
1383 1856 1452 1908 de
1483 1855 1738 1920 carmine,

218 1942 392 1992 nuper
421 1943 662 1994 quoque,
699 1927 978 1993 scripsere,
1027 1927 1346 1991 existimant,
1390 1943 1582 1977 verum
1612 1925 1736 1994 quia

220 1994 350 2045 haec
378 1997 509 2045 ratio
538 2005 729 2062 poetae
762 1997 979 2047 consilio
1009 1996 1127 2049 fere
1156 1998 1386 2048 maxime
1425 1995 1736 2064 respondet.

335 2066 505 2115 Situs
540 2082 597 2115 ac
629 2065 758 2116 loci
787 2068 1249 2137 temporisque
1275 2067 1741 2135 designati0‚quae¹

222 2135 474 2202 cuiusque
504 2136 746 2186 carminis
786 2147 1100 2202 argumento
1134 2138 1439 2202 conveniat,
1491 2137 1735 2203 uti'poe-

221 2213 305 2253 tae
337 2206 592 2270 ingeniosi
629 2223 741 2256 non
770 2207 955 2258 infima
985 2208 1096 2259 laus
1127 2216 1230 2272 est,
1275 2209 1345 2259 ita
1375 2207 1444 2259 ad
1469 2207 1735 2258 maiorem

224 2290 286 2322 ex
310 2274 538 2325 lectione
570 2278 875 2328 suavitatem
905 2278 1220 2345 capiendam
1250 2295 1364 2329 non
1383 2294 1576 2346 parum
1595 2274 1733 2326 facit.

227 2344 387 2395 Cuius
429 2346 572 2394 enim
610 2347 813 2397 animus
851 2349 989 2397 veris
1028 2366 1086 2399 ac
1121 2349 1283 2412 ruriS,
1327 2363 1653 2417 pascuorum
1683 2354 1736 2396 et

224 2423 612 2480 armentorum,
666 2418 807 2467 suavi
840 2417 1197 2486 descriptione
1235 2435 1349 2469 non
1381 2418 1737 2469 vehementer

226 2483 536 2550 delectatur,
606 2495 693 2536 aut
732 2488 847 2554 quis
887 2498 1100 2539 cantum
1139 2490 1364 2556 pastoris
1410 2505 1525 2538 non
1561 2484 1735 2537 multo

223 2553 509 2617 gratiorem
548 2571 660 2605 esse
697 2557 879 2619 sentit,
927 2559 968 2607 si
1009 2558 1096 2609 ille
1133 2560 1231 2610 sub
1271 2558 1376 2625 fagi
1402 2558 1619 2620 umbra,
1665 2554 1732 2605 ad

223 2622 375 2671 rivuli
405 2639 669 2687 murmur,
706 2626 760 2675 in
790 2626 940 2676 molli
971 2628 1139 2679 herba
1170 2630 1310 2681 inter
1337 2644 1562 2695 gregum
1593 2624 1736 2678 exul-

224 2692 473 2756 tationeS,
509 2693 700 2743 sedens
730 2695 839 2745 otio
869 2697 1172 2763 indulgeat?

398 2793 545 2833 Dicunt
562 2794 603 2834 in
621 2802 758 2835 tenero
779 2799 953 2849 grmnine
970 2800 1176 2853 pinguium

397 2853 589 2890 Custodes
616 2854 751 2893 ovium
771 2857 964 2908 carmina,
994 2858 1128 2898 fistula

272 2963 300 3008 ‘)
331 2965 576 2999 Dissertation
597 2977 663 3000 sur
679 2966 865 3014 I'Eclogue
880 2981 950 3015 par
1006 2972 1137 3006 moires
1158 2972 1203 3006 de
1227 2972 1447 3008 PAcademie
1471 2970 1538 3006 des
1564 2969 1736 3016 Inscript.

226 3013 300 3046 Mt.
322 3010 456 3045 l’Abbe'
471 3014 664 3059 Fraguier,
680 3014 776 3047 dans
793 3015 846 3048 les
865 3017 948 3049 Me'-
1005 3018 1050 3053 T.
1071 3020 1119 3061 11,
1145 3031 1181 3063 p.
1201 3020 1278 3055 132.
