1768 3320
495 50 514 83 ’κ

515 83 555 113 χ

321 155 805 255 GEQRGTCON
841 173 984 226 LIB.
1018 174 1069 237 1,
1111 178 1407 235 πῆς-496
1522 182 1622 230 321

95 301 480 370 Nequidquam
497 300 711 369 pinguis
728 298 882 366 palea
901 308 1042 350 teret
1059 317 1181 350 area
1203 300 1423 354 culmos

170 372 388 424 Semina
403 371 513 422 vidi
540 369 800 439 equidem
819 369 1024 420 multos
1042 370 1315 420 medicare
1334 381 1590 438 serenteS‚

97 444 167 494 Et
182 442 326 493 nitro
343 443 493 510 prius
511 451 565 492 et
582 442 732 507 nigra
749 439 1083 508 perfundere
1103 458 1342 492 amurca:

99 511 371 564 Grandior
384 521 446 563 ut
463 511 607 562 fetus
640 510 845 579 siliquis
862 509 1136 561 fallacibus
1158 520 1312 574 esset,
1350 552 1365 562 .

96 585 166 635 Et
177 623 193 648 ,
227 584 471 657 quamvis
492 583 600 649 igni
622 582 810 648 exiguo
824 623 839 647 ,
874 591 1163 649 properata
1187 580 1487 632 maderent.

1528 514 1626 564 195

148 727 219 763 192
235 726 393 774 pinguis
410 725 527 773 palea
553 724 677 759 Heius.
702 736 722 758 e
753 724 882 758 Medic.
912 729 949 757 et
974 722 1076 764 aliis;
1110 722 1214 757 etiam
1240 724 1400 757 Romano
1430 728 1468 755 et
1495 722 1627 756 Medic.

96 772 230 816 Pierii,
263 779 340 807 tum
356 776 454 808 Serv.
501 773 663 820 pingues
683 771 796 818 palea
812 771 959 805 Mentel.
983 783 1037 816 pr.
1068 778 1103 805 et
1121 770 1231 805 Goth.
1259 782 1330 805 sec.
1378 770 1554 817 pingueis
1572 769 1629 803 vel

93 822 254 869 pinguis
270 820 403 867 paleae
427 818 535 863 vulgo
560 819 706 853 editum.
754 820 939 866 (pingues
950 818 1091 866 paleae
1111 830 1210 859 esse,
1244 818 1305 863 qui
1332 817 1473 862 legant,
1505 816 1629 850 scribit

100 867 207 902 etiam
230 867 430 913 Philargyr.
463 865 560 910 Wr.)
602 866 718 914 palea
735 867 892 914 pinguis
919 867 1045 900 Moret.
1064 878 1117 912 pr.
1166 867 1255 899 terit
1275 867 1463 898 Romanu&
1562 862 1631 900 194

94 914 353 963 praesundere
371 915 461 949 Ven.
509 926 667 962 oenurga
689 913 814 947 scribit
835 913 966 947 Medic.
989 925 1068 947 cum
1095 912 1140 946 al.
1186 912 1252 957 (sic
1280 912 1375 946 idem
1393 910 1523 945 Medic.
1552 923 1629 945 cum

99 962 192 997 Gud.
214 962 278 996 Ge.
295 963 362 1003 111,
385 960 487 1001 448&
520 961 593 994 vid.
622 959 729 994 etiam
750 959 955 995 Schneider.
977 960 1087 994 Index
1110 959 1156 993 ad
1174 959 1319 1004 Scriptt.
1340 960 1383 994 R.
1404 960 1447 993 R.
1470 958 1535 991 sub
1561 958 1630 992 hoc

99 1021 178 1044 voc.
225 1008 371 1043 Graecis
398 1007 528 1042 dicitur
555 1004 716 1053 α’μόργη.
764 1007 904 1049 Servius
924 1007 961 1041 h.
984 1007 1028 1041 l.:
1055 1019 1239 1050 „amurca
1261 1019 1329 1052 per
1346 1020 1367 1040 c
1384 1005 1567 1047 scribitur,
1593 1012 1630 1039 et

99 1068 168 1102 per
184 1069 212 1104 g
228 1054 501 1102 pronunciatur,
524 1061 564 1088 ut
582 1058 617 1089 C.
635 1056 770 1096 Gaius,
797 1057 860 1089 C'n.
880 1056 1043 1088 Gneus.“
1073 1056 1130 1089 W
1123 1054 1167 1098 r.)
1216 1055 1298 1088 Vss.
1318 1054 1396 1089 195.
1417 1052 1630 1098 1961egun-

99 1109 159 1138 tur
179 1114 238 1149 ap.
258 1101 488 1137 Columellam
506 1103 550 1145 11,
573 1103 629 1143 10,
651 1104 707 1138 11.
738 1101 800 1135 ubi
826 1114 846 1135 e
874 1102 953 1136 cod.
973 1108 1158 1146 receptum
1175 1113 1267 1135 nune
1288 1101 1464 1134 maderet.
1563 1100 1631 1136 196

100 1152 190 1198 igne
213 1149 359 1185 Mentel.
386 1162 441 1195 pr.
476 1153 529 1183 Et
547 1169 592 1174 —
613 1158 750 1183 tamen.
775 1150 1012 1194 Expectabam
1038 1148 1074 1182 in
1094 1148 1213 1194 aliquo
1241 1148 1335 1182 libro
1359 1147 1404 1181 in‘
1430 1147 1629 1181 inventum:

100 1201 173 1240 At,
197 1209 253 1244 q.,
276 1196 373 1244 quod
391 1209 483 1231 nunc
497 1196 657 1242 reposuit
675 1197 824 1230 Brunck.
845 1204 880 1230 et
899 1196 1044 1231 Wakef.
1092 1196 1274 1242 Sequebar
1295 1194 1387 1229 enim
1409 1194 1554 1228 alteram
1570 1194 1631 1228 iu-

100 1243 399 1290 terpunetionem,
419 1250 459 1277 nt
478 1243 595 1278 iuncta
615 1251 748 1277 essent:
772 1247 840 1283 Et,
866 1245 1035 1289 quamvis
1053 1263 1098 1268 —
1116 1243 1328 1284 inciderent,
1360 1242 1449 1276 Vidi
1465 1242 1563 1276 lecta
1583 1261 1628 1266 —

101 1291 331 1339 degenerare
351 1299 486 1325 tamen.
517 1292 572 1325 Ita
588 1291 749 1324 fraudem
766 1291 901 1324 fecerat
919 1290 1097 1324 iunctura:
1122 1291 1290 1336 quamvis
1307 1296 1476 1335 sequente
1494 1297 1630 1322 tamen.

101 1338 271 1373 Cati-oeus
292 1345 330 1372 et
348 1338 410 1372 alii
433 1338 535 1372 huius
563 1350 686 1372 versus
717 1338 785 1372 fine
813 1338 983 1371 maiorem
1011 1344 1148 1382 ponunt
1171 1333 1351 1381 στιγμήνς
1380 1343 1419 1369 ut
1439 1335 1530 1370 adeo
1547 1336 1631 1370 iun-

101 1393 221 1432 gatur:
246 1394 289 1420 ut
306 1394 405 1419 esset
424 1393 460 1419 et
481 1394 523 1419 ut
541 1385 755 1419 maderent:
788 1391 911 1430 potest
927 1384 1117 1419 auctoritas
1136 1384 1210 1430 peti
1234 1396 1253 1417 e
1272 1384 1406 1417 Colum.
1431 1384 1474 1424 11,
1499 1384 1554 1425 10,
1575 1385 1630 1418 11.

103 1439 142 1468 et
159 1432 197 1466 iu
212 1432 284 1466 hoc
300 1443 392 1466 nunc
408 1432 612 1478 acquiesco,
637 1431 787 1466 meliora
807 1432 966 1466 edoctus.
1014 1434 1128 1465 Antea
1149 1430 1241 1464 enim
1263 1430 1300 1464 in
1320 1431 1358 1464 h.
1380 1430 1405 1464 l.
1431 1430 1631 1472 haerebam,

103 1479 186 1526 quia
203 1492 253 1514 vs-
276 1480 345 1516 196
371 1479 416 1513 ad
440 1479 572 1513 semina
595 1479 746 1512 serenda
763 1479 962 1513 referebam
979 1491 1057 1512 cum
1074 1478 1165 1512 aliis.
1213 1480 1258 1512 At
1282 1477 1313 1512 si
1332 1477 1485 1511 monitus
1510 1477 1631 1519 fueris,

103 1539 183 1561 eum
204 1538 343 1561 versum
369 1526 414 1560 de
437 1525 672 1571 leguminibus
698 1538 718 1559 e
743 1526 875 1559 semiue
890 1526 983 1559 natis
1001 1538 1128 1571 agere,
1163 1525 1283 1559 statim
1303 1531 1473 1570 apparet,
1506 1523 1544 1557 id
1562 1524 1631 1569 agi,

103 1573 202 1620 quod
225 1585 282 1620 ap.
301 1573 435 1608 Pallad.
455 1575 536 1614 XII,
560 1576 577 1610 l
606 1580 678 1607 est:
715 1574 852 1607 Graeci
872 1582 1066 1614 asserunt,
1092 1571 1213 1619 fabae
1232 1574 1375 1607 semina
1405 1591 1450 1596 —
1477 1573 1631 1614 nin-ata,

102 1633 204 1668 aqua
218 1632 393 1669 respersa
403 1647 414 1664 ,
439 1629 626 1656 cocturam
643 1633 720 1655 non
737 1619 874 1655 habere
896 1619 1093 1666 difficilem.

102 1745 303 1795 praestat:
340 1740 453 1779 Ata
480 1740 757 1793 nequidquam
774 1749 837 1779 te-

102 1807 161 1838 net
207 1799 362 1837 culmos
376 1828 389 1848 ,
446 1804 592 1851 utpote
633 1801 836 1851 pingues,

104 1856 380 1907 abundantes,
402 1857 554 1907 palea,
585 1870 669 1895 non
689 1857 837 1910 granis.

103 1915 242 1955 Potest
265 1915 373 1954 enim
406 1914 526 1953 en‘am
561 1915 700 1967 iungi:
740 1930 838 1954 area

87 1981 200 2012 ,teret
227 1974 382 2012 culmos
409 1973 706 2026 nequidquam,
747 1974 838 2012 sru-

105 2037 213 2083 stra,
252 2031 468 2080 inutiliter,
499 2033 681 2083 pingues
699 2062 712 2082 ,
746 2046 839 2070 cum

105 2103 201 2129 nont
230 2089 363 2141 granis
402 2089 487 2128 sint
519 2089 688 2141 pingues
703 2120 715 2140 ,
770 2089 843 2128 sed

98 2148 243 2200 palea.

168 2207 264 2247 193.
299 2205 466 2243 Semina
501 2204 753 2256 leguminum
774 2204 841 2243 in-

107 2262 254 2315 tellige,
274 2276 370 2301 nam
387 2261 524 2314 paullo
542 2268 654 2315 post:
684 2263 843 2315 siliquis

94 2319 330 2374 fallacibus
340 2336 357 2368 ;
397 2334 497 2372 quas
510 2350 521 2369 ,
561 2320 673 2372 quod
702 2320 843 2359 Halle-

107 2393 180 2419 rus
198 2378 406 2428 censebat,
436 2392 513 2431 pro
526 2378 661 2430 gluma
678 2392 749 2417 seu
762 2379 843 2417 sol-

107 2437 231 2477 lieulo
263 2436 344 2476 dici
374 2449 491 2489 posse
520 2435 634 2475 haud
652 2437 842 2486 arbitror,

110 2501 152 2534 et
176 2508 242 2534 me
281 2494 498 2534 confirmat
521 2495 674 2534 Plinius
697 2495 842 2544 XVIII,

113 2556 168 2595 17
184 2551 275 2608 (45)
300 2560 340 2592 et
362 2554 517 2592 Colum.
532 2553 582 2601 II,
602 2556 668 2602 10,
691 2556 757 2595 11.
776 2553 843 2602 ΙΠ,

115 2613 182 2659 10,
206 2612 365 2663 18,·qm'
388 2611 536 2650 diserte
562 2611 772 2663 Virgilium
795 2611 844 2649 de

111 2668 205 2707 saba
229 2669 341 2721 loqui
370 2670 590 2709 affirmant.
621 2670 670 2708 cf.
693 2669 844 2708 Pallad.

112 2726 203 2776 XII,
218 2726 281 2765 tit.
297 2730 334 2768 1.
365 2728 544 2780 Geopon.
555 2728 604 2776 11,
623 2728 691 2777 35,
704 2731 731 2769 2
752 2727 847 2765 add.

115 2798 149 2823 c.
165 2786 232 2833 18,
257 2787 279 2825 1
299 2790 340 2822 et
354 2798 386 2824 s.
407 2788 474 2835 12,
496 2785 596 2824 item
616 2799 649 2824 c.
662 2787 731 2827 41.
762 2785 849 2824 Etsi

114 2855 261 2882 verum
285 2848 366 2892 est,
403 2842 447 2881 in
479 2843 651 2883 aliarum
686 2856 848 2895 quoque

114 2901 278 2952 frugum
294 2899 510 2939 seminibus
531 2900 611 2940 hoc
630 2901 739 2940 idem
755 2907 849 2939 ten-

115 2964 251 2997 tatum
276 2970 381 3007 esse,
413 2970 453 2997 v.
474 2971 509 2996 c.
534 2959 577 2997 in
596 2959 733 2998 tritico
747 2959 847 2999 Plin.

186 3027 397 3076 Vmeu..
434 3026 579 3075 ΤοΜ.
604 3026 642 3075 1.

894 1739 1041 1789 XVIII,
1055 1741 1124 1789 73,
1138 1737 1359 1791 amygdalis
1379 1738 1464 1778 vid,
1481 1738 1631 1778 Pallad.

895 1798 944 1847 11,
976 1798 1042 1848 15,
1064 1795 1108 1850 5.
1131 1800 1171 1839 7.
1231 1797 1446 1835 Medic-are
1480 1803 1540 1836 est
1565 1797 1633 1836 in-

894 1856 1015 1895 ficere
1033 1886 1044 1906 ,
1084 1868 1288 1894 macerare
1317 1855 1455 1894 alienis
1492 1856 1631 1894 succis.

898 1912 983 1968 (De
1019 1929 1189 1952 amurca
1227 1912 1311 1953 vid.
1351 1913 1538 1952 Schneid.
1580 1913 1634 1952 ad

897 1972 984 2012 cat.
1003 1986 1036 2011 c.
1055 1974 1124 2014 99.
1159 1970 1269 2026 W.)
1331 1974 1426 2014 196.
1457 1971 1567 2021 Non,
1584 1978 1633 2011 ut

900 2031 995 2069 olim
1027 2044 1120 2069 cum
1155 2030 1240 2068 aliis
1258 2059 1270 2080 ,
1309 2030 1430 2068 etiam
1457 2030 1633 2069 Dickson

900 2090 972 2128 To.
987 2088 1060 2138 ⁸II,
1083 2102 1123 2140 p.
1151 2090 1206 2129 43
1229 2117 1240 2136 ,
1285 2093 1511 2126 statueram
1527 2118 1539 2138 ,
1579 2088 1634 2126 ad

899 2148 1055 2185 semina
1085 2145 1164 2184 hoc
1190 2151 1363 2198 spectat,
1394 2152 1443 2184 ut
1460 2160 1563 2198 aqua
1580 2145 1634 2184 ad

898 2205 1030 2257 ignem
1046 2204 1252 2242 modicum
1271 2203 1403 2256 coqui,
1434 2203 1476 2243 h.
1496 2218 1529 2243 e.
1550 2203 1633 2243 hu-
1707 2205 1719 2214 “

898 2262 1068 2301 mectari
1098 2267 1139 2300 et
1167 2262 1318 2300 mollin
1335 2292 1346 2310 ‚
1382 2276 1406 2300 a
1427 2262 1633 2301 nonnullis

898 2321 1011 2359 sabas
1037 2320 1227 2359 serendas
1252 2320 1382 2370 dicat,
1423 2326 1473 2359 ut
1495 2334 1541 2359 eo
1573 2320 1634 2358 ci-

899 2379 982 2418 tius
1014 2378 1185 2430 inoagro
1203 2378 1527 2431 progermineut3
1562 2378 1634 2417 sed

902 2437 952 2475 de
975 2437 1242 2488 leguminibus
1271 2449 1293 2474 e
1329 2437 1478 2475 semine
1506 2436 1633 2475 natis:

899 2495 1128 2534 humectari
1163 2495 1315 2533 semina
1350 2494 1520 2533 serenda
1556 2494 1633 2544 ait,

902 2560 951 2592 ut
974 2553 1177 2605 legumina
1206 2552 1423 2604 aliquando
1458 2566 1504 2592 eo
1533 2552 1635 2590 saci-

900 2612 1043 2650 liorem
1062 2611 1287 2650 coctionem
1303 2609 1494 2660 habeant,
1517 2610 1635 2648 citius

905 2675 1147 2720 coquantur.
1216 2670 1399 2720 Siliquae
1427 2669 1633 2720 fallaces,

905 2728 1000 2779 quia
1019 2740 1154 2779 saepe,
1195 2726 1363 2765 folliculi
1383 2740 1476 2765 cum
1497 2726 1636 2764 inanes

904 2792 1013 2835 sunt,
1042 2785 1214 2824 maiores
1233 2784 1443 2833 videntur,
1473 2790 1523 2821 ut
1539 2784 1636 2820 Ser-

903 2844 997 2883 vius
1026 2843 1147 2882 etiam
1172 2842 1371 2895 exposuit.
1441 2843 1536 2883 196.
1574 2845 1636 2889 et,

905 2910 951 2940 ut
979 2909 1198 2953 properata
1219 2900 1445 2947 maderent,
1466 2910 1637 2949 propere

905 2973 1019 3013 aqua
1044 2960 1228 2998 fervente
1245 2956 1452 2995 maderent
1467 2954 1636 3003 mollita,

1287 3024 1353 3070 21
