1734 3320
116 194 220 243 422

114 319 261 367 Haec
283 315 476 367 eadem
503 319 708 383 argenti
733 319 875 369 rivos
897 320 1143 387 aerisque
1163 318 1380 370 metalla

446 193 501 242 P.
538 192 901 243 VIRGILII
934 192 1319 245 MARONIS

1545 324 1646 375 165

117 386 372 438 Ostendit
389 389 563 453 venis,
602 398 762 456 atque
787 406 918 441 auro
940 389 1173 456 plurima
1192 389 1354 443 fluxit.

115 460 260 508 Haec
285 473 456 523 genus
488 476 609 509 acre
650 461 851 527 virum,

906 464 1112 511 Marsos
1125 502 1138 526 ,
1191 460 1511 529 pubemque
1551 462 1646 511 Sa—

907 530 1123 596 bellam,
1641 570 1643 580 .

165 623 234 658 167
257 624 339 657 Hoc
356 623 491 657 Zulich.
514 630 549 657 et
567 624 686 658 Mead.
730 626 833 658 viros
855 625 962 659 Goth.
983 637 1052 659 sec.
1075 638 1095 659 a
1114 638 1158 658 m.
1180 636 1236 670 pr.

116 721 235 751 sonat
245 721 373 765 ponto
393 714 513 766 longe
530 713 663 766 refuso
669 745 680 763 ‚
710 713 752 753 h.
774 727 854 765 qua

117 776 261 823 portus
287 772 410 810 Iulius
436 772 613 810 immisso
635 772 738 811 mari
767 778 855 810 erat

117 829 303 880 effeetus3
341 830 522 882 νψιειιε,
552 836 601 868 ut
629 843 746 882 saepe
765 828 855 869 fieri

116 888 239 938 solet,
280 902 363 926 non
391 888 637 927 contrariam
677 895 749 928 aut
774 888 855 926 ite-

115 951 247 985 ratam
270 939 469 984 actionefn
491 952 632 997 notat,
666 947 737 985 sed
754 947 853 986 sim-

114 1004 229 1057 plicis
248 1004 331 1043 vim
349 1003 483 1043 habet.
542 1005 673 1043 Possit
691 1005 855 1057 quidem

119 1068 160 1100 et
181 1062 239 1101 ita
259 1062 407 1115 accipi,
448 1069 497 1101 ut
518 1069 671 1116 pontus
699 1078 722 1101 a
749 1064 855 1102 mole

118 1121 267 1173 aggeris
293 1121 334 1159 in
352 1135 463 1160 mare
482 1122 651 1174 proiecti
674 1122 853 1172 refundi,

116 1179 283 1232 reprimi
300 1179 514 1230 videatur,
546 1187 595 1220 ut
615 1194 677 1234 ap.
700 1182 853 1220 Lucan.

116 1237 174 1287 II,
206 1240 290 1279 617
330 1239 524 1277 violentos
558 1240 695 1277 insula
734 1240 853 1278 Coros

117 1296 318 1347 Excipere
337 1299 450 1335 saxis
467 1298 690 1351 lapsasque
712 1298 855 1350 resim-

115 1353 206 1392 dere
243 1353 377 1393 undas
410 1355 588 1395 dicitur:
640 1355 712 1394 sed
752 1356 854 1395 alter

116 1425 257 1452 versus
303 1412 357 1451 ad
392 1413 575 1452 eamdem
612 1415 854 1453 sententiam

117 1470 424 1523 exprimendam
451 1473 583 1512 valet:
629 1473 855 1525 Tyrrhenas

119 1537 275 1578 aestas,
324 1529 366 1570 h.
388 1545 500 1571 mare
529 1536 742 1582 aestuans,
772 1532 854 1570 im-

115 1587 317 1639 mittitur,
351 1603 425 1641 per
462 1604 505 1628 os
541 1596 710 1642 portus,
728 1591 854 1643 fretis

115 1646 310 1696 Avernae,
349 1646 392 1687 h.
421 1648 528 1687 Iacui
556 1647 743 1699 Averno,
784 1648 854 1700 qui

115 1718 192 1757 pro
216 1704 360 1744 intimo
391 1713 535 1758 portus
560 1720 722 1746 recessu
752 1713 854 1758 erat,

118 1769 159 1801 et
172 1762 224 1801 ad
237 1776 357 1814 quem
377 1777 399 1802 e
417 1765 592 1804 Lucrino
606 1766 712 1804 fossa
732 1765 855 1804 ducta

117 1826 219 1860 erat.
247 1821 397 1864 Lucan.
420 1823 467 1873 II,
490 1827 573 1866 616
606 1825 856 1862 Nectamen

117 1879 194 1917 lzoc
209 1881 308 1917 artis
325 1881 763 1934 cfmmt'ssztmfaueibus
780 1896 855 1920 ae-

118 1951 219 1990 quor
248 1939 396 1977 Portus
424 1948 523 1978 erat.
589 1938 740 1994 (Verba
760 1954 854 1979 cum

117 2010 158 2034 re
179 1997 401 2048 composita
422 2011 538 2051 saepe
555 1998 779 2051 significant
797 1998 853 2049 id,

118 2053 230 2105 quod
270 2068 435 2095 cursum
470 2070 588 2095 suum
612 2063 779 2107 ⁴mutat,
830 2070 855 2095 a

117 2117 231 2150 recto
243 2112 385 2152 itinere
399 2114 590 2154 deflectit.
611 2115 720 2154 Hinc
731 2130 758 2169 p
770 2129 793 2154 o
802 2129 854 2154 n—

118 2176 205 2210 tus
233 2172 444 2211 refusus
474 2172 515 2213 h.
530 2173 557 2213 l.
587 2173 754 2213 videtur
772 2187 855 2212 esse

117 2234 278 2267 mutato
297 2229 498 2270 fluctuum
517 2245 641 2270 cursu
661 2232 703 2271 in
719 2233 854 2271 lacum

117 2287 339 2327 Lucrinum
367 2289 529 2329 irruens
562 2297 685 2342 atque
712 2291 769 2329 ita
795 2291 855 2329 ›si-

118 2358 219 2384 num
253 2359 300 2384 ac
338 2355 507 2398 portum
542 2349 728 2388 efficiens.
788 2349 856 2388 Sic

118 2403 269 2442 Lucan.
296 2404 406 2456 VIII,
439 2409 558 2449 797.:
607 2421 715 2460 „qua
742 2414 854 2447 terra

120 2467 304 2500 extrema
360 2465 501 2503 refus
516 2479 538 2503 o
598 2465 755 2505 Pendet
811 2466 856 2504 in

119 2519 335 2570 Ocean0;“
375 2522 486 2574 quod
528 2523 771 2575 capiendum
804 2523 855 2562 de

120 2578 212 2616 sinu
232 2578 365 2628 maris,
398 2580 467 2631 qui
487 2587 548 2620 est
571 2582 623 2620 ad
638 2582 854 2621 Pelusium.

120 2636 298 2674 Similem
331 2637 374 2675 in
399 2639 568 2678 modum
595 2653 710 2693 saepe
735 2640 854 2679 vallis

120 2692 272 2733 dicitur
301 2695 548 2747 reducta,
582 2698 606 2736 i.
627 2711 659 2736 e.
679 2698 854 2748 sinuosa,

118 2758 167 2791 ut
196 2751 296 2792 Aen.
329 2753 404 2804 VI,
434 2757 532 2797 703.
555 2755 659 2805 VIII,
685 2759 782 2798 609.
814 2763 854 2794 et

118 2811 204 2863 ipse
239 2811 350 2850 sinus
391 2812 641 2852 reductus
680 2814 750 2852 Ge.
778 2814 853 2864 IV,

119 2868 217 2911 420.
259 2868 358 2909 Aen.
396 2870 432 2920 I,
474 2874 569 2913 161.
638 2870 761 2910 Aliud
794 2877 856 2910 est

126 2927 313 2966 Oceanus
338 2928 496 2980 refusus
529 2943 591 2983 ap.
618 2929 725 2982 Virg.
753 2928 853 2968 Aen.

120 2984 213 3036 VII,
247 2986 346 3029 225.
391 2984 523 3040 Wr.)
584 2987 855 3028 Immutavere

910 714 1096 752 Iocorum
1114 713 1254 752 faciem
1271 712 1391 765 longa
1412 718 1534 763 aetas,
1557 718 1647 752 ter-—

911 785 1052 811 rarum
1079 771 1223 810 ruinae
1254 777 1295 810 et
1329 771 1581 810 subterranei
1608 771 1648 810 i-

911 843 1025 883 gnes,
1056 830 1240 882 inprimis
1264 829 1404 868 Monte
1428 830 1546 870 Novo
1571 843 1648 868 ex-

913 894 1005 927 orto
1018 918 1029 938 ‚
1059 888 1139 938 ita,
1170 895 1220 927 ut
1240 902 1351 927 nunc
1379 887 1480 927 adeo
1498 888 1549 927 de
1566 888 1649 927 situ

913 953 955 984 et
983 947 1160 999 vestigiis
1195 945 1317 985 huius
1358 953 1503 999 portus
1539 946 1648 986 inter

912 1005 1024 1044 viros
1075 1004 1217 1044 doctos
1269 1004 1514 1057 disputetur.
1562 1004 1647 1045 vid.

911 1063 1024 1102 Paoli
1040 1062 1207 1116 Antiqq.
1224 1063 1435 1103 Puteolan.
1485 1062 1647 1116 Accipi-

910 1128 983 1161 tur
1000 1122 1122 1174 vulgo
1135 1122 1184 1160 de
1201 1120 1281 1160 hoc
1297 1128 1424 1175 portu
1441 1121 1545 1161 Iulio
1557 1121 1648 1162 Ho-

910 1180 1008 1219 ratii
1044 1180 1157 1219 locus
1196 1181 1287 1219 Art.
1325 1183 1380 1222 63
1441 1180 1650 1219 Debemus

911 1240 1030 1277 morti
1053 1253 1126 1277 nos
1148 1247 1386 1291 nostraque,
1426 1240 1510 1277 sive
1537 1253 1648 1277 rece-

905 1305 1007 1349 ptas
1060 1299 1183 1335 Terra
1230 1298 1450 1348 Neptunus
1499 1297 1649 1335 classes

911 1354 1171 1407 aquilonibus
1194 1363 1326 1404 arcet,
1369 1355 1500 1407 Regis
1527 1369 1643 1406 opus.

911 1413 1014 1453 Mihi
1039 1414 1108 1452 ille
1134 1419 1302 1467 portum
1320 1411 1649 1453 Alexandrinum

910 1472 1134 1525 respexisse
1152 1472 1337 1523 videtur3
1374 1485 1518 1523 regum
1547 1472 1648 1511 Pto-

911 1531 1159 1570 lemaeorum
1191 1544 1315 1584 opus,
1357 1543 1381 1568 a
1408 1543 1489 1583 quo
1506 1530 1647 1584 aquilo

912 1589 1112 1629 arcendus
1131 1596 1231 1629 erat.

973 1647 1068 1691 165.
1103 1651 1197 1690 166.
1237 1647 1284 1686 In
1309 1646 1450 1686 eadem
1480 1647 1647 1699 argenti,

913 1706 1035 1756 aeris,
1067 1706 1237 1758 aurique
1257 1705 1433 1744 metalla.
1481 1705 1648 1759 Copiam

912 1764 1105 1817 exprimit
1128 1778 1219 1817 per,
1239 1765 1400 1816 argenti
1432 1766 1541 1803 rivos
1578 1762 1649 1819 (ex

911 1823 1073 1862 Lucret.
1091 1823 1139 1873 V,
1162 1821 1290 1876 1255)
1313 1828 1354 1861 et
1384 1836 1485 1860 auro
1506 1823 1650 1874 pluri-⁴

911 1882 1146 1932 mafluxit,
1179 1880 1338 1934 poetica
1355 1880 1526 1930 ratione,
1557 1895 1646 1934 pro,

910 1938 1134 1993 plurimum
1158 1939 1248 1978 auri
1266 1939 1310 1977 in
1329 1952 1376 1977 ea
1388 1944 1465 1990 est;
1495 1945 1648 1978 tamet-

911 1998 945 2036 si
971 1997 1052 2036 hoc
1080 1997 1134 2036 ad
1162 1997 1319 2036 Padum
1342 1997 1485 2036 referri
1507 1998 1647 2051 possit,

911 2070 1008 2095 nam
1035 2056 1146 2109 apud
1162 2056 1264 2095 Plin.
1283 2055 1476 2106 XXXIII,
1495 2055 1536 2107 4,
1549 2059 1643 2099 s.21

909 2114 954 2153 in
978 2115 1090 2154 Pado
1121 2122 1330 2167 segmenta
1366 2116 1461 2153 auri
1484 2117 1650 2167 reperiri

911 2173 1151 2213 traduntur.
1219 2172 1287 2211 Ad
1312 2179 1472 2211 montes
1501 2187 1548 2212 ac
1575 2173 1647 2212 sil-

911 2245 984 2271 vas
1007 2231 1225 2284 aliquando
1240 2231 1445 2282 incensas,
1486 2238 1537 2271 ut
1559 2245 1648 2270 me-

910 2290 1010 2328 talla
1030 2297 1200 2329 excocta
1218 2290 1394 2328 fluerent
1405 2288 1582 2344 (Lucret.
1597 2290 1646 2341 V,

917 2351 1028 2391 1242
1046 2347 1171 2403 sqq.)‚
1201 2348 1406 2387 referebat
1421 2348 1496 2388 Iul.
1529 2348 1647 2388 Sabi-

912 2421 1003 2446 nus,
1035 2410 1140 2446 aeris
1167 2407 1338 2445 metalla
1371 2406 1554 2445 Ostendit
1575 2421 1646 2447 ve·-

913 2467 1001 2515 m's,
1042 2464 1155 2517 quod
1189 2465 1233 2503 in
1262 2464 1422 2517 vulgari
1460 2465 1646 2504 oratione

912 2523 1064 2573 suisset,
1095 2537 1222 2563 venas
1242 2525 1346 2561 aeris
1365 2523 1547 2561 ostendit.
1571 2538 1646 2562 ae-
1697 2522 1700 2523 ⁷

913 2583 969 2619 ris
996 2582 1166 2619 metalla
1192 2580 1234 2619 h.
1262 2594 1326 2619 aes
1356 2594 1393 2631 o.
1431 2580 1477 2620 in
1514 2583 1641 2621 venis.

920 2639 1102 2678 Ostendit
1136 2644 1272 2678 autem
1316 2652 1401 2677 non
1450 2640 1626 2680 otiosum
1633 2655 1644 2691 3

912 2697 1006 2748 quia
1039 2697 1160 2736 certis
1185 2702 1346 2735 tantum
1376 2698 1552 2750 vestigiis
1581 2712 1645 2738 res

913 2755 1167 2804 credebatur,
1187 2755 1350 2793 metalla
1362 2762 1497 2796 autem
1507 2757 1645 2796 Italiae
1710 2759 1712 2761 ’

912 2826 1099 2852 exercere
1125 2815 1296 2852 Senatus
1322 2815 1507 2854 consulto
1536 2815 1645 2854 veti-

911 2877 999 2909 tum
1019 2877 1126 2911 erat:
1149 2871 1250 2911 Plin.
1263 2872 1327 2922 III,
1348 2875 1416 2923 20,
1427 2887 1457 2911 s.
1468 2872 1524 2915 24
1538 2880 1643 2913 extr.

911 2929 1102 2980 XXXIII,
1121 2928 1161 2978 4,
1180 2943 1210 2968 S.
1231 2932 1300 2972 21.
1320 2930 1518 2971 XXXVII
1538 2938 1642 2972 extr.

972 2990 1121 3030 167-
1134 2990 1227 3030 170.
1268 2990 1433 3039 Marsi,
1475 2989 1644 3030 bellico-

1713 3077 1734 3155 ἑ,

1708 3158 1734 3320 1
