1734 3320
134 265 237 313 614
484 263 541 313 Ρ.
578 263 941 315 VIRGILII
984 265 1364 325 MARONIS

131 390 322 453 Iugera
339 389 478 438 ruris
501 398 676 454 erant,
715 407 817 440 nec
841 388 1033 442 fertilis
1055 392 1144 442 illa
1166 393 1429 457 iuvenciS‚

130 461 244 510 Nec
262 459 449 525 pecori
472 470 780 527 opportuna
801 477 978 526 segeS,
1004 480 1106 513 nec
1128 463 1422 513 commoda
1441 461 1672 513 Baccho,

130 529 230 579 Hic
250 546 435 579 rarum
455 539 641 581 tamen
662 532 718 581 in
742 531 920 581 dumis
945 532 1062 583 olus
1083 533 1311 602 albaque
1335 535 1539 584 circum
1572 539 1672 587 130

129 599 261 649 Lilia
282 599 654 669 verbenasque
675 618 935 668 premens
957 620 1290 672 vescumque
1314 620 1565 672 papaver,

129 672 345 736 Regum
365 672 629 739 aequabat
651 688 784 739 opes
811 673 1023 737 anim03
1061 691 1289 743 seraque
1312 683 1592 726 revertens

206 781 318 830 128.
355 791 558 829 ERANT:
637 784 748 831 132.
785 792 972 828 ANIMIS

178 929 247 963 129
271 928 351 962 Nec
377 930 504 962 Cereri
521 929 667 963 Salmas.
685 930 808 965 Exere.
827 929 918 965 Plin.
938 943 974 976 p.
1004 932 1076 967 366
1094 932 1238 973 laudat3
1271 932 1463 967 memoriae
1493 944 1540 967 sc.
1570 933 1671 967 vitio.

129 976 221 1009 Tum
241 975 315 1008 noli
343 988 420 1009 cum
439 977 619 1011 nonnullis
647 977 797 1011 haerere
819 977 857 1011 in
884 979 953 1015 illa
963 991 1011 1012 use
1041 991 1080 1012 es
1105 992 1172 1013 nec
1197 979 1461 1014 fertilis—nec
1487 981 1673 1014 commoda

127 1022 280 1056 Baccho.
329 1023 512 1068 Iungenda
532 1031 631 1058 sunt:
652 1038 780 1072 pauca
796 1026 932 1073 iugera
945 1052 954 1068 ‚
990 1027 1005 1059 i
1021 1027 1059 1060 la
1075 1026 1198 1072 iugera
1218 1035 1328 1061 erant
1351 1040 1459 1075 seges
1478 1024 1544 1062 nec
1562 1027 1672 1061 ferti-

127 1069 172 1103 lis
201 1082 265 1114 per
292 1070 520 1105 iuvencorum
549 1072 767 1114 arationem,
801 1085 867 1107 nec
899 1079 1114 1119 opportuna.
1163 1074 1268 1108 Dicta
1296 1087 1403 1122 seges
1429 1075 1573 1109 omnino
1603 1087 1670 1120 pro

128 1128 236 1162 agro,
262 1118 410 1162 proprie
429 1118 570 1163 quidem
598 1120 642 1153 de
667 1119 843 1164 proximo.
889 1121 950 1165 (an
975 1121 1051 1162 „de
1076 1121 1275 1156 consito?“
1307 1122 1406 1167 Wr.)
1506 1123 1575 1159 130
1599 1123 1672 1156 Hic

128 1164 319 1208 (raraml)
345 1167 385 1199 in
406 1166 548 1209 damis,
573 1167 896 1212 interpungendum
919 1168 1095 1202 coniectat
1116 1171 1244 1212 Burm.,
1269 1169 1334 1203 sed
1350 1166 1422 1203 vid.
1442 1171 1530 1204 Not.
1571 1171 1672 1203 Hinc

125 1211 220 1244 liber
242 1213 468 1254 Bersmanni3
502 1213 580 1260 ipse
608 1214 699 1248 coni.
720 1216 836 1248 Huic:
871 1215 967 1261 quod
994 1223 1028 1249 et
1054 1217 1127 1251 Erf.
1149 1230 1170 1250 a
1191 1229 1236 1250 m.
1265 1229 1334 1250 sec.
1353 1216 1521 1251 habebat.
1571 1218 1671 1250 Hinc

127 1258 236 1292 etiam
253 1260 496 1305 Longobard.‚
525 1274 568 1295 ex
590 1261 712 1307 paucis
730 1262 801 1295 illis
821 1261 1023 1307 iugeribus,
1056 1263 1171 1310 inquit
1191 1263 1340 1298 Pierius.
1373 1265 1500 1310 (holus
1520 1264 1670 1305 Medic.;

124 1306 196 1339 vid.
216 1306 342 1341 Cellar.
364 1308 608 1354 Orthograph.
627 1322 664 1355 p.
680 1310 762 1346 301.
784 1309 839 1343 ed.
860 1310 999 1344 Harles.
1029 1313 1087 1346 W
1082 1311 1126 1356 r.)
1175 1313 1309 1347 Versus
1329 1312 1408 1347 130.
1429 1313 1495 1348 131
1519 1312 1671 1351 aberant

125 1366 146 1387 a
169 1354 278 1388 Goth.
299 1367 369 1395 sec.
453 1358 522 1392 132
546 1356 720 1402 aequabit
739 1363 852 1403 quart.
876 1359 1005 1392 Moret.
1057 1361 1181 1394 animo
1202 1365 1353 1404 quatuor
1380 1359 1476 1404 apud
1496 1361 1670 1393 Burman-

124 1413 229 1444 num,
264 1408 299 1436 et
321 1402 372 1436 sic
393 1406 491 1437 Serv.
523 1405 569 1438 ad
590 1407 675 1438 Aen.
702 1406 730 1447 Ι,
756 1405 811 1440 18.
839 1405 911 1439 vid.
941 1405 987 1438 ad
1009 1405 1163 1440 Phaedr.
1193 1408 1237 1449 II,
1261 1407 1295 1448 3,
1321 1407 1511 1441 Burmann.
1560 1408 1670 1453 (Bene

126 1450 270 1490 anim03
306 1450 377 1484 vid.
410 1452 452 1492 Q.
480 1452 524 1486 V.
560 1453 672 1495 VIIII,
696 1454 730 1495 2,
757 1465 807 1494 c.;
843 1464 909 1487 nec
928 1464 1081 1498 unquam
1101 1454 1147 1487 de
1171 1460 1331 1487 mente
1358 1459 1395 1487 et
1419 1454 1670 1488 sententia

125 1497 241 1530 animi
270 1497 419 1542 plurali,
454 1499 519 1531 sed
549 1500 697 1533 animas
724 1499 896 1544 singulari
918 1512 1086 1542 numero;
1122 1501 1172 1536 sic
1203 1502 1326 1535 animo
1345 1503 1432 1535 Aen.
1454 1502 1482 1543 Ι,
1508 1501 1588 1538 582.
1624 1502 1669 1544 11,

124 1543 205 1578 660.
231 1545 288 1587 III,
314 1544 372 1580 34.
396 1545 458 1588 IV,
486 1545 541 1581 15.
566 1547 611 1589 V,
636 1545 718 1582 748.
744 1549 805 1590 VI,
833 1549 911 1583 158.
936 1549 1002 1590 ΙΧ,
1030 1550 1109 1584 191.
1135 1551 1184 1591 X,
1210 1549 1293 1584 890.
1320 1556 1354 1582 et
1382 1549 1542 1594 saepius,
1578 1551 1669 1583 ani—

123 1592 193 1624 mis
215 1591 259 1625 de
284 1592 451 1637 audacia,
476 1594 631 1637 ferocia,
657 1595 801 1638 furore,
832 1601 899 1629 etc.
948 1596 1089 1641 Nempe
1118 1609 1227 1630 senex
1251 1596 1314 1630 ille
1342 1596 1488 1641 regibus
1518 1609 1556 1630 se
1578 1597 1670 1630 bea-

122 1637 251 1672 tiorem
269 1640 437 1685 putabat;
463 1653 504 1674 ac
522 1641 744 1676 notissimum
765 1648 820 1676 est
839 1642 929 1675 illud
951 1643 1047 1689 apud
1069 1645 1215 1678 Horat.:
1254 1645 1471 1686 „Persarum
1490 1643 1587 1689 vigui
1605 1655 1669 1677 re-

122 1698 167 1730 ge
197 1686 375 1727 beatior.“
433 1687 524 1722 Hinc
553 1690 676 1723 animo
711 1688 783 1723 sibi
809 1690 953 1736 aliquid
968 1691 1143 1738 fingere,
1187 1702 1261 1724 non
1290 1692 1441 1732 animis5
1479 1698 1513 1725 et
1540 1690 1668 1726 similia

125 1733 252 1766 eodem
274 1735 395 1768 modo.
444 1739 553 1778 Sane,
589 1736 619 1769 si
649 1737 694 1770 de
719 1737 880 1781 pluribus
909 1737 1046 1781 agitur,
1074 1739 1192 1773 locum
1213 1738 1363 1772 habebit
1382 1738 1488 1775 etiam
1508 1738 1666 1784 pluralis.

122 1783 238 1825 Atque
269 1783 391 1816 am'mo
424 1784 673 1817 commendant
706 1784 775 1818 hoc
805 1785 888 1818 loco
925 1785 1010 1818 libri
1045 1786 1189 1819 minime
1211 1786 1409 1831 spernendi
1434 1787 1581 1820 Mentel.
1610 1799 1666 1833 pr.

121 1829 261 1873 Menag.
283 1842 338 1874 pr.
364 1831 490 1863 Moret.
512 1843 566 1875 pr.
589 1831 690 1864 Leid.
717 1837 753 1864 et
782 1832 863 1865 Alb.
913 1832 1095 1877 Originem
1119 1833 1240 1867 mendi
1261 1833 1397 1867 indicat
1419 1834 1550 1867 Moret.
1582 1846 1666 1876 sec.,

122 1874 159 1907 in
178 1887 247 1920 quo
267 1877 428 1917 animos;
456 1877 666 1912 adhaeserat
684 1891 703 1911 S
723 1891 765 1911 ex
791 1879 955 1925 sequenti
973 1880 1148 1914 vocabulo
1166 1893 1174 1913 ε
1203 1880 1274 1913 iam
1298 1893 1402 1926 quum
1421 1882 1564 1915 animos
1579 1881 1667 1915 ferri

121 1933 195 1955 non
212 1930 351 1968 posset,
377 1931 506 1969 sponte
527 1937 564 1958 se
585 1925 761 1959 offerebat
782 1927 926 1960 animis.
974 1927 1112 1961 Eodem
1140 1928 1249 1961 modo
1273 1935 1458 1973 peccatum
1485 1928 1572 1962 Aen.
1600 1930 1666 1971 XI,

65 1969 71 1971 ⁴
121 1968 216 2011 774.,
244 1970 303 2003 ubi
321 1971 423 2013 vide,
449 1984 539 2017 quae
558 1972 814 2007 annotavimus.
863 1973 1014 2007 Statium
1033 1981 1151 2008 autem
1175 1975 1260 2009 Silv.
1289 1977 1316 2017 I,
1342 1977 1376 2017 2,
1403 1977 1504 2011 122:
1541 1978 1607 2018 „V
1603 1978 1667 2009 in-

122 2018 173 2050 cit
193 2030 280 2064 opes
299 2020 452 2052 animo“
475 2019 632 2053 alludere
660 2020 707 2053 ad
732 2020 820 2055 haec
836 2021 982 2067 Virgilii
1010 2023 1119 2057 verba
1147 2022 1325 2066 voluisse,
1350 2028 1391 2056 ut
1415 2029 1521 2069 putat
1538 2023 1666 2057 Mark-
1687 2026 1690 2028 “

119 2063 246 2098 landus
260 2091 270 2108 ‚
295 2065 353 2099 vix
373 2066 595 2101 crediderim.
625 2070 682 2102 W
677 2068 724 2113 r.)

120 2182 372 2235 hereditate,
413 2185 573 2237 avitus,
616 2201 710 2226 cum
746 2188 860 2238 nihil,

121 2242 233 2294 quod
252 2256 299 2281 eo
325 2244 462 2294 ducat,
495 2245 700 2286 adiectum
721 2247 785 2297 sit,
815 2253 864 2286 ut

118 2314 160 2340 v.
182 2315 214 2340 e.
239 2303 490 2342 contrarium
503 2304 545 2342 in
563 2304 632 2343 illo
647 2305 862 2356 Martialis:

119 2360 204 2397 Res
223 2374 307 2399 non
324 2367 441 2414 parta
459 2362 599 2401 labore
616 2364 690 2402 sed
708 2365 862 2415 relicta,

121 2418 243 2456 valde
266 2419 368 2458 dure
389 2419 522 2459 (lictus
552 2428 667 2461 esset.
727 2422 863 2462 Habes

118 2482 257 2515 tamen
274 2478 317 2516 in
336 2477 417 2517 hoc
434 2479 658 2518 Burmanni
679 2481 864 2520 auctori-

118 2540 259 2573 tatem.
333 2539 427 2578 128.
463 2539 558 2580 129.
607 2553 678 2577 nee
703 2539 862 2591 fertilis

119 2593 196 2630 illa
219 2595 412 2644 iuvencis,
447 2594 488 2634 h.
508 2596 777 2636 iuvencorum
798 2598 861 2636 la-

118 2650 218 2690 bore
242 2681 253 2701 ,
299 2653 495 2692 aratione.
543 2669 658 2707 seges
695 2656 859 2695 omnino

117 2723 194 2762 pro
222 2724 340 2762 agro,
381 2711 480 2750 solo.
549 2713 632 2752 Nec
662 2714 858 2765 arationi,

117 2781 193 2807 nec
215 2769 394 2822 pascuis,
437 2783 513 2808 nec
542 2771 672 2810 vineis
705 2773 861 2812 bonum

117 2827 250 2866 solum
275 2828 395 2867 fuisse
421 2827 531 2868 dicit.

179 2888 276 2928 130.
308 2889 351 2925 in
384 2886 540 2937 dumis,
578 2887 620 2926 in
662 2888 748 2927 solo
773 2888 858 2940 spi-

116 2957 217 2982 noso
245 2958 292 2982 ac
323 2944 456 2984 dumis
486 2945 736 2999 indulgenti,
778 2945 859 2985 hoc

117 3002 305 3052 equidem
335 3003 434 3043 novi
457 3004 580 3043 latine
611 3004 690 3044 dici
721 3018 858 3057 posse3

117 3059 241 3099 etiam
261 3061 336 3111 sic,
377 3068 427 3100 ut
454 3062 527 3113 sit,
569 3063 676 3103 inter
699 3063 856 3115 dumos,

921 2189 964 2228 in
998 2189 1188 2239 dumeto,
1228 2189 1342 2241 quod
1378 2204 1461 2228 non
1499 2189 1664 2230 videtur

920 2247 1058 2286 locum
1075 2247 1245 2298 habere3
1277 2262 1328 2286 an
1350 2261 1448 2288 vero
1467 2261 1549 2286 esse
1566 2263 1664 2301 pos-

921 2306 974 2344 sit
1008 2307 1133 2345 latine
1166 2306 1319 2345 <lictum
1349 2321 1425 2359 pro
1455 2307 1497 2345 in
1524 2306 1662 2358 horto,

922 2378 1038 2418 saepe
1061 2364 1187 2404 ducta
1219 2378 1270 2404 ex
1297 2365 1453 2414 dumis,
1492 2365 1662 2416 incluso,

922 2423 1036 2475 quod
1058 2424 1125 2463 vir
1151 2424 1297 2463 doctus
1315 2436 1379 2462 me
1412 2423 1554 2473 docet,
1596 2424 1664 2463 alii

922 2481 1161 2521 diiudicent.
1202 2482 1320 2521 Certe
1342 2496 1427 2521 non
1447 2482 1575 2521 ausim
1596 2482 1663 2521 di·-

921 2553 1038 2590 cere,
1079 2541 1167 2580 olus
1212 2554 1391 2580 crescere
1430 2542 1474 2578 in
1513 2555 1660 2592 saepe,

918 2612 996 2651 pro
1026 2599 1070 2638 in
1101 2599 1224 2638 horto
1261 2612 1379 2652 saepe
1405 2597 1562 2649 cincto,
1602 2599 1662 2638 ita

919 2670 1014 2707 nec,
1058 2659 1102 2695 in
1129 2658 1265 2696 dumo.
1295 2672 1505 2709 premens,
1539 2657 1662 2710 plan-

917 2721 1033 2765 tans,
1073 2721 1123 2754 ut
1153 2716 1295 2768 Georg.
1321 2715 1380 2766 H,
1414 2713 1499 2757 346
1531 2730 1660 2769 quae-

918 2787 1074 2826 cunque
1124 2789 1287 2825 premes
1345 2774 1531 2825 virgulta
1581 2789 1662 2825 per

917 2845 1055 2883 agros.
1090 2838 1139 2870 ut
1148 2847 1330 2883 premere
1350 2832 1400 2870 sit
1420 2832 1563 2884 legere,
1584 2832 1659 2871 de·-

918 2903 1107 2942 cerpere,
1151 2896 1323 2942 metere,
1368 2890 1525 2929 adjecta
1557 2905 1658 2944 opus

917 2954 1022 2986 esset
1054 2948 1132 2986 alia
1159 2963 1283 3000 voce,
1322 2963 1468 2999 manu,
1510 2962 1657 3001 ungue,

916 3012 963 3045 ut
984 3006 1052 3045 Ge.
1077 3007 1106 3057 I,
1131 3007 1214 3050 157
1240 3008 1362 3061 falce
1384 3021 1544 3059 premes
1564 3022 1658 3045 um-

916 3063 1030 3115 bras,
1061 3066 1271 3106 resecabis.
1294 3067 1485 3119 Calpurn.
1501 3066 1550 3116 V,
1575 3067 1653 3106 111
