1768 3320
165 189 235 223 cn
584 167 732 217 TIB.
780 164 887 214 CL.
932 156 1255 210 DONATI

279 301 373 340 XX.
404 299 523 338 Nunc
547 296 739 349 quoniam
769 293 818 331 de
847 300 1005 331 auclore
1033 283 1264 326 summatim
1290 282 1494 336 diximus,
1533 281 1583 320 de
1599 282 1686 335 ipso

164 361 245 400 iam
265 360 444 398 carmine
464 355 680 396 dicendum
699 351 885 391 videtur:
925 346 1035 400 quod
1055 343 1239 384 bifariam
1262 340 1434 380 tractari
1455 339 1578 391 solet,
1607 339 1689 398 hoc

168 425 229 458 est
246 448 257 468 ,
289 423 330 456 et
347 424 439 463 ante
456 428 579 466 opus,
611 419 652 450 et
674 413 717 449 in
736 412 823 462 ipso
850 421 975 460 opere.
1036 402 1147 468 Ante·
1169 413 1293 465 opus,
1322 400 1484 447 titulus,
1518 398 1683 450 caussa,
1724 437 1727 439 ,

168 477 346 516 intentio.
409 472 591 521 Titulus,
628 470 672 508 in
702 482 782 521 quo
806 465 1034 518 quaeritur,
1084 473 1198 499 emus
1234 464 1298 497 sit.

107 319 153 353 80

1369 458 1517 497 Caussa
1527 487 1538 508 ‚
1578 456 1689 496 unde
1748 481 1760 495 u

170 539 307 574 ortum
319 532 384 582 sit,
416 538 456 570 et
477 542 600 581 quare
620 526 700 567 hoc
718 524 968 580 potissimum
988 520 1060 559 sibi
1079 519 1131 557 ad.
1150 515 1410 556 scribendum
1427 521 1550 569 poeta
1567 528 1690 568 prae-
1744 545 1753 562 ,Ι

170 590 370 631 sumserit.
431 586 627 635 Intentio,
670 585 713 623 in
741 597 819 636 qua
859 579 1135 633 cognoscitur,
1188 574 1288 628 quid
1328 574 1484 614 efficere
1518 580 1691 620 conetur

172 655 303 704 poeta.
362 648 408 686 In
437 646 526 699 ipso
556 656 674 698 opere
705 655 798 680 sane
825 640 905 678 tria
928 641 1190 691 spectantur,
1220 647 1429 683 numerus,
1461 633 1692 685 erdodvex-

114 717 158 752 81
169 707 373 760 planali0.
437 702 631 753 Quamvis
663 700 786 753 igitur
814 698 941 737 multa
974 695 1268 748 ψευδογραφῆ,
1308 691 1354 730 id
1388 697 1470 742 est,
1508 690 1609 737 salsa
1623 691 1693 730 in-

172 765 414 817 scriptione,
445 762 518 801 sub
545 760 672 798 alieno
699 756 861 796 nomine
888 760 983 794 sunt
1009 752 1192 806 prolata,
1234 756 1283 789 ut
1313 748 1510 803 Thyestes
1530 755 1694 803 tragoe-

175 824 241 862 dia
272 822 392 861 huius
419 826 582 873 poetae,
622 830 742 869 quam
770 814 913 854 Varius
944 811 1071 851 edidit
1104 824 1180 863 pro
1211 822 1302 856 sua,
1334 814 1375 846 et
1403 808 1481 847 alia
1500 806 1694 852 huiusce-

174 879 305 932 modi3
342 885 477 917 tamen
506 878 704 915 Bucolica
738 871 890 924 liquido
925 869 1077 922 Virgilii
1112 880 1194 907 esse
1223 866 1388 906 minime
1419 866 1695 918 dubitandum

175 945 251 978 est:
289 935 522 992 praesertim
555 948 644 972 cum
675 933 757 984 ipse
779 936 919 984 poeta,
957 935 1166 979 tamquam
1187 925 1267 965 hoc
1301 931 1506 977 metuens,
1535 924 1694 979 princi-

175 997 288 1050 pium
315 995 434 1034 huius
466 992 595 1045 operis
628 997 669 1029 et
695 991 737 1028 in
765 987 964 1042 principio
1000 985 1202 1025 Aeneidos
1246 990 1290 1023 et
1320 984 1365 1029 in
1395 983 1473 1033 alio
1514 982 1695 1032 carmine

176 1068 293 1094 suum
310 1066 391 1092 esse
409 1056 577 1090 testatus
597 1049 669 1098 sit,
702 1047 855 1086 dicens:

400 1121 473 1160 Ille
494 1134 589 1171 ego,
621 1119 691 1171 qai
707 1117 912 1170 quondam
929 1114 1083 1167 gracili
1095 1113 1329 1152 modulatus
1348 1126 1498 1162 avena,

176 1199 216 1232 et
236 1192 407 1244 reliqua:
437 1198 490 1240 et,

402 1260 590 1299 Carmina
612 1260 684 1311 qai
697 1258 776 1296 lusi
793 1263 1024 1308 pastorum,
1059 1252 1278 1306 audaxque
1298 1254 1475 1302 inventa,

408 1321 535 1370 Tityre
554 1325 590 1354 te
602 1316 775 1368 patulae
795 1315 922 1352 cecini
939 1311 1011 1351 sub
1028 1313 1203 1363 tegmine
1211 1310 1333 1363 fagi.
1449 1360 1454 1362 Π

121 1389 166 1423 82
176 1389 361 1429 Bucolica
384 1393 516 1426 autem
539 1392 579 1425 et
596 1385 695 1435 dici,
727 1391 767 1423 et
785 1390 894 1423 recte
913 1381 1125 1436 appellari,
1165 1380 1233 1420 vel
1251 1379 1331 1419 hoc
1352 1379 1483 1418 solum
1503 1378 1699 1418 indicium

175 1446 393 1495 suffecerit,
418 1443 535 1496 quod
563 1443 643 1482 hoc
670 1443 811 1481 eodem
847 1441 1006 1480 nomine
1044 1438 1154 1493 apud
1182 1437 1446 1477 Theocritum
1474 1443 1699 1478 censeatur.

174 1505 325 1544 Verum
347 1505 449 1542 ratio
481 1515 639 1554 quoque
665 1499 978 1540 demonstranda
1007 1504 1079 1538 est.
1139 1497 1236 1536 Tria
1265 1502 1362 1536 sunt
1394 1502 1603 1549 pastorum
1630 1508 1701 1548 ge-

176 1576 298 1612 nera,
339 1574 440 1613 quae
474 1561 709 1612 dignitatem
734 1560 776 1598 in
807 1558 1003 1598 Bucolicis
1029 1556 1203 1596 habent:
1242 1569 1416 1610 quorum
1445 1555 1514 1608 qui
1544 1553 1701 1593 minimi

179 1626 274 1659 sunt
291 1650 301 1670 ,
330 1615 494 1660 αἰπόλοι
525 1619 716 1657 dicuntur
745 1632 768 1655 a
798 1616 988 1667 Graecis3
1017 1615 1141 1655 iidem
1161 1628 1185 1652 a
1205 1614 1321 1654 nobis
1341 1613 1534 1666 caprarii:
1563 1612 1701 1666 paullo

180 1677 479 1726 honoratiores,
511 1677 578 1728 qui
595 1675 806 1728 ποιμένες,
843 1675 886 1714 id
910 1681 993 1723 est,
1029 1673 1222 1727 opiliones
1252 1672 1467 1721 dicuntur:
1498 1671 1703 1711 honestis-

182 1735 288 1784 simi,
320 1741 360 1772 et
389 1734 573 1783 maximi,
613 1729 826 1788 βουκόλοι,
858 1747 958 1785 quos
975 1732 1173 1772 bubulcos
1202 1731 1383 1770 dicimus.
1442 1729 1559 1769 Unde
1578 1730 1703 1783 igitur

183 1793 305 1845 magis
325 1791 462 1830 debuit
484 1792 674 1844 pastorali
695 1792 863 1830 carmini
888 1804 1034 1830 nomen
1058 1789 1235 1843 imponi,
1275 1803 1398 1842 quam
1419 1789 1469 1827 ab
1491 1802 1537 1828 eo
1558 1771 1703 1842 gradu,

127 1859 173 1895 83
186 1851 254 1902 qui
281 1850 389 1902 apud
410 1850 627 1902 pastorales
657 1850 1007 1889 excellentissimus
1027 1848 1266 1888 invenitur?
1302 1848 1459 1886 Caussa
1489 1846 1705 1901 dupliciter

185 1908 327 1960 inspici
348 1908 466 1946 solet:
498 1908 546 1945 ab
571 1910 722 1958 origine
741 1908 925 1946 carminis
938 1939 947 1957 ,
979 1914 1020 1946 et
1043 1922 1065 1945 a
1083 1908 1288 1947 arolanzate
1307 1905 1531 1945 scribentis.

302 1965 413 2004 XXI.
449 1965 655 2016 Originem
675 1972 807 2012 autem
829 1966 1005 2005 Bucolici
1025 1965 1212 2005 carminis
1230 1964 1296 2004 alii
1314 1964 1368 2003 ad
1386 1964 1505 2010 aliam
1524 1976 1707 2003 caussam

130 1974 176 2011 84

187 2055 378 2102 Epicureae
406 2055 567 2090 studium.
612 2056 656 2090 cf.
690 2056 735 2089 ad
760 2068 814 2102 pr.
839 2056 913 2091 Ecl.

187 2104 237 2137 VI
970 2069 1047 2090 rum
1075 2068 1203 2102 genere
1231 2055 1452 2098 dicerentur,
1488 2061 1597 2102 utqne
1616 2055 1706 2089 adeo

236 2151 267 2195 §·
288 2150 343 2184 80.
369 2150 465 2190 Quae
484 2155 687 2194 sequuntur,
712 2149 801 2183 male
827 2161 914 2183 nar-

189 2196 320 2230 rationi
350 2195 393 2228 de
419 2196 491 2229 vita
518 2196 674 2230 subiecta
702 2203 801 2240 sunt,
837 2210 913 2231 cum

191 2244 236 2277 ad
266 2242 340 2276 sola
367 2242 527 2277 Bucolica
554 2243 765 2289 respiciant,
808 2251 913 2290 atque

191 2290 247 2323 his
287 2289 405 2342 potitis
442 2290 665 2335 praefigenda
702 2291 782 2324 sint.
830 2294 917 2326 Sunt

192 2347 277 2369 vero
309 2348 349 2369 ea
380 2342 430 2368 ita
448 2343 666 2381 comparata,
692 2344 730 2370 ut
750 2349 820 2371 non
838 2351 916 2373 ma-

194 2395 297 2429 gnum
319 2382 400 2415 inde
418 2382 565 2416 fructum
586 2397 710 2430 capere
729 2384 855 2431 possis.

242 2430 271 2474 ς.
286 2430 343 2464 81.
363 2429 612 2475 ψευδογραφῆ
627 2443 634 2451 ·
653 2431 756 2466 immo
776 2430 919 2475 ψευδε-

194 2475 380 2559 πιξραφῆ.
428 2477 480 2510 De
507 2478 663 2522 Thyeste
698 2491 731 2512 v.
762 2491 838 2524 sup.
874 2479 920 2512 ad

194 2524 214 2569 §
244 2571 273 2615 ς.
302 2570 358 2605 82.
395 2581 501 2615 quam
531 2569 575 2603 ab
606 2583 646 2604 eo
674 2571 815 2617 gradu,
858 2572 922 2617 qai

197 2616 298 2664 apud
314 2624 487 2663 pastores
515 2617 841 2651 excellentissimas
859 2619 921 2651 in-

196 2664 356 2697 venitur.
405 2664 564 2708 Ineptum
598 2670 651 2696 est
678 2663 765 2706 hoc,
799 2677 923 2709 quam-

196 2722 298 2755 quam
315 2709 408 2754 apud
428 2710 679 2743 Grammaticos
706 2710 836 2754 passim
855 2711 923 2744 ob-

196 2756 299 2798 vium,
326 2755 430 2790 etiam
450 2758 615 2798 Graecos,
641 2763 679 2789 ut
696 2764 776 2790 ante
797 2758 923 2793 Theo-

197 2802 342 2843 critum,
379 2801 446 2835 -inz
496 2801 581 2847 περὶ.
619 2803 810 2848 διαφορᾶς
847 2804 925 2839 τῶν

198 2849 443 2896 βουκολικῶν.
505 2849 713 2883 Obtinuerat
743 2862 844 2892 usus,
888 2859 927 2884 ut

198 2893 378 2942 βουκόλοι
417 2896 542 2929 codem
570 2897 698 2938 modo,
738 2909 806 2943 quo
843 2909 926 2932 ποι-

196 2940 324 2988 μένες,
351 2942 491 2977 omnino
510 2943 553 2976 de
575 2954 781 2989 quocunque
800 2951 926 2989 pasto-

972 2100 1199 2152 βουκολικὸν
1226 2101 1435 2148 simpliciter
1463 2109 1558 2137 esset
1570 2110 1707 2150 pasto-

971 2153 1107 2185 ritium.
1150 2141 1263 2185 Muita
1280 2156 1400 2184 tamen
1418 2162 1461 2184 ex
1477 2150 1545 2189 hac
1564 2155 1709 2195 etymo-

970 2198 1068 2243 logia
1087 2196 1397 2232 suaviter‘eliciunt
1417 2197 1625 2244 scriptores,
1649 2195 1710 2243 qui

972 2246 1016 2279 de
1046 2245 1208 2279 bucolico
1233 2244 1388 2279 carmine
1423 2250 1589 2291 egerunt:
1621 2256 1655 2278 v-
1678 2256 1708 2278 c.

974 2293 1150 2336 Quadrio,
1168 2292 1339 2326 verbosus
1357 2291 1479 2336 homo,
1497 2292 1600 2336 della
1616 2293 1707 2325 Sto-

974 2341 1032 2373 ria
1051 2352 1070 2372 e
1094 2340 1196 2373 della
1213 2340 1386 2388 Ragione
1407 2339 1448 2373 d’
1472 2341 1562 2387 ogni
1575 2339 1713 2384 ,Paesici

973 2385 1056 2421 Vol.
1076 2387 1119 2428 11,
1143 2400 1179 2432 p.
1200 2387 1282 2422 600.

1023 2434 1053 2479 §-
1075 2433 1133 2469 84.
1162 2434 1364 2481 originem:
1389 2446 1422 2469 v.
1467 2445 1547 2468 uam
1566 2430 1711 2477 Eclogia

975 2480 1214 2525 praemisimus
1232 2481 1277 2515 de
1304 2493 1435 2526 genere
1479 2478 1714 2522 ucolicovdis*

975 2527 1264 2572 putatiunculam.
1287 2528 1391 2563 Nihil
1407 2529 1444 2562 in
1463 2524 1624 2562 omnibus
1643 2525 1713 2568 his,

978 2586 1066 2619 quae
1093 2582 1287 2609 memorata
1319 2582 1422 2619 sunt,
1461 2581 1535 2617 est,
1579 2573 1616 2607 in
1643 2583 1713 2619 quo

978 2620 1200 2666 acquiescere
1224 2623 1351 2669 possis.
1399 2618 1482 2658 Non
1500 2621 1624 2656 vident
1641 2621 1714 2655 ho—

979 2667 1090 2701 mines
1108 2669 1226 2711 docti,
1263 2670 1359 2704 aliud
1383 2682 1459 2704 esse
1480 2680 1621 2704 carmen
1643 2668 1715 2701 bu·-

983 2714 1130 2748 colicum
1150 2723 1223 2750 arte
1241 2717 1478 2759 elaboratum,
1513 2715 1609 2750 aliud
1626 2714 1715 2748 rude

984 2766 1021 2793 et
1053 2761 1255 2806 indoctum,
1290 2765 1387 2809 quod
1413 2765 1566 2810 impetus
1596 2760 1718 2805 animi,

984 2808 1170 2852 exultatio,
1205 2817 1240 2844 et
1260 2811 1404 2846 affectus
1433 2817 1570 2845 temere
1601 2808 1717 2843 effun-

985 2855 1049 2887 dit.
1099 2856 1326 2891 Consundunt
1358 2869 1469 2905 porro
1501 2857 1658 2903 hymnos
1678 2856 1718 2889 in

985 2901 1071 2935 deos
1111 2911 1287 2948 agrestes,
1333 2913 1370 2939 et
1400 2916 1499 2940 sacra
1528 2915 1650 2938 eorum
1680 2908 1718 2937 et

984 2948 1131 2983 fabulas.
1193 2951 1324 2987 Eadem
1348 2958 1492 2996 tamen,
1533 2962 1622 2998 quae
1659 2949 1719 2985 hie
