1734 3320
208 184 877 268 GEQBGJGONIL'IB.
911 201 978 265 11,
1019 205 1314 255 119—126

0 333 235 385 Extremi
257 327 403 382 sinus
422 330 594 382 orbis:
627 329 724 381 ubi
746 345 868 380 aera
887 329 1108 379 vincere
1129 345 1409 380 summum

0 404 220 467 Arboris
240 401 389 465 haud
408 399 550 452 ullae
571 401 712 452 iactu
732 409 963 467 potuere
987 399 1206 465 sagittae
1218 404 1243 450 ?

0 466 217 540 Etgem
236 467 325 522 ina
346 470 571 539 quidem
588 472 783 524 sumtis,
798 486 911 520 non
930 469 1081 520 tarda
1104 468 1382 537 pharetris
1428 471 1527 522 125

0 536 180 595 Media
195 541 304 594 fer-t
323 543 500 592 tristes
513 558 711 592 vsuccos
730 540 1058 609 tardumque
1076 556 1330 610 saporem

1419 204 1527 256 415

21 673 104 721 '⁹123
123 676 359 730 Exinndqu
373 685 481 718 cinus
500 682 608 725 orbis,
627 682 690 717 ubi
707 685 856 718 vincere
875 695 1054 718 summum
1067 682 1244 725 Pan-has„
1263 682 1308 716 ab
1327 679 1528 726 interpola-

0 731 111 776 tjoue.
158 731 246 768 2124
262 739 333 765 aut
348 731 451 765 ullae
466 730 596 765 Medic.
616 743 693 764 cum
712 730 824 764 tribus
843 731 921 765 aliis
943 739 979 765 et
998 739 1146 776 utroque
1164 731 1273 764 Goth.
1341 728 1408 768 125
1425 728 1530 762 haud

2 778 118 815 larda
133 777 254 818 schol.
270 779 398 812 Horat-
419 778 547 824 Cruqu.
566 779 678 812 Carm.
700 780 760 820 111,
781 780 817 814 4.
850 780 1002 826 sagittis
1024 779 1150 823 fragm.
1168 779 1299 812 Moret.
1336 784 1405 810 aut
1431 775 1531 809 dura

0 826 126 871 fingm-
142 822 316 861 attextum
334 825 415 859 cod.
434 826 525 859 Gud.
535 838 545 865 ;
576 832 614 859 et
631 838 726 867 saue,
750 825 866 871 inquit
885 825 1061 868 Heinsius,
1085 826 1235 860 tardum
1253 837 1297 859 sa
1323 835 1423 859 orem
1437 834 1531 868 pro-

0 873 94 908 xime
112 871 301 919 subiungit.
347 874 564 906 Burmannus
581 873 680 906 malit
701 873 813 907 altero
830 885 933 908 versu
955 874 1089 907 durum
1109 885 1277 920 saporem
1321 896 1332 906 .
1351 882 1529 916 asperum,

1 925 43 955 nt
61 921 129 954 Ge.
145 920 210 962 Ν,
236 921 317 955 120.
331 955 334 959 ,
360 920 517 954 Mirabar
534 920 667 954 nemini
689 932 827 954 versum
844 927 955 954 totum
974 923 1025 954 Et
1039 933 1135 968 gens
1150 920 1219 954 illa
1234 919 1380 966 quidem
1399 918 1532 952 sumtis

0 976 78 1002 non
96 967 210 1000 tarda
231 968 427 1016 pharetris
457 975 657 1014 suspectum
681 968 802 1003 fuisse.
850 967 937 1002 Vidi
957 979 1071 1014 nuper
1090 968 1159 1001 Iac.
1176 969 1312 1012 Bryant
1330 977 1404 1000 non
1428 964 1531 1000 aliter

1 1022 177 1055 mtuere3
213 1023 306 1049 mmo
334 1014 438 1049 etiam
459 1015 670 1049 Brunckium
698 1015 735 1048 in
756 1027 818 1049 sua
840 1015 1011 1049 editione.
1059 1016 1192 1061 (Quare
1215 1014 1324 1060 igitur
1347 1020 1531 1058 suspectus

0 1059 63 1095 hic
88 1061 239 1095 versus?
272 1073 339 1104 au,
369 1062 451 1108 quia
475 1062 636 1097 codicum
663 1062 874 1096 auctoritate
894 1062 1122 1096 destituitur?
1154 1068 1192 1096 at
1205 1061 1339 1107 legitur
1358 1061 1395 1094 in
1413 1059 1532 1094 omui-

1 1109 91 1150 bun
114 1120 171 1151 au,
195 1108 277 1154 quia
294 1109 473 1144 sententia
495 1109 667 1143 abhorret
688 1123 708 1143 a
724 1109 860 1155 reliqua
881 1109 1075 1144 oratioue?
1097 1116 1134 1144 at
1154 1109 1300 1155 egregie
1314 1107 1461 1142 inservit
1477 1106 1533 1141 rei

0 1155 234 1191 illustrandae
261 1156 524 1203 augendaeque.
572 1158 644 1191 Sed
674 1157 838 1192 nimirum
868 1157 1056 1203 epitheton
1082 1157 1219 1191 tardus
1240 1155 1404 1202 proximo
1426 1166 1532 1189 versu

1 1201 199 1250 repetimu'l
216 1203 382 1244 -Μείας
406 1204 644 1250 suspicionem
670 1204 763 1239 facit„
811 1209 857 1238 At
880 1204 965 1251 quid
986 1205 1056 1238 iam
1076 1205 1138 1238 fiet
1167 1204 1223 1238 his
1241 1203 1351 1238 locis:
1385 1204 1452 1237 Ge.
1470 1203 1532 1245 111,

2 1250 87 1287 52⁷.
104 1261 181 1296 eqd
201 1258 394 1286 tertmnv—
403 1259 539 1286 terras.
562 1254 649 1286 Aen.
668 1253 696 1295 1,
718 1251 801 1288 504.
824 1264 897 1298 sq.:
930 1252 1262 1286 medios-media.
1286 1252 1334 1293 V,
1356 1251 1440 1286 780.
1457 1261 1532 1296 sq.:

0 1305 354 1346 pectore-peetus.
386 1299 452 1333 Ge.
472 1300 499 1342 1,
521 1300 688 1345 301.sq.:
710 1308 1033 1333 curant—curas.
1066 1298 1186 1342 Quid?
1212 1298 1309 1344 quod
1324 1298 1420 1332 intra
1438 1308 1533 1343 pau-

3 1344 70 1379 cot*
86 1356 156 1379 vss.
190 1347 280 1379 Aen.
306 1347 377 1388 VI,
401 1347 482 1383 613.
509 1347 566 1382 17.
587 1347 646 1383 23.
670 1348 729 1383 26.
772 1348 908 1402 ingens
947 1353 1074 1392 quater
1107 1346 1302 1392 repetitum
1345 1343 1533 1379 videmus?

0 1391 146 1447 yempe
163 1403 283 1448 eanres
294 1419 304 1436 ,
337 1393 369 1449 si
386 1392 481 1449 inter
498 1393 671 1428 vocabula
690 1394 794 1428 brevi
819 1393 1008 1450 intervallo
1030 1394 1088 1449 bis
1099 1400 1176 1449 ,⁸¹3²
1203 1392 1345 1439 saepius
1362 1398 1533 1438 usurpata

4 1486 130 1521 „am
146 1487 195 1520 st
213 1442 734 1534 ΐοεᾞᾟὶζῗέῗῗὲἷιέἒῖἒ
743 1447 972 1523 ιῖὲιῗξῗέἓῖ
991 1449 1109 1524 ”iffi
1111 1440 1533 1523 2353053323‘13‘12315

2 1535 67 1576 Vl,
91 1535 147 1570 16.
161 1540 199 1567 et
215 1534 313 1570 Iahn.
333 1535 380 1570 ad
395 1538 484 1570 Aen.
505 1537 534 1578 I,
556 1537 659 1577 315.;
686 1544 721 1571 et
738 1537 783 1571 de
800 1536 836 1570 vi
852 1536 1002 1582 copulae
1010 1545 1047 1570 et
1064 1538 1108 1579 Q.
1130 1537 1175 1571 V.
1193 1537 1356 1578 XXXV,
1376 1536 1411 1571 9.
1435 1533 1532 1579 Wr.)

6 1582 75 1617 126
98 1580 255 1616 offendit
271 1583 422 1617 tardum
443 1589 531 1630 post
544 1584 658 1618 tarda
674 1583 859 1639 superiore
873 1595 988 1618 versu.
1012 1583 1237 1630 surdumque
1254 1595 1423 1630 saporem
1444 1593 1535 1616 con-

3 1627 150 1663 fidebat
162 1628 328 1663 Reiskius
339 1656 350 1672 ,
407 1629 444 1664 ui
462 1630 639 1665 contrahit
657 1643 698 1665 os
718 1643 755 1665 in
785 1630 1049 1666 similitudinem
1070 1630 1164 1665 risus
1182 1629 1349 1665 Sardonii
1360 1655 1371 1671 ,
1401 1636 1442 1664 ut
1457 1628 1533 1664 Ecl.

3 1676 84 1719 VII,
107 1675 167 1711 41.
197 1674 377 1711 Wakefiel
423 1677 469 1711 ad
486 1678 629 1712 Lucret.
652 1679 715 1720 VI,
737 1679 809 1715 780
829 1678 922 1713 coni.
939 1690 1176 1726 ceptumque.
1225 1677 1311 1725 (Sed
1325 1676 1420 1721 vide,
1442 1688 1534 1723 quae

4 1723 53 1758 ad
66 1734 119 1758 vs.
135 1722 217 1759 125.
226 1724 363 1759 notavi.
391 1726 514 1759 tristis
529 1725 658 1760 Medic.
687 1726 784 1772 Wr.)

6 1831 100 1873 dem
127 1833 287 1874 faciunt
316 1836 564 1877 recentiores
599 1849 740 1876 rerum

5 1890 239 1932 Indica-um
288 1895 487 1934 auctores.
557 1896 744 1935 Extremi

6 1950 120 1989 sinus
156 1950 285 2001 orbis,
327 1952 519 2004 interior',
557 1953 741 2006 adeoque

5 2009 207 2049 remotior
231 2015 367 2060 terra,
406 2018 612 2051 extremae
632 2012 741 2051 orbis

6 2067 155 2121 partis:
185 2068 300 2107 cuius
331 2082 470 2108 veram
499 2077 540 2109 et
570 2070 742 2123 explici-

8 2130 96 2164 tam
114 2125 304 2166 notitiam
320 2140 406 2166 non
423 2126 612 2168 habuisse
625 2135 744 2167 vete-

9 2194 101 2233 res,
132 2189 174 2222 et
196 2197 273 2236 pro
301 2190 533 2238 temporum
559 2200 747 2226 successu

11 2241 192 2280 diversas
235 2248 278 2281 et
324 2256 513 2283 erroneas
559 2246 746 2284 notiones

11 2299 100 2338 aliis
114 2300 212 2339 alias
229 2302 462 2341 successisse
473 2333 484 2353 ,
513 2317 626 2343 nunc
637 2304 746 2343 inter

13 2363 132 2396 notas
148 2371 215 2397 res
238 2364 308 2399 est.
339 2375 412 2398 aer
425 2375 607 2400 summus
625 2361 746 2400 anho-

10 2417 68 2455 νίς
82 2430 159 2469 pro
180 2417 388 2456 cacumine
407 2418 552 2459 dictus.
591 2420 746 2459 Statius

12 2472 139 2527 Theb.
165 2475 214 2525 V,
243 2474 330 2519 564
371 2492 655 2531 nemorumque
666 2493 748 2531 per

12 2545 111 2571 aera
131 2533 247 2572 densi
265 2535 502 2575 Dis-saltant
516 2551 643 2575 nexus
658 2551 745 2575 ser—

9 2592 160 2642 pentis.
223 2591 325 2631 Fere
350 2599 418 2632 ut:
449 2609 554 2633 aura
572 2596 666 2633 auri
679 2610 744 2633 re—

0 2647 133 2700 fulsit
145 2678 157 2697 ,
201 2655 243 2688 et
277 2650 335 2689 sic
363 2650 453 2691 alia.
491 2661 659 2704 potuere
694 2667 745 2692 ex

15 2705 165 2744 aoristo
189 2720 265 2759 pro
284 2716 466 2760 possunt.
496 2719 534 2749 et
562 2711 741 2764 quidem,

14 2768 59 2801 et
84 2769 221 2803 tamen
240 2795 251 2814 ‚
292 2780 373 2805 non
402 2768 522 2807 tarda
562 2783 609 2807 ea
638 2783 746 2822 gens,

15 2821 155 2859 malim
202 2828 409 2863 strenuam
460 2826 720 2880 interpretari
735 2858 747 2878 ‚

0 2887 139 2930 ³quam
163 2894 248 2918 non
263 2882 375 2920 tardi
401 2883 570 2936 ingenii,
598 2885 641 2926 h.
661 2886 747 2925 cal-

13 2935 185 2987 lentem,
213 2939 399 2991 peritam.

75 2996 331 3039 126—135.
352 2997 524 3036 Malum
534 3000 749 3039 Medicam

797 1850 871 1876 seu
902 1836 1130 1891 Assyriam3
1185 1838 1285 1877 item
1315 1836 1535 1878 Persicam:

798 1895 876 1935 nisi
894 1894 998 1935 haec
1021 1896 1075 1936 ad
1098 1896 1306 1937 diversum
1329 1909 1455 1949 genus
1474 1902 1536 1934 est

796 1955 1020 1995 referenda.
1078 1953 1145 1994 Ad
1170 1956 1368 1995 citrorum
1396 1967 1535 2007 genus»,

797 2027 828 2052 s.
848 2012 902 2051 ad
918 2015 1049 2063 citt-ia,
1080 2026 1168 2052 eam
1187 2027 1271 2053 esse
1281 2012 1538 2054 referendam

799 2071 980 2110 dubitari
1010 2073 1165 2124 nequit.
1233 2071 1370 2121 Quam
1398 2077 1537 2111 autem

798 2129 990 2168 familiam
1020 2129 1136 2169 Maro
1162 2129 1409 2183 respexerit,
1451 2143 1538 2168 non

802 2188 898 2226 satis
951 2187 1092 2240 liquet.
1161 2187 1363 2228 Convenit
1422 2188 1537 2227 locus

802 2246 978 2285 maxime
1002 2259 1103 2285 cum
1131 2245 1401 2300 Theophrast.
1430 2246 1536 2286 Hist.

802 2304 933 2343 Plant.
967 2304 1043 2354 IV,
1071 2304 1099 2347 4
1131 2310 1238 2344 extr.
1260 2311 1302 2344 et
1323 2318 1416 2344 cum
1434 2305 1536 2344 Pliu.

802 2362 902 2412 ΧΠ,
934 2365 984 2412 3,
1010 2365 1039 2405 7
1054 2378 1065 2414 3
1104 2362 1286 2415 adeoque
1327 2364 1537 2402 aurantiae

804 2418 1085 2475 (Pomemnze)
1106 2434 1232 2474 genus
1253 2421 1419 2474 aliquod
1437 2435 1538 2475 poe-

801 2485 868 2518 tae
890 2485 985 2518 ante
1007 2479 1146 2518 oculos
1173 2480 1296 2519 fuisse
1310 2480 1538 2520 verosimile

801 2537 869 2576 fit:
898 2537 982 2576 vid.
1005 2537 1178 2577 Bauhin.
1204 2538 1310 2577 Hist.
1335 2538 1468 2578 Plant.
1491 2539 1537 2577 T.

800 2595 831 2646 Ι,
850 2610 889 2648 Ρ.
909 2598 978 2638 90.
999 2599 1068 2638 92.
1125 2596 1243 2636 Plinii
1267 2610 1368 2636 aevo
1390 2596 1538 2647 adhuc,

800 2660 1088 2706 praeterquam
1124 2654 1234 2708 apud
1260 2654 1402 2694 Medos
1428 2662 1470 2694 et
1495 2655 1541 2694 in

803 2711 988 2762 Perside,
1030 2726 1231 2766 nusquam
1259 2713 1538 2767 proveniebat.

803 2770 1019 2819 Palladius,
1040 2771 1110 2823 qui
1123 2771 1282 2811 saeculo
1299 2772 1355 2810 III
1373 2772 1539 2810 ineunte

804 2828 953 2867 vixisse
973 2835 1157 2882 putatur,
1175 2830 1435 2882 praecipuam
1455 2828 1539 2866 eius

806 2887 937 2926 cultui
964 2901 1105 2927 curam
1134 2887 1378 2941 impendisse
1404 2885 1540 2924 credi-

806 2950 900 2996 tur3
937 2945 1021 2984 vid.
1056 2959 1149 2985 eum
1171 2947 1215 2984 in
1239 2945 1387 2983 Martio
1407 2944 1460 2992 X,
1483 2946 1534 2983 11

806 3016 892 3055 sqq.
923 3009 1031 3042 certe
1057 3004 1091 3041 is
1119 3017 1149 3042 s.
1181 3005 1257 3053 16,
1293 3015 1387 3040 cum
1420 3006 1539 3040 antea
