1768 3320
248 243 671 297 BUCOLl—GA
710 243 876 295 ECL.
919 245 1012 308 IV,
1059 248 1282 298 42—49

1436 253 1530 302 141

16 367 166 419 Talia
182 367 376 434 saecla,
411 369 519 419 suis
547 368 817 434 dixerunt,
853 370 1073 434 currite,
1109 369 1238 422 fusis

17 437 332 490 Concordes
350 438 523 488 stabili
541 436 780 489 fatorum
802 441 1028 491 numine
1046 443 1255 493 Parcae.

14 507 328 574 Adgredere
359 524 393 558 o
422 524 649 574 magnos
678 509 874 573 (aderit
893 510 997 559 iam
1019 516 1256 578 tempus)
1279 509 1533 575 honoreS‚

16 580 151 631 Cara
181 577 350 629 deum
371 578 614 644 suboleS‚
662 595 922 646 magnum
941 581 1082 631 Iovis
1112 582 1534 632 incrementum!

61 694 111 733 46
141 709 292 731 currere
318 696 482 731 Parrhas.
519 703 558 730 et
584 696 693 731 Pierii
722 697 915 732 Mediceus.
971 699 1022 732 Io.
1051 698 1237 733 Schrader.
1273 698 1365 733 coni.
1401 699 1534 733 ducite.

13 741 63 781 47
84 743 185 778 Idem
201 743 280 778 fere
296 755 417 778 versus
436 743 474 778 in
492 743 565 777 Ciri
587 746 655 781 125
671 764 717 770 --
743 757 971 792 regnumque
986 744 1164 791 futurum
1185 746 1391 780 Concordes
1410 745 1538 780 stabili

4 791 218 839 firmarunt
234 793 385 830 nuntiae
402 793 557 825 Parcae.
607 792 727 837 (Unde
751 804 815 826 sua
835 798 1032 826 mutuatum
1053 805 1130 826 esse
1154 792 1362 838 Virgilium,
1385 793 1534 827 Vossius

14 837 214 879 existiman
239 837 335 884 quod
361 844 398 872 et
418 837 597 883 Spohnius
622 838 821 884 improbat,
845 851 910 873 nee
933 850 1000 884 ego
1021 840 1175 884 probare
1193 852 1348 885 possum.
1395 839 1534 874 Tollius

13 885 218 931 corrigebat
233 885 394 927 nemine,
413 886 586 919 refutatus
607 887 761 928 aBurm.
779 886 925 920 Anthol.
946 898 981 930 p.
1003 887 1087 922 281.
1115 889 1213 931 Wr.)

1309 885 1358 922 48
1379 887 1442 921 Ad
1468 900 1534 920 re-

12 931 120 967 dere:
143 931 353 977 scripturam
375 943 395 966 e
414 931 516 966 libris
536 932 652 967 firmat
670 934 873 975 Burmann.‚
898 932 1018 967 nescio
1035 946 1096 967 eur
1112 933 1182 968 hoc
1201 933 1422 979 potissimum
1456 945 1533 967 oco.

12 978 259 1014 'ruendam-at
282 991 326 1012 ex
348 990 413 1022 eo,
445 979 541 1026 quod
558 986 722 1016 tenorem
741 987 778 1014 et
796 980 1030 1014 constantiam
1052 981 1153 1026 sequi
1175 987 1446 1015 consentaneum
1468 987 1532 1014 est.

10 1023 60 1063 49
85 1027 197 1061 Clara
222 1025 352 1060 Mox-et.
383 1033 497 1072 quart.
527 1034 564 1060 et
585 1027 714 1061 Scheff.
738 1027 921 1062 recentiss.

967 1027 1066 1060 Idem
1094 1040 1216 1061 versus
1246 1028 1283 1061 in
1305 1028 1375 1062 ciri
1399 1040 1431 1062 v.
1450 1029 1532 1064 398.

11 1071 160 1108 subole-2
180 1078 282 1108 vetus
302 1073 497 1119 scriptura,
522 1086 625 1120 quam
643 1075 768 1108 Festus
788 1074 905 1108 firmat
920 1074 956 1108 h.
977 1087 1010 1108 v.
1027 1086 1131 1108 versu
1149 1075 1308 1109 laudato.

11 1166 105 1224 (23)
124 1167 300 1208 credunt
312 1168 578 1222 interpretes;
599 1170 650 1209 de
664 1184 742 1209 na-

9 1233 123 1274 turas·
140 1232 280 1270 tamen
318 1227 465 1267 coloris
499 1227 603 1267 nihil
636 1228 743 1267 dixit

7 1291 152 1338 poetaj
180 1285 327 1325 coloris
345 1290 509 1325 tantum
536 1300 660 1338 genus
674 1286 743 1325 in-

10 1342 146 1386 dicare
170 1342 323 1392 voluit,
372 1357 453 1396 quo
478 1344 607 1383 vellus
635 1345 743 1383 ovil-

8 1399 95 1440 lum
111 1401 339 1454 splendeat:
368 1408 418 1441 ut
426 1402 584 1454 sandyx
599 1402 652 1441 sit
670 1416 742 1441 co-

6 1458 73 1499 lor
111 1459 299 1512 sandycis
318 1489 329 1509 ‚
367 1466 409 1498 et
450 1466 593 1499 ornate
624 1460 742 1510 dixit,

9 1517 121 1570 quod
140 1524 249 1567 erat;
271 1516 483 1557 habebunt
502 1517 594 1571 agni
610 1518 741 1558 vellus

5 1575 181 1615 rubrum
220 1575 378 1614 nemine
411 1576 603 1628 tingente.
669 1576 743 1615 Est

6 1646 107 1673 vero
133 1633 279 1672 coloris
305 1646 376 1673 seu
399 1633 592 1686 pigmenti
614 1647 741 1686 genus

7 1705 60 1730 ex
79 1692 267 1742 metallo3
302 1691 511 1731 interdum
530 1692 652 1732 etiam
672 1693 737 1732 sa·-

8 1750 187 1800 ctitium,
217 1763 271 1788 ex
287 1749 540 1789 sandaracha
556 1756 668 1790 tosta
695 1756 737 1789 et

5 1807 171 1848 rubrica
205 1820 334 1860 aequa
372 1815 490 1861 parte
537 1809 737 1848 admixta:

5 1872 57 1905 ut
78 1865 177 1905 ibid.
203 1865 319 1916 Plin.,
346 1879 427 1918 quo
449 1866 599 1906 rubeus
628 1867 740 1906 color

7 1924 196 1964 efficitur.
252 1923 338 1964 Nisi
364 1938 457 1964 cum
478 1925 577 1964 viris
594 1924 739 1975 doctis,

0 1982 50 2022 in
73 1981 137 2022 his
164 1995 258 2021 cum
276 1982 556 2033 Beckmanno,
586 1983 740 2036 sandy-

6 2054 94 2080 oem
118 2054 196 2094 pro
226 2039 356 2079 herba
384 2041 596 2091 unctoria,
634 2042 740 2080 sorte

4 2098 146 2148 rubia,
189 2097 340 2138 habere
371 2098 509 2149 malis,
550 2099 740 2151 quando-

5 2156 172 2209 quidem
199 2169 292 2195 cum
329 2155 458 2195 altera
483 2156 631 2208 herba,
670 2159 739 2195 lu·-

5 2222 72 2254 tea
93 2245 106 2265 ,
145 2214 339 2266 iungitur.
405 2214 605 2254 Referunt
632 2229 738 2267 quo-

6 2285 85 2325 que
109 2285 158 2313 eo
176 2280 413 2324 pascentes,
446 2273 541 2325 quia
570 2273 738 2326 depasta

3 2330 125 2369 rubia
142 2344 231 2369 ossa
257 2330 461 2383 pecudum
485 2330 592 2370 infici
610 2332 738 2370 solere

6 2388 269 2428 observatum
292 2394 365 2427 est.
431 2389 574 2428 Paullo
599 2395 737 2428 tamen

4 2445 192 2486 subfflins
206 2445 307 2484 haec
322 2445 383 2484 ita
404 2453 568 2500 accepta
585 2453 738 2500 putem.

7 2501 108 2558 (vid.
127 2517 230 2556 quae
257 2503 400 2543 notavi
423 2504 467 2543 in
491 2505 538 2544 V.
557 2505 600 2544 L.
623 2507 695 2546 W
687 2504 736 2559 r.)

6 2561 260 2601 Constantini
282 2562 485 2615 Interpres
508 2562 535 2602 1.
563 2563 590 2602 l.
616 2577 649 2601 c.
679 2566 737 2606 20

0 2634 252 2672 purpureave.
284 2620 507 2672 Sandycem
542 2621 736 2674 appellat:

5 2674 192 2718 Σόνδυκι
219 2677 442 2734 πορφυρέῳ
471 2674 627 2731 λάχνην
652 2679 735 2733 ῤὐ-

4 2731 183 2776 πόεσσαν
203 2732 398 2788 ἀμείβων.
458 2736 530 2775 Est
546 2743 683 2776 autem
709 2735 735 2779 o‘

5 2799 48 2831 et
65 2791 95 2844 ἦ
110 2792 291 2845 sandyx.

62 2849 132 2891 46.
168 2847 238 2892 47.
285 2850 381 2889 Tale
413 2851 618 2890 saeculum
646 2852 734 2891 fato

6 2907 215 2946 decretum
234 2907 434 2948 succedet.
462 2909 554 2948 Hoc
573 2917 735 2949 ornate:

3 2965 208 3004 Dixerunt
243 2965 392 3004 Parcae
416 2966 498 3005 suis
533 2968 651 3006 susis:
696 2968 735 3006 O

4 3024 109 3062 talia
135 3023 273 3062 saecla
286 3052 297 3071 ‚
337 3025 506 3061 eun-ite!
543 3038 620 3077 pro
637 3025 735 3064 vul-

798 1170 905 1222 gari:
936 1185 960 1210 o
978 1170 1058 1210 fila.
1095 1169 1175 1210 Pro
1195 1171 1264 1210 filo
1283 1184 1334 1209 ex
1351 1171 1438 1209 colo
1458 1169 1533 1208 de-

801 1228 925 1268 ducto
942 1229 1024 1267 sata
1044 1236 1153 1279 sunt,
1175 1235 1253 1268 'seu
1268 1229 1416 1267 saecla:
1431 1227 1533 1266 haec

799 1286 889 1325 neri
919 1286 1134 1337 dicuntur3
1170 1293 1220 1326 ut
1243 1287 1352 1340 apud
1378 1287 1532 1325 Home-

798 1357 892 1382 rum
911 1345 1031 1383 toties
1048 1341 1294 1386 ἕπικλῶθειν
1311 1346 1395 1384 sata
1413 1344 1531 1383 alicui

800 1401 1002 1442 destinare
1014 1433 1025 1452 ,
1054 1402 1189 1442 nendo
1209 1403 1291 1442 scil.
1348 1398 1458 1444 ’Au'
1478 1398 1532 1443 οὔ

799 1475 871 1513 μοι
885 1464 1073 1502 τοιοῦτον
1088 1459 1318 1502 ἐπέκλωσαν
1337 1459 1435 1502 θεοὶ
1463 1457 1530 1502 ὄλ-

798 1518 886 1571 βον.
946 1518 1103 1558 Habuit
1127 1525 1283 1569 autem,
1322 1518 1434 1570 quod
1449 1517 1531 1556 iam

797 1575 975 1615 Macrob.
997 1577 1063 1626 VI,
1086 1580 1103 1618 1
1135 1576 1261 1627 vidit,
1291 1575 1406 1615 Maro
1436 1582 1530 1615 ante

798 1634 935 1672 oculos
961 1634 1105 1674 catull.
1121 1634 1207 1685 LX,
1226 1637 1310 1677 320
1330 1648 1428 1686 sqq„
1458 1633 1530 1673 ubi

797 1698 859 1730 est
883 1691 1142 1745 Curritesusi.
1202 1693 1286 1731 Sed
1298 1707 1368 1731 vos
1379 1723 1391 1742 ‚
1424 1706 1530 1745 quae

782 1749 889 1802 sata
919 1759 1153 1803 sequuntur,
1204 1750 1354 1789 Currite
1377 1750 1529 1788 ducen-

797 1816 855 1846 tes
895 1808 1119 1847 subtemina
1138 1838 1150 1858 ‚
1199 1810 1342 1847 currite
1362 1838 1372 1856 ‚
1413 1808 1524 1860 susi.

799 1866 905 1904 Tum
913 1881 953 1906 v.
963 1866 1020 1908 47
1032 1866 1250 1904 Concordes
1261 1866 1399 1904 stabili
1402 1866 1528 1918 falo-

796 1939 888 1962 rum
905 1926 1068 1963 numine
1096 1925 1265 1963 Parvae.
1303 1924 1404 1976 sata
1432 1929 1529 1962 sunt

796 1981 962 2021 stabilia
983 2013 995 2031 ‚
1044 1981 1312 2021 immutabilia
1328 2012 1340 2032 ,
1400 1981 1527 2034 iisque

796 2054 944 2078 numen
971 2039 1014 2079 h.
1042 2040 1104 2078 vis
1132 2046 1174 2079 et
1195 2046 1375 2093 potestas
1403 2053 1527 2091 aeque

798 2111 846 2136 ac
888 2098 1080 2137 voluntas
1126 2098 1265 2137 divina
1316 2097 1526 2137 tribuitur.

797 2157 956 2194 Parcae
992 2156 1202 2194 concordes
1222 2156 1356 2208 satis,
1402 2155 1445 2195 h.
1482 2156 1527 2194 in

794 2214 887 2252 satis
919 2213 1131 2252 hominum
1171 2227 1390 2266 rerumque
1423 2213 1527 2252 defi-

795 2271 952 2310 niendis
976 2278 1017 2310 et
1036 2271 1340 2311 constituendis.
1386 2272 1526 2310 Solent

797 2336 933 2368 autem
967 2336 1110 2383 poetae
1142 2329 1266 2369 modo
1301 2330 1346 2369 in
1372 2329 1525 2382 nupfiis
1587 2379 1595 2390 ι

794 2388 918 2426 modo
935 2388 979 2426 iu
996 2388 1198 2426 natalibus
1215 2388 1360 2427 Parcas
1371 2419 1382 2437 ‚
1416 2387 1525 2429 Mol-

797 2462 891 2500 ρας,
924 2445 1115 2486 adhibere
1129 2447 1213 2484 fata
1229 2452 1430 2485 canente&

852 2502 1051 2546 48—52.
1090 2503 1232 2543 Dicere
1252 2502 1354 2542 haec
1376 2504 1523 2545 ἔνθου·

795 2563 898 2602 σιῶν
926 2560 976 2599 de
1006 2574 1158 2614 puero,
1196 2562 1278 2600 iam
1297 2561 1351 2600 ad
1366 2561 1524 2600 virilem

790 2619 901 2658 illam
919 2625 1091 2658 aetatem
1109 2620 1264 2670 adulto,
1287 2619 1523 2658 existiman-

792 2677 870 2716 dus
896 2684 957 2716 est
982 2684 1123 2730 poeta,
1171 2678 1430 2731 impatienter
1460 2676 1523 2714 se-

789 2749 884 2775 rens
902 2749 1077 2785 moram,
1108 2742 1150 2774 et
1166 2737 1249 2774 iam
1269 2736 1401 2774 animo
1422 2747 1522 2786 pro-

790 2794 935 2833 videns
982 2794 1185 2846 praesagia
1230 2807 1278 2832 ac
1319 2791 1519 2846 prodigia,

792 2865 895 2903 quae
929 2865 1117 2903 magnam
1152 2864 1291 2891 rerum
1325 2849 1520 2889 mutatio-

791 2923 885 2948 nem
916 2910 1184 2962 portendunt.
1252 2908 1320 2951 49.
1353 2906 1519 2961 (Deum,

792 2969 946 3020 accipe:
978 2967 1043 3005 dei
1069 2966 1247 3005 alicuius.
1306 2965 1371 3003 Sic
1387 2965 1519 3002 iuter-

792 3025 891 3064 dum
906 3024 1072 3077 pluralis
1091 3024 1259 3076 ponitur
1280 3036 1356 3075 pro
1380 3021 1517 3071 singu-
