1768 3320
321 249 738 301 BUCOL‘ICA
772 249 940 301 ECL.
977 251 1126 315 VIII,
1163 254 1389 305 51—-65

1522 263 1625 316 213

92 377 291 428 Desine
311 373 631 441 Maenalios,
667 376 776 425 iam
798 375 1011 440 desine,
1047 375 1201 440 tibia,
1237 394 1435 432 versus,

162 449 307 497 Haec
346 449 588 497 Damon:
632 462 756 511 VOS,
802 461 941 513 quae
990 446 1337 513 responderit
1376 449 1623 517 Alphesi-

881 514 1056 565 boeus
1069 556 1083 579 ,

88 585 286 647 Dicite,
323 584 590 647 Pierides3
628 602 741 635 non
766 586 948 635 omnia
972 602 1261 652 possumus
1289 603 1495 640 omnes,

158 669 207 707 A.
241 654 398 706 Effer
418 672 630 723 aquam,
670 665 723 706 et
745 655 901 705 molli
930 655 1082 721 cinge
1105 655 1239 706 haec
1264 656 1445 708 altaria
1470 660 1621 721 vitta3

89 725 476 793 Verbenasque
500 725 658 776 adole
679 726 890 794 pinguis
915 734 968 775 et
994 726 1230 777 mascula
1250 735 1390 779 tura:

1554 732 1621 781 65

157 824 239 871 61.
273 821 498 885 DEsm‘E,
534 822 854 870 MAENALIOS
878 834 978 868 IAM

132 948 177 984 61
202 949 342 982 Desine
359 950 413 982 M.
433 961 568 982 mecum
587 959 668 981 mea
684 955 711 981 t.
730 960 766 981 v.
791 948 898 982 Voss.
919 948 1011 982 alter
1032 961 1052 983 a
1073 961 1118 982 ιιι.
1137 961 1192 995 pr.

1263 947 1311 986 64
1336 953 1386 984 Et
1398 949 1466 998 fer
1484 962 1619 997 aquam

84 994 178 1028 Gud.
225 994 332 1041 Affer
350 996 460 1030 Goth.
486 1008 539 1040 pr.
565 995 691 1040 fragm.
712 995 845 1028 Moreti
874 1003 909 1029 et
928 996 1064 1030 Zulich.
1077 1022 1086 1038 ,
1121 996 1217 1052 quod
1241 1003 1421 1053 tamqnam
1442 998 1616 1032 sacrificio

83 1042 382 1076 accommodatius
400 1043 562 1088 praefert
583 1043 769 1076 Burmann.
813 1043 1034 1084 Theocr.11,
1060 1044 1078 1078 1
1102 1040 1194 1088 φέρε
1219 1042 1390 1079 Θέστυλι.

1438 1045 1535 1078 Mala
1555 1058 1617 1079 ra·-

81 1088 180 1123 tione
208 1089 253 1123 ab
274 1101 375 1144 aqua
392 1091 517 1124 calida
542 1089 657 1134 petita
681 1095 801 1122 tuetur
819 1089 925 1135 Effer
946 1091 1071 1124 Cerda.
1120 1091 1172 1123 Ex
1192 1103 1224 1124 v.
1248 1093 1316 1127 107
1339 1091 1478 1125 videtur
1495 1092 1617 1137 colligi

81 1146 212 1191 posse,
237 1136 295 1182 agi
314 1137 434 1171 haec’
422 1149 459 1170 m
478 1137 649 1179 aedibus,

80 1182 166 1217 rius.
201 1162 302 1229 'Wr.)
350 1183 506 1219 Videtur
533 1184 585 1218 sic
616 1183 804 1218 convenire
830 1187 917 1218 Aen.
934 1186 997 1229 IV,

677 1136 733 1170 vel
761 1136 806 1169 in
820 1137 990 1171 aedium'
979 1150 1027 1171 im
1054 1133 1389 1187 1ιινίο,ὖπαι’θρῳ.
1441 1139 1532 1185 (Ηοο
1550 1152 1616 1173 ve·-

1068 1183 1093 1220 4
1118 1185 1164 1219 de
1190 1185 1348 1220 Didone.
1393 1188 1451 1220 Tu
1473 1195 1615 1221 secreta

76 1242 213 1278 thm
233 1239 332 1266 tecto
348 1233 530 1266 lnterlore
549 1230 617 1266 Sub
637 1244 755 1266 auras
772 1232 899 1279 Erlge·

77 1348 148 1399 ΙΠ,
177 1347 249 1392 24.
278 1350 357 1400 25,
392 1356 434 1389 et
463 1350 613 1401 XXIII,
645 1353 715 1393 20.
745 1352 815 1400 21,

77 1414 119 1446 et
139 1421 227 1460 sup.
243 1408 327 1447 Ecl.
344 1408 394 1459 II,
424 1411 453 1451 7
479 1411 583 1447 mori
607 1423 671 1446 me
699 1409 816 1447 deni-

77 1480 155 1519 que
173 1479 305 1518 coges.

135 1526 205 1566 63.
233 1539 315 1562 non
342 1525 481 1562 omnia
506 1539 556 1576 p.
590 1539 628 1563 o.
696 1522 814 1579 (Vide

75 1580 202 1621 Beier.
242 1582 293 1620 de
329 1581 411 1621 hoc
443 1582 639 1635 loquendi
668 1596 814 1635 genere

76 1639 198 1678 docte
221 1639 483 1679 disserentem
511 1640 564 1679 ad
582 1641 662 1679 Cic.
678 1641 755 1680 Off.
782 1641 812 1692 Ι,

77 1700 145 1740 17.
180 1697 293 1753 Wr.)
351 1697 609 1751 Alphesiboei
636 1713 811 1750 carmen,

73 1761 283 1808 tamquam
322 1755 500 1807 doctius,
552 1757 812 1797 recitandum

73 1813 128 1852 ad
156 1813 293 1854 Musas
318 1815 457 1853 refert.
516 1815 707 1855 caussam
737 1830 812 1869 per

70 1873 336 1925 proverbium
367 1872 526 1912 reddit:
565 1887 606 1912 se
641 1874 678 1913 ei
703 1875 811 1913 reci-

71 1930 200 1969 tando
240 1945 327 1970 non
365 1944 492 1983 aeque
526 1945 574 1971 ac
610 1932 811 1998 superiori

71 1989 242 2028 carmini
279 2002 421 2042 parem
456 2003 560 2029 esse:
600 1991 694 2042 quia
728 2006 810 2029 non

70 2049 209 2085 omnia
215 2062 436 2099 possumus
453 2062 599 2088 omnes,
629 2049 808 2087 Ductum

70 2116 155 2143 esse
184 2118 235 2143 ex
259 2105 412 2144 Lucilio
434 2111 612 2145 testatur
627 2106 806 2146 Macrob.

68 2162 137 2213 VI,
159 2165 197 2214 1,
227 2177 268 2215 p.
292 2163 377 2207 575
406 2165 541 2202 maior
564 2173 650 2203 erat
676 2173 803 2204 nata:

68 2235 150 2259 non
200 2235 338 2259 omma
382 2235 602 2273 possumus
650 2237 798 2261 omnes.

67 2278 198 2318 Multo
233 2285 372 2318 tamen
406 2279 652 2331 ingeniosior
697 2281 802 2319 ratio

66 2337 137 2375 illa
156 2337 337 2390 Popiana
362 2343 423 2375 est
448 2339 609 2376 Pastor.
641 2338 717 2388 III,
745 2339 801 2381 56

65 2396 181 2434 Next
191 2395 340 2448 Aegon
358 2409 482 2447 sung,
505 2396 626 2434 while
641 2398 706 2437 W
706 2397 802 2434 ind-

63 2467 131 2491 εον
153 2466 301 2505 graves
329 2453 518 2492 admir'd.
577 2454 796 2505 Rehearse,

56 2525 111 2563 γε
136 2513 283 2550 Muses
294 2541 306 2561 ‚
347 2511 461 2550 wlzat
475 2513 707 2564 your-selues
730 2514 798 2550 in-

62 2568 205 2620 spir’d.
277 2570 350 2608 Est
377 2575 512 2608 autem
540 2569 641 2620 hoo,
686 2570 800 2622 quod

63 2626 267 2678 sequitur,
310 2641 473 2667 carmen
509 2641 562 2666 ex
594 2627 799 2667 Theocriti

62 2683 395 2724 Pharmaceutria
429 2685 548 2739 Idyll.
576 2686 614 2725 H
650 2686 798 2726 adum-

61 2742 238 2782 bratum.
298 2741 375 2796 (Et
399 2742 481 2783 hoc
508 2750 556 2782 ut
586 2745 796 2795 scriberet,

60 2800 308 2852 imposuerat
328 2808 472 2853 poetae
488 2802 628 2842 Pollio.
673 2804 792 2843 Voss.

61 2863 105 2895 et
133 2856 221 2912 Sp.)
280 2858 426 2898 Mulier
454 2859 589 2912 aliqua
617 2861 797 2900 venefica

59 2914 271 2953 inducitur
293 2922 514 2956 amatorem
538 2932 678 2968 suum,
709 2933 733 2956 a
754 2932 796 2957 se

60 2972 354 3023 abalienatum,
385 2980 426 3012 et
451 2988 503 3014 ex
533 2989 628 3028 agro
650 2976 695 3014 in
720 2990 795 3015 ur—

60 3031 152 3069 bem
184 3031 433 3084 profectum,
475 3033 637 3097 magicis
672 3034 796 3073 sacris

874 1349 928 1389 ad
955 1363 996 1389 se
1022 1364 1232 1390 revocans.
1283 1351 1484 1402 Loquitur
1511 1364 1612 1391 vero

873 1422 968 1447 cum
989 1408 1261 1462 Amaryllide,
1293 1423 1505 1448 sacrorum
1531 1409 1611 1448 ho·-

871 1480 966 1506 rum
989 1467 1238 1506 administra.

930 1524 999 1567 64.
1039 1524 1290 1578 Apparatum
1326 1524 1430 1563 sacri
1466 1525 1609 1577 magici

871 1596 1016 1622 curare
1038 1584 1151 1623 iubet
1169 1583 1370 1623 venefica:
1400 1584 1493 1621 Stat
1524 1597 1607 1633 ara,

871 1641 1040 1681 affertur
1058 1656 1162 1694 aqua
1174 1641 1368 1691 lustralis,
1387 1647 1607 1680 coronatur

870 1713 954 1749 ara,
976 1700 1155 1740 verbena
1181 1700 1226 1739 in
1253 1713 1324 1738 ara
1355 1699 1605 1749 accenditur,

869 1771 964 1796 cum
991 1764 1097 1797 ture.
1126 1760 1230 1797 vitta
1259 1757 1392 1807 molli,
1424 1757 1519 1808 quia
1541 1757 1605 1795 la-

868 1829 956 1854 nea.
986 1817 1052 1855 Sic
1064 1817 1135 1855 Ge.
1151 1816 1218 1866 IV,
1237 1814 1322 1857 348
1342 1816 1485 1853 mollia
1493 1829 1603 1866 pen-

867 1888 927 1912 sa.
985 1875 1060 1914 Vir
1083 1874 1226 1913 doctus
1247 1873 1301 1912 ad
1321 1874 1480 1912 Lucret.
1495 1873 1526 1923 Ι,
1547 1875 1603 1915 89

873 1932 957 1983 Qui
982 1933 1107 1971 simul
1122 1932 1259 1984 insula
1282 1954 1342 1961 —-
1367 1946 1416 1969 ex
1433 1940 1603 1984 utraque

859 1991 963 2041 pari
977 1992 1184 2029 malarum
1196 1998 1318 2042 parte
1330 1989 1509 2041 profusa
1526 1996 1598 2039 est,

866 2061 960 2086 cum
976 2048 1099 2088 huius
1121 2049 1202 2087 loci
1224 2047 1466 2087 recordatus
1485 2053 1599 2096 esset,

862 2119 1133 2160 praepropere
1147 2106 1266 2144 etiam
1282 2106 1444 2144 mollem
1456 2107 1601 2143 vittam

864 2177 947 2202 esse
964 2166 1172 2217 profusam
1185 2164 1491 2217 pronuntiabat.
1520 2162 1599 2201 At-

861 2227 1000 2261 tamen
1029 2223 1247 2276 prosusam
1286 2228 1328 2260 et
1364 2223 1484 2260 molle
1523 2234 1599 2260 nec

859 2293 959 2330 usu,
999 2295 1077 2319 nec
1115 2294 1184 2331 re,
1226 2286 1323 2319 sunt
1358 2292 1596 2332 synonyma.

859 2337 1065 2378 Theocrit.
1084 2339 1203 2392 Idyll.
1222 2338 1273 2389 Π,
1294 2341 1322 2380 2
1350 2335 1439 2387 οἰός
1461 2333 1594 2392 α’ώτῳ.

860 2396 950 2447 quis
963 2411 1046 2435 non
1058 2397 1240 2436 meminit
1247 2396 1409 2434 mollem
1421 2396 1564 2433 lanam
1572 2396 1595 2434 ,⁹

860 2454 927 2497 65.
955 2456 1003 2494 V
996 2455 1138 2494 erbena
1156 2455 1279 2493 modo
1299 2453 1349 2492 de
1369 2453 1480 2492 omni
1495 2452 1593 2491 her-

856 2511 910 2550 ba
930 2525 952 2550 e
970 2526 1084 2552 sacro
1102 2514 1193 2552 loco
1218 2514 1366 2566 petita,
1397 2511 1520 2550 modo
1542 2510 1595 2549 de

854 2583 998 2622 genere
1032 2572 1166 2624 aliquo
1203 2571 1283 2611 dici
1318 2569 1504 2619 videtur3
1544 2573 1593 2608 ut

856 2641 908 2666 ex
933 2629 1085 2680 Plinio,
1124 2629 1265 2669 Servio
1295 2628 1478 2679 aliisque,
1513 2626 1590 2664 do-

855 2693 949 2726 cent
967 2687 1047 2727 viri
1068 2687 1181 2727 docti
1199 2687 1253 2726 ad
1269 2685 1310 2725 h.
1327 2686 1354 2724 l.
1374 2691 1415 2723 et
1431 2683 1588 2737 passim.

854 2746 1098 2784 Masculam
1118 2755 1182 2784 tas
1202 2744 1407 2785 vocabant
1432 2747 1589 2782 veteres

855 2803 1053 2855 optimum
1095 2818 1143 2843 ac
1179 2801 1586 2862 praestantissimum:

852 2860 962 2899 idem
992 2864 1205 2927 stagonias
1240 2859 1504 2914 appellatum,
1543 2869 1586 2893 111

852 2925 992 2970 guttae
1012 2920 1182 2971 speeiem
1202 2916 1449 2964 rotundum,
1471 2919 1518 2952 ut
1535 2926 1586 2950 ex

853 2976 1087 3016 Dioscoride
1113 2991 1160 3015 ac
1184 2977 1284 3015 Plin.
1303 2973 1394 3022 ΧΠ,
1426 2970 1477 3012 14
1507 2970 1584 3007 ‹10-

853 3047 972 3073 cuere
992 3034 1070 3074 viri
1092 3034 1213 3075 docti.
1234 3032 1316 3072 vid.
1330 3003 1470 3069 Cei-da.
1499 3027 1583 3065 Iam
