1768 3320
236 255 333 291 CXL
491 247 496 254 '
732 234 1261 286 TESTIMONIA

235 360 430 410 Caesaris
454 364 526 407 hic
545 362 727 422 placido
753 371 871 406 nutu
888 368 1158 420 repetuntur
1180 358 1321 416 agelli.

233 424 313 468 His
334 430 489 467 auctus
510 422 681 464 meritis
701 436 805 464 cum
824 420 954 477 digna
978 417 1222 477 rependere
1242 415 1395 460 vellet:

233 482 410 527 Invenit
429 494 630 532 carmen,
661 494 753 536 quo
772 492 958 520 munera
978 476 1150 518 vincere
1167 481 1334 532 posset.

233 539 418 582 Praedia
439 538 511 580 dat
528 536 708 590 Caesar3
748 549 946 593 quorum
968 533 1110 576 brevis
1135 547 1240 575 usus
1259 531 1472 575 habendi:

235 596 411 640 Obtulit
428 594 498 637 hic
516 594 691 648 laudes,
722 608 830 651 quas
852 594 1021 635 saecula
1042 590 1165 633 nulla
1187 589 1405 633 silescant.

321 654 523 696 Pastores
538 652 692 695 cecinit
707 651 894 710 primos.
954 649 1049 691 Hoc
1074 648 1270 691 carmine
1290 646 1461 690 Consul

237 711 380 755 Pollio
401 710 630 762 laudatur,
660 717 729 751 ter
748 724 793 751 se
816 706 1121 750 revocantibus
1142 706 1269 748 annis

236 769 515 827 Composito.
577 768 681 809 Post
701 766 807 808 haec
828 765 947 807 ruris
970 770 1206 822 praecepta
1226 762 1403 806 colendi

235 827 446 880 Quatuor
471 824 681 883 exposuit
701 823 847 876 libris,
881 829 922 865 et
944 821 1186 864 commoda
1211 828 1358 865 terrae

234 884 444 935 Edocuit‚
475 882 660 940 geminis
681 896 797 924 anno
817 879 968 922 minus
988 879 1139 923 omnia
1159 878 1325 922 lustris.

235 941 344 984 Inde
365 940 634 984 cothurnato
657 937 942 982 Teucrorum
969 937 1133 996 praelia
1153 951 1287 979 versu

233 999 291 1042 Et
307 998 527 1042 Rutulum
547 998 706 1039 tonuit.
768 995 942 1038 Bissena
963 994 1195 1039 volumina
1212 1009 1339 1039 sacro

233 1055 457 1100 Formavit
481 1054 639 1097 donata
661 1053 784 1104 duci,
810 1053 1035 1096 trieteride
1055 1060 1227 1110 quarta.

319 1114 401 1157 Sed
422 1113 516 1155 loca
528 1144 539 1165 ‚
571 1127 683 1170 quae
701 1111 821 1169 vulgi
839 1111 1110 1154 memoravit
1127 1110 1289 1154 tradita
1307 1108 1428 1154 fama

231 1171 452 1230 Aequoris
471 1178 514 1213 et
531 1178 696 1222 terrae,
726 1169 878 1212 statuit
898 1183 1163 1227 percurrere
1180 1175 1314 1223 vates,

234 1230 406 1272 Certius
437 1236 488 1271 ut
512 1227 639 1270 libris
671 1226 803 1270 oculo
833 1226 1024 1269 dictante
1054 1233 1244 1270 notaret.

233 1287 462 1344 Pergitur=
494 1293 545 1328 ut
564 1284 776 1328 Calabros
801 1284 965 1342 tetigit,
996 1283 1141 1328 livore
1159 1284 1341 1327 nocenti

231 1345 492 1397 Parcarum,
521 1342 758 1386 vehemens
777 1342 950 1385 luxavit
968 1344 1163 1400 corpora
1184 1343 1391 1395 morbus.

230 1402 311 1445 Hic
326 1401 405 1445 ubi
424 1401 682 1459 languores,
714 1409 756 1444 et
777 1400 868 1444 fata
886 1400 1101 1443 minantia
1121 1400 1280 1444 sensit:

805 1515 834 1543 ὑ
973 1516 1003 1544 *
1142 1516 1172 1544 *-

614 1632 774 1678 Cetera
802 1633 998 1678 deerant
1023 1634 1075 1678 in
1094 1632 1361 1692 exemplari.

951 1786 1012 1836 II

381 1899 455 1944 De
485 1899 690 1959 operibus
726 1900 773 1945 V
777 1901 1017 1961 irgilianis
1046 1904 1212 1948 incerti
1243 1903 1459 1948 auctoris.
1492 1889 1604 1946 ibid.

765 1971 843 2016 zib.
875 1972 945 2016 II.
974 1972 1067 2032 Ep.
1100 1977 1195 2039 173.

230 2059 488 2105 Maeonium
515 2061 714 2119 quisquis
732 2062 966 2107 Romanus
987 2065 1124 2108 nescit
1144 2065 1418 2120 Homerum,

289 2176 296 2183 .
314 2119 388 2184 Me
408 2119 542 2176 legat,
574 2127 616 2162 et
633 2120 799 2164 lectum
819 2122 968 2165 credat
986 2131 1236 2182 utrumque
1264 2122 1359 2166 sibi.

229 2175 353 2219 llhus
375 2192 616 2220 immensos
640 2179 832 2222 miratur
853 2181 1035 2224 Graecia
1058 2197 1263 2240 campos:

316 2234 393 2276 Ast
411 2235 560 2277 minor
578 2243 641 2278 est
660 2236 811 2290 nobis,
841 2238 918 2280 sed
941 2239 1052 2282 bene
1070 2239 1239 2291 cultus,
1272 2253 1387 2297 ager.

229 2290 332 2334 Non
354 2293 707 2357 pastorffimiles,
740 2310 819 2338 nec
840 2311 1004 2340 curvus
1025 2297 1169 2343 deerit
1188 2304 1351 2341 arator.

316 2348 429 2392 Haec
446 2350 589 2393 Graiis
611 2359 815 2396 constant
832 2354 1028 2412 singula,
1058 2355 1178 2399 trina
1197 2354 1322 2399 mihi.

935 2506 1028 2557 III

391 2615 680 2660 ALCINOI
722 2618 809 2663 DE
852 2620 1195 2666 VIRGILIO.
1240 2621 1351 2667 ibid.
1374 2621 1469 2681 Ep.
1491 2625 1587 2667 178.

226 2704 292 2747 De
311 2719 501 2770 numero
526 2716 679 2752 vatum
698 2711 733 2753 si
753 2713 852 2768 quis
871 2723 1059 2771 seponat
1077 2715 1349 2767 Homerum,

314 2761 555 2829 ssroximils
582 2782 605 2808 a
625 2769 775 2824 primo
794 2777 894 2812 tum
920 2772 1073 2825 Maro,
1112 2773 1292 2832 primus
1317 2774 1414 2816 erit.

228 2819 284 2862 Et
302 2834 338 2861 si
363 2828 467 2877 post
487 2837 701 2889 primum·
715 2826 843 2870 Maro
862 2837 1112 2887 seponatur
1129 2831 1409 2876 Homerum:

315 2878 465 2935 Longe
484 2887 569 2922 erit
590 2897 612 2924 a
633 2898 807 2940 primo,
838 2887 1028 2944 quisque
1048 2888 1271 2932 secundus
1291 2888 1388 2933 erit.

1674 997 1757 1038 100

1609 1307 1612 1310 ·
1672 1283 1768 1329 1054

271 3016 314 3059 11,
334 3015 356 3051 5
375 3016 492 3050 deerit
513 3016 558 3050 al.
582 3017 682 3063 defit.
699 3020 832 3056 melius·
900 3026 957 3068 111,
972 3025 997 3061 4
1009 3028 1159 3073 quisque
1179 3038 1278 3062 more
1300 3027 1472 3062 seriorum
1487 3038 1554 3073 pro
1574 3026 1750 3072 quisqu&-
