1768 3320
228 192 327 240 144
552 190 606 241 Ρ.
643 188 997 239 VIRGILII
1042 184 1418 236 MARONIS

226 314 451 382 Spiritus
476 322 551 378 et,
591 323 850 382 quantum
873 321 951 362 sat
971 311 1069 361 erit
1091 318 1181 360 tua
1208 309 1388 360 dicere
1407 309 1568 364 facta:

222 388 344 436 Non
363 400 455 433 me
475 384 797 433 carminibus
816 383 991 431 vincet
1011 397 1112 429 nec
1124 379 1380 430 Thracius
1394 380 1662 449 OrpheUS,
1676 385 1744 436 55

222 457 335 506 Nec
345 454 507 504 Linus
518 479 529 515 ;
551 454 675 504 huic
685 462 857 503 mater
873 451 1287 519 quamviS,atque
1298 450 1422 500 huic
1432 459 1586 519 pater
1595 451 1743 518 adsit,

226 523 434 591 Orphei
457 524 746 591 Calliopea,
783 523 919 573 Lino
941 519 1214 571 formosus
1231 520 1444 588 Apollo,

295 621 375 670 54.
411 622 604 668 FACTA!
710 619 789 668 56.
825 630 1003 666 ADsrr:

228 771 299 807 Sed
313 770 382 804 iam
403 769 505 804 Aldd.
528 776 563 802 et
582 780 623 801 ex
641 767 696 801 his
717 768 845 801 ductae
865 767 1019 814 longae,
1044 765 1141 812 quod
1156 765 1272 800 firmat
1290 767 1412 801 Heius.
1430 773 1516 813 post
1534 766 1642 811 Pier„
1663 779 1745 802 nam

228 826 265 853 et
285 818 368 851 libri
388 816 536 851 variant.
585 815 699 860 (Nihil
722 815 876 848 dicerem
901 814 945 847 de
969 814 1037 847 hac
1066 813 1256 857 varietate,
1290 814 1359 848 nisi
1380 814 1577 860 Spohnium
1599 815 1746 850 lectioni

226 867 337 912 longe
354 862 566 909 patrocinari
583 862 748 895 viderem.
797 864 974 908 „Longae
990 862 1106 902 vitae,
1130 861 1254 906 inquit,
1281 868 1393 896 esset:
1418 861 1520 905 vitae,
1543 875 1633 909 quae
1653 862 1744 897 adeo

224 914 332 957 longa
353 914 439 945 est.“
486 913 532 944 At
547 921 617 942 non
641 916 718 942 erat
737 908 939 941 dicendum:
966 920 1062 954 quae
1080 909 1172 942 adeo
1195 908 1311 955 longa
1330 917 1403 952 est,
1429 909 1511 943 sed:
1537 923 1632 957 quae
1651 911 1745 945 adeo

226 961 341 1006 longa
359 960 428 998 εἰη
464 963 544 990 sunt
570 956 661 990 enim
679 956 766 989 haec
788 955 943 1000 optantis
965 955 1095 995 verba;
1131 955 1226 1001 quod
1253 956 1284 989 si
1305 956 1367 990 ille
1393 957 1621 999 attendisset,
1653 957 1746 991 bene

224 1007 357 1040 habere
386 1004 560 1049 vulgatam
589 1003 776 1036 lectionem
802 1001 1048 1036 intellexisset.
1096 1004 1140 1036 Et
1169 1002 1245 1048 quis
1269 1015 1420 1049 unquam
1448 1004 1500 1038 ita
1527 1004 1635 1039 dixit:
1667 1005 1746 1038 vita

225 1054 335 1099 longe
353 1051 498 1085 manet?
541 1050 643 1083 Certe
664 1050 879 1083 afferendum
904 1055 982 1083 erat
1004 1050 1220 1094 exemplum,
1247 1051 1341 1096 quod
1362 1050 1621 1096 positivum
1640 1050 1744 1085 huius

226 1099 385 1134 adverbii
400 1097 631 1142 temporalem
651 1109 789 1143 quoque
807 1102 1020 1141 potestatem
1039 1096 1174 1130 habere
1193 1098 1414 1139 ostenderet3
1439 1099 1535 1144 quod
1553 1110 1680 1134 vereor
1700 1110 1746 1132 ne

224 1148 354 1180 frustra
374 1157 530 1191 quaeras.
580 1146 678 1177 Pars
701 1145 829 1177 ultima
852 1143 913 1177 lon
944 1156 988 1176 ae
1007 1145 1106 1177 vitae
1127 1145 1271 1188 poetica
1293 1146 1442 1190 quadam
1460 1158 1540 1179 usus
1561 1145 1746 1180 abundan—

224 1194 274 1227 tia
291 1192 379 1226 dixit
398 1204 464 1236 pro
485 1203 546 1233 eo,
573 1191 668 1236 quod
688 1190 896 1235 simpliciter
940 1190 985 1223 ici
1002 1197 1167 1235 poterat:
1194 1192 1308 1238 longa
1323 1194 1412 1227 vita.
1446 1193 1569 1227 Simile
1587 1199 1641 1227 est
1655 1192 1746 1227 illud

226 1240 325 1274 Ovid.
346 1241 430 1273 Met.
454 1240 521 1279 VI,
548 1239 647 1275 675.:
673 1237 770 1280 „Hic
789 1237 892 1271 dolor
913 1245 995 1271 ante
1016 1237 1111 1271 diem
1141 1238 1416 1285 longaeque
1446 1248 1652 1275 extrema
1675 1252 1745 1274 se-

224 1293 390 1321 nectae
415 1288 552 1330 Temp
566 1297 643 1318 ora
675 1286 865 1318 Tartareas
893 1284 1077 1319 Pandiona
1102 1285 1199 1319 misit
1225 1286 1270 1320 ad
1297 1287 1448 1322 umbras.
1461 1291 1482 1307 “
1530 1287 1601 1321 Cfr.
1623 1287 1745 1321 Lach-

223 1345 338 1367 mann.
363 1333 407 1366 ad
423 1334 531 1376 Prop.
551 1344 631 1376 pag.
657 1331 735 1368 146.
766 1332 861 1376 Wr.)
910 1333 952 1365 In
970 1331 1088 1367 multis
1108 1332 1211 1366 etiam
1228 1341 1322 1367 tum:
1350 1335 1444 1380 quod
1462 1334 1633 1380 praetulit
1649 1336 1746 1370 Wa—

222 1379 381 1421 kefield„
405 1392 470 1412 nec
490 1379 721 1412 incommode.
772 1380 828 1424 (At
858 1386 936 1412 tum
965 1391 1037 1412 non
1057 1379 1229 1422 haberet,
1263 1393 1332 1426 quo
1355 1382 1572 1424 referretur;
1604 1382 1743 1428 quando

224 1426 342 1460 enim?
381 1429 470 1460 Tam
495 1427 631 1473 longae
647 1426 669 1460 i.
693 1439 723 1459 e.
743 1434 799 1469 ut,
822 1437 927 1471 quum
951 1426 997 1460 ad
1017 1426 1155 1460 virilem
1172 1434 1324 1461 aetatem
1345 1429 1570 1474 perveneris,
1592 1441 1650 1463 res
1671 1442 1691 1463 a
1706 1435 1744 1462 te

224 1481 341 1519 gestas
361 1485 486 1508 canere
506 1473 650 1517 possim.
682 1473 776 1518 Wr.)
873 1470 919 1508 54
944 1486 1014 1506 sua
1032 1473 1153 1508 Heius.
1174 1486 1272 1508 unus.
1310 1474 1404 1523 fata
1421 1477 1588 1511 Rottend.
1637 1476 1745 1522 (Male

221 1522 260 1555 in
283 1521 353 1555 fine
379 1521 480 1554 huius
498 1532 616 1553 versus
646 1519 860 1554 exclamandi
881 1520 1019 1565 signum
1042 1528 1198 1566 ponunt,
1232 1533 1304 1556 non
1331 1522 1415 1557 satis
1438 1529 1628 1569 perspecta
1647 1523 1745 1558 eius-

222 1568 318 1603 modi
337 1575 532 1602 structurae
553 1567 700 1601 ratione.
740 1569 801 1603 Vs.
821 1568 879 1603 55.
899 1574 1066 1613 tanquam
1087 1569 1256 1615 apodosis
1276 1570 1465 1604 referenda
1487 1571 1532 1605 ad
1548 1583 1598 1606 vs.
1610 1571 1668 1608 53.
1680 1583 1744 1617 sq„

224 1615 320 1661 quod
339 1627 446 1659 genus
466 1614 633 1648 orationis
659 1627 702 1648 ne
720 1627 740 1648 a
761 1614 923 1660 pedestri
943 1614 1084 1661 quidem
1109 1616 1288 1650 scribendi
1309 1629 1439 1662 genere
1458 1618 1620 1653 alienum.
1667 1618 1744 1653 Liv.

222 1664 293 1704 VI,
323 1662 394 1697 18.:
429 1689 449 1704 ‚‚
462 1662 641 1695 Ostendite
657 1662 764 1695 modo
781 1661 931 1695 bellum:
957 1674 1083 1708 pacem
1103 1663 1296 1698 habebitis.
1346 1664 1502 1699 Videant
1519 1677 1584 1700 vos
1601 1673 1744 1710 paratos

223 1710 269 1744 ad
288 1708 373 1742 vim:
399 1708 453 1742 ius
471 1708 540 1753 ipsi
558 1708 748 1743 remittent.
761 1712 781 1728 “
821 1711 878 1744 W
872 1708 916 1753 r.)
1012 1711 1059 1746 55
1088 1711 1277 1744 Thrac-eus
1298 1711 1470 1746 nonnulli.
1563 1713 1610 1749 56
1633 1721 1746 1760 atque

224 1757 325 1790 deest
358 1755 393 1789 in
432 1767 500 1789 uno
528 1756 696 1789 Rottend.
790 1756 838 1792 57
873 1757 1006 1803 Orphi,
1043 1758 1205 1804 Orpheo,
1241 1759 1398 1806 Orphea.
1447 1759 1639 1807 Calliopia.
1687 1760 1745 1795 Sic

224 1802 362 1837 variant
392 1802 476 1836 libri
507 1802 588 1836 edd.
618 1810 654 1836 et
681 1803 915 1837 Grammatici.
973 1805 1090 1851 Orplu'
1114 1806 1215 1839 Rom.
1243 1812 1279 1838 et
1304 1805 1502 1840 Priscianus
1530 1814 1742 1851 agnoscunt:

223 1847 374 1897 ὀρφέῑ,
406 1847 551 1896 Ὀρφεῖ.
597 1852 642 1884 Et
678 1847 920 1887 Καλλιόπεια.
970 1851 1102 1899 (orphi
1128 1851 1235 1886 etiam
1258 1853 1292 1889 7.
1319 1854 1352 1894 8.
1376 1848 1431 1891 11.
1455 1851 1510 1891 14.
1534 1853 1606 1889 vid.
1628 1855 1742 1890 Bam.

225 1979 326 2019 nihi]
346 1979 599 2032 significetur.
639 1981 704 2020 Sic
721 1984 829 2021 rami
840 1998 952 2034 pon-

224 2039 314 2076 dere
339 2046 482 2076 nulant
516 2038 625 2092 apud
648 2040 767 2079 Ovid.
793 2040 883 2080 Art.
902 2042 951 2091 Π,

223 2099 321 2138 263.
361 2097 443 2135 Nec
470 2097 584 2138 aliter
614 2105 823 2150 acceperat
842 2100 952 2138 Con-

224 2153 391 2192 stantini
416 2154 629 2207 InterpreS.
647 2170 687 2196 v.
706 2157 874 2196 Excur&
900 2157 952 2196 ad

222 2210 330 2250 hane
350 2213 545 2264 Eclogani.
585 2213 678 2262 Quo
696 2215 826 2254 minus
845 2215 953 2259 hanc

223 2269 597 2322 interpretationem
612 2274 848 2324 praeferam,
861 2288 952 2312 mo-

223 2334 294 2366 vet
328 2341 423 2377 me,
465 2329 574 2379 quod
607 2329 664 2368 ita
701 2332 874 2370 mundus
911 2338 952 2371 et

223 2386 382 2424 caelum
411 2386 477 2428 50.
507 2387 557 2428 51
600 2401 684 2427 non
722 2389 823 2428 bene
867 2389 952 2428 dis-

223 2443 334 2482 cerni
352 2450 534 2496 possunt.

279 2558 334 2601 53
356 2581 416 2588 —
432 2559 500 2601 59.
545 2559 581 2598 O
605 2561 708 2599 mihi
731 2570 842 2601 tam:
875 2563 951 2602 ad-

221 2616 457 2655 umbratum
499 2617 550 2655 ad
579 2617 744 2658 Hesiodi
780 2620 950 2661 ductum

221 2674 249 2714 l.
266 2674 292 2713 l.
317 2673 399 2716 174
418 2687 500 2726 sqq.
532 2675 592 2713 Sit
611 2676 710 2714 mihi
726 2683 810 2716 tam
831 2679 949 2732 longa

221 2733 328 2772 vita!
362 2746 531 2784 cumque
560 2733 642 2772 eius
669 2749 751 2773 non
774 2737 846 2775 nisi
875 2751 949 2776 ex-

221 2796 352 2830 trema
368 2804 463 2844 pars
491 2803 536 2828 ea
552 2797 736 2844 tempora
753 2795 948 2847 attingere

221 2849 369 2903 possit,
417 2861 493 2901 pro
536 2862 582 2887 eo
630 2850 754 2890 dixit:
799 2853 947 2905 longae

215 2920 320 2960 pars
339 2907 484 2946 ultima
503 2909 621 2946 vitae.
671 2908 859 2960 aspir-ltus,
879 2913 946 2949 in-

221 2965 326 3018 genii
350 2964 414 3005 vis
437 2964 632 3017 vigorque
655 2966 859 3018 poeticus3
906 2976 947 3008 et

1007 1982 1111 2022 mihi
1137 1983 1191 2022 sit
1222 1990 1383 2035 tantus,
1422 1991 1623 2037 quantum
1658 1985 1743 2025 eius
1766 2001 1768 2005 ¹

1009 2041 1176 2094 spiritus
1200 2048 1262 2081 sat
1282 2042 1360 2082 erit
1377 2042 1431 2081 ad
1446 2044 1554 2082 faeta
1581 2050 1656 2084 tua
1677 2043 1743 2083 dj-

1010 2099 1150 2139 cenda.
1200 2098 1421 2154 (Spohnius
1438 2101 1540 2141 haec
1557 2101 1614 2141 ita
1632 2101 1743 2154 iungi

1008 2158 1138 2197 iubet:
1177 2159 1375 2210 spirans,
1417 2160 1542 2212 facta
1576 2168 1648 2199 ma
1675 2151 1768 2213 ιιι-,ἕ

1009 2231 1094 2254 cere
1105 2232 1121 2265 ;
1164 2222 1205 2255 et
1230 2226 1427 2270 quantum
1454 2226 1519 2257 sat
1555 2219 1627 2257 erit
1659 2230 1768 2263 esses

1008 2274 1035 2313 i.
1047 2288 1084 2325 q.
1101 2276 1204 2312 iusto
1220 2275 1349 2315 mod0.
1392 2276 1580 2315 Ceterum
1597 2275 1683 2316 vid.
1695 2275 1741 2317 V.
1760 2288 1768 2316 t'

1008 2332 1051 2370 L.
1071 2347 1129 2372 VS.
1147 2331 1215 2376 54.
1251 2331 1370 2388 Wr.)
1411 2334 1613 2378 55—-59-
1642 2334 1743 2374 Non
1761 2368 1768 2382 ,

1009 2404 1073 2428 me
1102 2405 1135 2429 c.
1189 2391 1328 2430 Tanta·
1358 2398 1479 2432 erunt
1507 2399 1587 2432 tua
1614 2393 1768 2472 sacta;{

1007 2454 1124 2487 tanta
1145 2449 1243 2500 erit,
1273 2455 1437 2502 tamque
1460 2450 1671 2503 magnifica
1695 2463 1742 2490 ac

1010 2507 1171 2557 divina,
1202 2508 1372 2547 materia
1391 2515 1487 2548 tuae
1505 2508 1659 2559 laudis,
1693 2513 1743 2548 ut
1754 2525 1768 2548 ε

1007 2565 1212 2617 ingenium
1229 2579 1364 2606 meum
1383 2567 1433 2605 ab
1442 2580 1489 2605 ea
1507 2565 1768 2617 excitatum&

1006 2623 1303 2665 inflammatum
1322 2630 1363 2663 et
1379 2625 1578 2665 diviniore
1595 2624 1768 2679 spiritu-2

1751 2565 1761 2578 Γ

1008 2688 1163 2733 actum,
1204 2696 1328 2736 supra
1360 2696 1498 2722 omnes
1532 2683 1741 2733 excellere,
1750 2684 1764 2719 ii

1007 2746 1048 2778 et
1084 2741 1192 2793 ipsos
1229 2741 1325 2781 deos
1368 2741 1551 2781 canendo
1578 2736 1768 2782 vincere}

1004 2799 1144 2850 possit.
1175 2799 1294 2850 adsit,
1313 2800 1378 2839 uti
1392 2800 1572 2840 invocati
1593 2799 1649 2839 dii
1665 2797 1766 2856 ad--ssjglr

1004 2863 1123 2907 sunt,
1155 2871 1271 2910 opem
1291 2859 1464 2908 ferunt.
1485 2859 1624 2898 favent
1640 2869 1745 2910 poe-

1004 2914 1069 2953 tis.
1110 2914 1222 2969 (huic
1245 2916 1446 2966 —lzuic‚
1491 2915 1577 2956 vid.
1606 2915 1657 2965 Q.
1691 2913 1740 2954 V·

1003 2972 1098 3023 XX,
1119 2976 1158 3016 9.
1190 2973 1303 3029 Wr.)

1748 2897 1753 2904 a
