1734 3320
131 159 235 208 504

465 158 520 207 P.
557 156 914 207 VIRGILII
948 155 1325 207 MARONIS

133 287 369 336 Centum
393 283 737 351 quadriiugos
759 282 966 348 agitabo
991 281 1059 332 ad
1078 280 1303 332 flumina
1326 288 1523 335 currus,

133 357 338 406 Cuncta
357 354 509 420 mihi,
530 353 805 421 Alpheum
824 353 1076 420 linquens
1095 353 1358 420 lucosque
1378 353 1664 418 Molorchi,

134 425 393 477 Cursibus
422 434 475 475 et
500 424 668 475 crudo
693 423 951 474 decernet
973 424 1191 475 Graecia
1213 432 1373 475 cestu

1595 429 1686 478 20‘

180 569 230 603 20
255 567 351 601 duro
370 586 415 591 —
435 574 537 600 cestu
569 567 747 599 Romanus
773 563 893 598 Pierii.
941 564 1013 598 Sed
1037 564 1152 598 crudo
1186 565 1329 609 melius,
1363 577 1384 599 e
1411 564 1523 599 crudo
1556 563 1666 600 corio.

131 618 217 649 Aen.
237 616 283 657 V,
308 615 365 650 69.
414 614 588 647 decernet
603 611 754 646 firmavit
771 611 894 645 Heins.
915 611 1145 645 vetustiorum
1158 613 1330 647 librorum
1350 612 1583 653 auctoritate3
1606 612 1668 645 in-

131 670 187 696 ter
222 674 309 707 quos
343 662 469 706 fragm.
496 661 612 694 Vatic.

662 659 719 693 Sic
751 670 890 704 quoque
916 670 998 704 pars
1025 658 1266 694 Pierianorum
1295 672 1373 694 cum
1401 659 1482 694 edd.
1507 659 1591 692 inde
1622 659 1667 693 ab

132 709 238 744 Aldd.
286 712 333 742 At
355 708 484 742 Medic.
516 707 679 751 Longob.
706 713 741 739 et
771 705 833 739 alii
859 705 1038 746 decet-te&
1065 707 1242 750 quomodo
1269 706 1430 740 nonnulli
1459 719 1515 752 ap.
1533 706 1668 749 Heius„

134 763 283 802 quatuor
309 755 474 797 Martini,
509 755 619 788 Goth.
643 766 713 787 sec.
738 753 809 786 Erf.
832 764 909 786 cum
933 759 1018 786 vett.
1052 753 1152 796 edd„
1179 760 1216 787 et
1241 754 1291 788 sic
1311 753 1441 788 Medic.
1467 766 1487 787 a
1516 766 1561 788 m.
1586 765 1669 796 sec„

131 816 214 837 nam
234 802 348 848 prima
368 802 541 846 scriptura
562 802 599 834 in
620 813 662 834 eo
683 806 719 834 et
740 799 884 833 Mentel.
905 811 960 844 pr.
978 812 1018 833 ac
1035 800 1159 835 Franc.
1186 809 1223 835 et
1252 801 1308 835 ed.
1326 802 1354 835 F
1357 801 1465 836 abric.
1489 801 1666 835 decernit.

135 852 180 886 cf.
204 851 249 885 ad
270 853 356 885 Aen.
377 851 454 893 VII,
478 849 559 885 525.
608 848 771 882 Tandem
791 848 949 881 Graecia
967 847 1055 881 ludo
1078 849 1214 883 Zulich.

133 970 226 1020 bat,
257 970 446 1008 futurum
464 974 572 1018 erat3
603 966 679 1006 etsi
696 966 777 1006 hoc
797 965 872 1005 ad-

133 1029 285 1068 iectum
317 1027 439 1066 nimis
482 1033 702 1079 angustum
738 1024 873 1064 videri

134 1091 280 1140 potest.
339 1086 538 1137 Loquitur
559 1091 680 1138 poeta
705 1084 870 1122 omnino

136 1145 187 1183 de
237 1143 363 1196 gloria
412 1157 460 1182 ac
507 1143 629 1182 laude
672 1142 872 1181 carminis.

135 1205 328 1254 Purpura
366 1204 630 1254 conspicuum
678 1201 785 1240 dixit
819 1213 872 1250 se,

134 1265 344 1313 tamquam
371 1274 485 1310 eum,
527 1260 597 1312 qui
625 1259 745 1298 ludos
776 1258 874 1297 ede—

136 1325 220 1369 ret,
250 1318 563 1371 magistratuum
584 1318 782 1371 exemplo,
805 1316 875 1368 qui

134 1377 256 1416 ludos
293 1377 513 1427 curabant,
562 1382 777 1430 praetexta
805 1375 874 1414 in-

137 1436 246 1487 duti3
260 1449 445 1488 purpura
463 1436 506 1475 in
525 1442 643 1488 togae
664 1449 736 1473 ora
753 1447 875 1487 prae-

135 1500 262 1533 texta.
320 1493 377 1532 At
406 1507 615 1547 purpurea
643 1493 767 1533 vestis
789 1506 875 1531 non

136 1553 216 1592 fuit
245 1552 322 1591 nisi
351 1551 714 1605 triumphantium,
748 1564 874 1602 eaque

136 1611 266 1664 picta,
313 1625 414 1650 auro
455 1611 658 1650 distincta.
727 1609 812 1648 Nisi
828 1609 874 1649 in

139 1669 301 1708 Graecis
320 1669 552 1709 civitatibus
574 1670 697 1708 alium
719 1681 874 1707 morem

138 1728 259 1767 fuisse
303 1728 536 1767 contendas.
605 1727 874 1766 Sacerdotum

138 1798 366 1839 purpuram
404 1785 488 1824 huc
518 1786 746 1824 advocabat
777 1787 874 1823 Ser-

139 1844 244 1883 vius.
282 1844 388 1882 conf.
412 1844 514 1883 Plin.
542 1844 622 1894 IX,
654 1846 722 1892 36,
749 1857 779 1881 s.
808 1845 874 1884 60.

144 1904 210 1944 18.
247 1901 416 1953 agitabo
452 1917 614 1952 currus,
655 1915 740 1940 non
760 1900 876 1939 aliter

141 1960 433 2013 accipiendum,
465 1974 588 2013 quam
605 1967 768 2012 poetam
788 1958 877 1997 edi-

140 2025 285 2057 turum
305 2018 446 2068 ludos,
479 2019 523 2057 in
542 2018 688 2071 quibus
706 2017 877 2070 quadri—

141 2091 212 2129 gae
241 2077 483 2127 mittantur,
523 2077 739 2129 agitentur.
774 2077 877 2115 Cen—

142 2144 230 2175 tum
248 2141 385 2174 autem
413 2135 640 2188 quadrigas
666 2141 877 2186 tamquam

142 2200 264 2246 poeta
280 2194 419 2247 ponit,
450 2199 490 2242 et
506 2201 616 2232 recte
633 2193 701 2232 hic
720 2206 877 2232 memo-

142 2265 208 2291 res
237 2253 373 2291 locum
400 2252 547 2290 Tibulli
568 2252 606 2302 Ι,
630 2255 668 2302 7,
695 2250 750 2293 49
782 2266 877 2289 cen—

145 2318 231 2349 tum
270 2310 378 2349 ludis
425 2310 679 2363 Geniumque
725 2310 878 2349 choreis

145 2368 373 2406 concelebra
389 2398 400 2417 ,
438 2381 514 2406 nec
537 2383 622 2408 non
642 2368 775 2406 Gratii
795 2368 878 2420 Cy-

145 2432 274 2478 neget.
300 2427 404 2476 5203
434 2440 529 2464 nam
549 2427 736 2465 subtilius
757 2440 879 2478 quam

145 2485 282 2524 verius
315 2498 398 2524 esse
425 2484 612 2534 videtur,
650 2485 762 2536 quod
797 2485 880 2522 iam

147 2542 311 2581 Servius
329 2542 502 2592 monuit,
534 2543 586 2581 ad
607 2539 725 2582 XXV
737 2543 882 2581 missus

146 2601 341 2640 ludorum
373 2601 622 2639 Circensium
661 2601 741 2639 hoc
775 2601 881 2639 refe-

146 2659 321 2700 rendum
341 2672 434 2698 esse.
497 2658 714 2713 (Numerus
744 2665 882 2697 cente—

147 2718 287 2757 narius
313 2718 356 2756 in
388 2717 508 2756 sacris
540 2724 580 2756 et
608 2718 650 2755 in
686 2717 882 2756 conviviis

149 2776 351 2816 sollemnis
389 2775 555 2815 videtur
593 2776 741 2824 fuisse3
797 2774 881 2813 vid.

148 2833 334 2874 Eustath.
372 2833 425 2872 ad
464 2834 509 2873 Il.
538 2838 588 2874 A.
625 2848 663 2886 p.
691 2836 760 2874 49.
796 2832 882 2870 init.

148 2894 274 2932 Docte
293 2891 527 2932 Huschkius
547 2892 598 2930 ad
620 2890 767 2930 Tibull.
785 2890 823 2940 I,
843 2894 884 2940 7,

149 2951 233 3002 49„
252 2965 317 3001 ea,
349 2964 452 3003 quae
467 2950 648 3004 Heynius
666 2961 786 3003 super
804 2948 884 2988 hoc

930 967 1017 1020 ipso
1039 966 1197 1021 Virgilii
1215 980 1340 1007 versu
1361 966 1571 1020 disputat,
1601 979 1671 1006 re-

931 1026 1124 1078 spiciens:
1171 1025 1361 1076 „Addere
1385 1025 1570 1078 Heynius
1603 1025 1694 1063 in—'

930 1084 1072 1137 primis
1097 1085 1270 1124 debebat
1305 1084 1512 1123 Catullum
1529 1082 1670 1133 LXIV,

932 1145 1049 1185 388:
1071 1145 1259 1196 „„Saepe
1274 1148 1392 1196 pater
1412 1142 1553 1182 divum
1563 1147 1672 1180 tem-

930 1201 998 1254 plo
1017 1201 1060 1240 in
1081 1202 1258 1254 fulgente
1287 1201 1468 1240 revisens
1481 1230 1492 1250 ,
1522 1198 1668 1238 Annua

932 1272 1060 1310 quum
1079 1261 1189 1299 sestis
1219 1260 1425 1300 venissent
1445 1272 1559 1297 sacra
1583 1258 1671 1297 die-

930 1317 1028 1368 bUS,
1069 1318 1290 1372 Conspexit
1325 1323 1438 1357 terra
1466 1322 1673 1356 centum

931 1390 1175 1429 procurrere
1200 1389 1405 1416 currus.
1418 1377 1442 1397 “
1456 1377 1481 1397 “
1538 1374 1673 1414 Perti-

931 1440 1004 1474 net
1022 1449 1087 1474 res
1117 1435 1171 1474 ad
1190 1434 1293 1474 illud
1312 1433 1480 1474 Pindari
1501 1433 1670 1483 dictum,

932 1490 1067 1535 πάντα
1086 1489 1210 1535 θύειν
1234 1488 1387 1535 ἑκατόν.
1417 1492 1578 1544 Fragm.
1601 1491 1670 1535 51.

936 1550 1030 1594 154.
1050 1575 1109 1582 —
1129 1574 1189 1582 —
1227 1551 1356 1591 Miror
1399 1556 1559 1600 autem,
1598 1562 1675 1588 ne-

931 1610 1030 1649 mini
1060 1610 1104 1648 in
1136 1616 1314 1649 mentem
1338 1609 1495 1648 venisse
1534 1608 1673 1647 Hora-

930 1668 1036 1707 tium
1055 1668 1121 1719 III,
1145 1671 1185 1719 8,
1208 1671 1294 1710 13.:
1324 1669 1527 1718 „,‚Sume‚
1561 1666 1675 1705 Mae—

932 1740 1050 1765 cenas
1069 1757 1080 1777 ,
1131 1726 1302 1779 cyathos
1352 1725 1469 1765 amici
1505 1725 1674 1778 Sospitis

934 1791 1165 1824 centum.
1183 1787 1247 1807 ““
1306 1783 1385 1823 Ubi
1427 1783 1673 1834 notandum,

933 1843 1045 1895 quod
1063 1844 1201 1882 Acron
1221 1842 1454 1895 adscripsit:
1484 1872 1508 1892 ,,
1521 1842 1674 1893 „verbo

933 1915 1031 1940 usus
1054 1908 1111 1940 est
1138 1901 1428 1951 convivarum,
1460 1907 1676 1939 centum

935 1959 1117 2012 cyathos,
1132 1961 1156 1982 “
1172 1962 1196 1981 “
1267 1959 1378 1998 Haec
1424 1958 1674 1998 Huschkius.

934 2018 1042 2057 Hinc
1073 2032 1171 2056 arae
1201 2026 1361 2056 centum
1392 2015 1493 2056 Aen.
1526 2017 1556 2068 Ι,
1576 2015 1675 2058 417.

936 2077 1004 2127 IV,
1035 2079 1130 2119 199.
1151 2089 1208 2127 sq.
1240 2075 1324 2115 vid.
1344 2075 1464 2115 etiam
1489 2075 1541 2115 V.
1559 2075 1602 2114 L.
1623 2074 1677 2113 ad

934 2135 1000 2185 IV,
1023 2135 1120 2178 510.
1157 2135 1229 2175 W
1221 2132 1270 2188 r.)
1303 2134 1363 2172 ad
1380 2135 1591 2186 flumina,
1622 2133 1676 2171 ad

934 2193 1140 2233 Mincium.
1201 2191 1333 2244 Nugas
1355 2192 1570 2239 Servianas
1598 2205 1675 2230 au-

935 2252 1022 2291 dire
1042 2265 1129 2291 non
1149 2250 1353 2290 debebant
1373 2251 1634 2304 Interpretes.

997 2370 1063 2410 19.
1094 2369 1196 2406 Suos
1211 2366 1355 2418 ludos,
1386 2373 1557 2421 propter
1586 2380 1677 2404 ma-

936 2425 1123 2464 iestatem
1168 2425 1347 2464 numinis
1365 2455 1375 2475 ,
1435 2426 1501 2464 cui
1546 2424 1648 2463 fiant
1665 2455 1675 2475 ‚

939 2484 1189 2522 Graecorum
1220 2477 1408 2536 Olympia
1435 2489 1475 2522 et
1503 2483 1678 2522 Nemaea

939 2542 1173 2593 celebritate
1191 2547 1454 2594 superaturos
1467 2554 1549 2579 esse
1567 2542 1676 2581 dicit.

939 2600 1148 2651 Alpheum
1168 2599 1398 2652 Olympiam
1417 2600 1675 2652 praeterlabi‚

941 2663 982 2696 et
1008 2657 1270 2696 Molem-lcum
1303 2655 1403 2710 (vid.
1431 2658 1580 2697 Tibull.
1609 2658 1676 2708 IV,

944 2718 989 2765 1,
1017 2714 1110 2769 13),
1160 2715 1423 2767 Cleonaeum,
1472 2716 1677 2769 excepisse

939 2773 1116 2825 hospitio
1154 2773 1391 2825 Herculem,
1444 2788 1537 2813 cum
1562 2775 1678 2814 leone

940 2832 1113 2870 Nemaeo
1161 2832 1379 2871 interemto
1427 2832 1548 2871 ludos
1596 2832 1679 2871 Ne·-

941 2903 1075 2928 maeos
1102 2890 1355 2941 restitueret,
1397 2891 1493 2929 satis
1533 2896 1679 2930 notum

942 2954 1014 2986 est.
1046 2947 1130 2987 vid.
1161 2947 1348 3001 Apollod.
1379 2949 1438 2999 ΙΙ,
1474 2948 1523 2999 5,
1559 2952 1607 3000 1,
1638 2954 1685 2987 et·
