1734 3320
149 248 257 295 470>
480 246 535 295 Ρ.
572 246 930 296 VIRGILII
966 246 1345 297 MARONIS

80 355 87 370 ¹
150 368 493 419 Sollicitanda
513 379 697 422 tamen
718 371 902 436 tellus,
940 372 1224 442 pulvisque
1246 372 1555 424 movendus
1567 398 1582 437 3*

145 442 214 491 Et
235 440 343 489 iam
363 442 585 491 maturis
604 443 934 493 metuendus
955 444 1201 510 Iuppiter
1221 444 1351 497 uvis.

220 512 420 562 Contra
441 528 555 563 non
574 512 682 562 ulla
707 522 786 563 est
806 513 939 563 oleis
965 513 1197 576 cultura;
1226 531 1408 582 neque
1431 513 1552 565 illae
1577 518 1680 568 420

145 583 473 632 Procurvam
497 592 802 649 exspectant
823 582 1022 633 falcem
1044 593 1352 653 rastrosque
1377 593 1609 650 tenaces,

148 654 332 714 Quum
357 652 529 702 semel
551 652 844 704 haeserunt
867 654 1023 718 arviS‚
1063 671 1325 722 aurasque
1349 654 1606 707 tulerunt.

145 724 265 788 Ipsa
292 723 413 771 satis
435 722 619 787 tellus,
661 741 831 791 quum
857 723 1022 774 dente
1045 724 1344 776 recluditur
1365 742 1538 790 unc0‚

148 790 362 842 Sufficit
391 792 684 843 humorem
719 802 773 851 et
797 794 1037 860 gravidas
1068 812 1193 845 cum
1223 811 1448 846 vomere
1481 794 1678 862 fruges,

216 889 332 939 420.
372 887 622 949 CONTRA,
694 890 811 941 424.
849 902 1145 951 HUMOREM,

144 1051 146 1053 μ
195 1012 267 1049 420
291 1014 475 1048 nonnulla
494 1014 596 1048 Leid.
627 1027 715 1049 unus
748 1022 785 1049 et
809 1016 972 1059 Bodlei.‚
1010 1016 1138 1050 utiam
1157 1016 1299 1051 Servius
1319 1015 1458 1051 notavit
1476 1015 1562 1062 legi.
1609 1017 1680 1051 Sed

144 1061 237 1094 mala
254 1073 293 1094 ac
310 1067 488 1106 perpetua
511 1062 750 1097 aberratione.
846 1064 917 1100 422
940 1063 1058 1098 Maior
1078 1064 1239 1098 versibus
1256 1064 1358 1109 vigor
1389 1064 1505 1098 inesse
1525 1063 1679 1108 videtur,

146 1108 176 1142 si
205 1116 287 1152 post
310 1116 460 1142 tenaces
491 1109 743 1156 interpungas,
778 1118 813 1145 et
843 1124 968 1146 novam
1000 1112 1212 1145 sententiam
1242 1110 1412 1146 ordiaris:
1454 1114 1540 1146 Cum
1566 1113 1681 1146 semel

145 1156 348 1188 haeserunt
375 1157 479 1189 arvis
506 1170 694 1204 aurasque
722 1159 910 1192 tulerunt:
942 1161 1035 1206 Ipsa
1051 1171 1080 1193 s.
1126 1159 1211 1204 (Sed
1238 1166 1313 1193 tum
1337 1158 1538 1193 offenderet
1569 1172 1680 1205 quum

147 1203 200 1236 bis
227 1202 264 1235 in
292 1203 416 1237 eadem
443 1205 633 1238 verborum
656 1205 902 1251 complexione
932 1206 1098 1251 positum.
1130 1205 1224 1250 Wr.)
1274 1206 1448 1240 Similiter>
1471 1206 1677 1241 subiicitur:

145 1252 262 1284 Poma
285 1263 447 1296 quoque,
485 1260 527 1284 ut
545 1253 706 1299 primum
727 1273 772 1278 —-
799 1255 846 1288 Vi
866 1255 1026 1301 propria
1052 1254 1241 1287 nituntur.
1290 1253 1432 1287 Moneri
1462 1260 1604 1299 potest,
1641 1260 1679 1287 et

144 1297 313 1331 monitum
342 1304 416 1340 est,
450 1297 499 1332 ita
524 1297 606 1334 420.
634 1299 703 1336 421
734 1300 836 1334 nimis
863 1313 991 1345 magna
1018 1300 1183 1345 polliceri
1200 1306 1366 1345 poetam,
1401 1301 1499 1334 oleas
1530 1300 1624 1334 enim
1641 1301 1679 1334 in

144 1345 332 1379 seminario
360 1345 456 1378 haud
484 1358 607 1390 parum
636 1359 769 1392 operae
795 1348 995 1393 requirere3
1032 1355 1130 1382 recte
1151 1347 1291 1393 utique3
1324 1348 1389 1382 sed
1410 1354 1520 1393 poeta
1542 1348 1614 1394 agit
1633 1349 1678 1382 de

145 1391 235 1426 oleis
255 1392 325 1426 iam
345 1405 363 1426 e
382 1392 551 1427 viridario
577 1393 614 1427 in
637 1395 806 1429 olivetum
823 1395 1060 1440 transpositis·
1109 1396 1187 1429 Nec
1205 1403 1322 1429 tamen
1343 1402 1417 1429 tam
1439 1395 1676 1440 pervicaciter

146 1439 258 1473 levem
279 1440 519 1474 coniecturam
539 1447 660 1485 teneo,
685 1450 721 1476 ut
744 1443 856 1476 minus
879 1455 955 1477 eam
972 1442 1142 1488 probanti
1169 1442 1274 1476 irasci
1301 1450 1360 1477 aut
1375 1442 1589 1476 maledicere
1611 1455 1679 1477 ve-

146 1486 215 1520 lim.
265 1488 386 1521 tulere
405 1488 514 1522 Goth.
536 1501 590 1533 pr.

145 1541 181 1567 et
198 1536 249 1569 Io.
269 1536 455 1569 Schrader.
504 1536 598 1571 Vide
617 1538 758 1572 Notam.

145 1642 374 1682 absolutam
404 1643 593 1683 vinitoris
622 1656 785 1698 operam
804 1659 886 1698 pu-

146 1701 260 1739 tandi
314 1716 362 1740 ac
427 1702 632 1742 runcandi
691 1703 885 1757 designat.

149 1760 338 1799 Pervenit
358 1759 411 1798 ad
433 1767 638 1800 extremos
658 1771 786 1811 antes,
814 1776 884 1800 or·-

145 1817 259 1856 dines
278 1818 426 1857 vitium
437 1834 448 1869 3
478 1821 591 1858 canit
620 1833 706 1870 eos,
735 1820 886 1872 gaudet

144 1889 186 1914 se
211 1890 257 1915 eo
278 1878 532 1929 pervenisse,
564 1884 605 1916 et
625 1878 787 1929 quidem
820 1879 884 1931 ‹ff—

130 1934 251 1987 selus
270 1965 280 1984 ,
321 1935 477 1974 viribus
518 1935 741 1975 exhaustus
762 1968 773 1987 ,
815 1937 885 1989 qui

145 1993 228 2033 iam
254 1992 472 2033 defunctus
505 2007 588 2032 esse
629 1995 766 2034 labore
809 1995 886 2034 sibi

143 2049 384 2102 videbatur;
416 2050 504 2107 (sed
527 2052 610 2093 vid.
632 2052 679 2093 V.
699 2054 740 2093 L.
768 2056 840 2095 W
833 2053 883 2109 r.)

142 2109 293 2148 iterum
325 2116 462 2150 tamen
494 2125 541 2150 ac
590 2111 724 2151 denuo
764 2112 885 2152 vinea

143 2167 336 2207 fodienda
374 2183 445 2208 seu
477 2170 740 2222 pastinanda3
781 2184 884 2224 quae

143 2226 231 2278 ipsa
248 2227 608 2279 fossiopulveratio
622 2229 783 2269 dicitur.
797 2229 882 2269 vid.

143 2287 258 2325 Serv.
285 2284 325 2324 h.
358 2286 384 2324 l.
416 2292 457 2325 et
501 2287 679 2326 Iudicem
704 2289 882 2341 Scrippt.

143 2343 193 2382 R.
227 2344 275 2382 R.
303 2340 550 2399 ’ὗπόκόνισις
585 2346 759 2386 Graecis.
828 2348 882 2386 Et

142 2407 235 2456 post
263 2407 399 2440 tamen
436 2402 539 2442 haec
578 2405 713 2443 omnia
749 2419 881 2445 novus

143 2460 260 2498 labor
297 2474 349 2498 ex
385 2468 626 2513 tempestate
665 2464 804 2515 iniqua
840 2470 882 2502 et

146 2518 246 2556 aeris
263 2518 422 2557 iniuriis
447 2520 543 2558 oriri
560 2526 706 2572 potest,
738 2528 786 2560 ut
804 2521 881 2560 ad-

144 2590 285 2615 versus
303 2577 558 2628 grandinem,
589 2579 774 2631 pluvias,
805 2593 882 2619 ru-

144 2634 339 2686 biginem,
371 2635 524 2686 reliqua
551 2637 652 2675 aeris
679 2637 780 2676 vitia
813 2638 881 2677 vi·-

144 2693 195 2730 tis
215 2693 436 2732 munienda
466 2708 512 2731 ac
541 2694 796 2734 defendenda
816 2696 879 2735 sit.

145 2751 206 2789 Ita
235 2765 274 2791 v.
300 2750 386 2794 419
422 2751 680 2804 accipiendus
709 2767 791 2792 esse
814 2754 881 2792 vi-

146 2809 278 2849 detur.
308 2811 358 2849 cf.
391 2809 545 2849 Colum.
573 2810 639 2861 IV,
668 2814 708 2861 3,
737 2810 777 2861 4,
808 2811 881 2850 ubi

146 2868 197 2906 de
221 2869 360 2908 vinea:
390 2868 475 2906 Res
501 2870 608 2906 enim
641 2877 698 2907 est
726 2877 875 2919 tenera,

145 2927 310 2976 itfirma
324 2958 334 2976 ‚
381 2928 555 2965 iniuriae
584 2929 762 2965 maxime
798 2929 879 2964 im-

140 2987 302 3035 patiens
322 2991 398 3023 etc.

202 3041 299 3085 420.
339 3042 436 3086 421.

493 3042 684 3082 olearum
734 3048 878 3081 contra

684 1488 756 1525 424
773 1491 954 1538 gravidas
971 1503 1052 1524 cum
1063 1488 1226 1537 foenore
1238 1488 1379 1537 fruge-s·
1400 1490 1492 1525 coni.
1510 1489 1676 1525 Reiskius

944 1644 1057 1684 nulla
1080 1649 1141 1682 est
1163 1644 1339 1694 cultura,
1369 1643 1412 1683 h.
1436 1643 1544 1683 oleae
1563 1644 1678 1683 nulla

943 1704 1028 1742 sere
1087 1702 1251 1741 cultura
1306 1702 1504 1755 indigent.
1572 1704 1680 1741 Levi

943 1762 1059 1800 cultu
1087 1763 1305 1799 sustinetur
1324 1762 1413 1800 olea
1442 1761 1597 1800 Colum.
1628 1762 1676 1812 V,

945 1822 984 1869 8,
1006 1822 1043 1869 1,
1073 1819 1146 1858 ubi
1176 1818 1226 1857 de
1254 1832 1393 1858 earum
1420 1820 1536 1858 cultu
1562 1832 1677 1871 agere

942 1877 1096 1930 incipit.
1126 1875 1233 1916 Add.
1251 1878 1352 1916 Plin.
1371 1878 1499 1928 XVII,
1518 1880 1574 1920 30
1591 1891 1676 1930 sqq.

942 1937 1070 1976 Porro
1095 1950 1223 1989 neque
1248 1936 1345 1974 illae
1361 1937 1677 1975 Prot-arvam—

943 2003 1127 2044 tenaces,
1169 1993 1212 2033 h.
1248 2007 1324 2033 nec
1351 1995 1564 2048 putatione
1603 2007 1678 2033 nec

942 2052 1215 2106 pastinatione
1259 2066 1361 2106 opus
1395 2059 1475 2104 est,
1524 2052 1677 2092 scilicet

942 2125 1027 2150 non
1064 2118 1148 2150 tam
1186 2111 1347 2150 assidua
1390 2125 1438 2150 ac
1464 2117 1675 2164 perpetua.

941 2171 1049 2209 Bene
1083 2169 1268 2208 Servius:
1309 2169 1420 2223 quod
1452 2178 1590 2208 tamen
1619 2169 1679 2208 ad

941 2243 1085 2267 curam
1123 2228 1293 2280 refertur
1322 2229 1671 2278 anniversariam,

940 2302 1039 2325 nam
1085 2301 1241 2325 necesse
1284 2294 1340 2324 est
1356 2316 1367 2336 ,
1412 2286 1505 2325 licet
1542 2286 1671 2336 tarde,

941 2346 1095 2384 olivam
1117 2353 1297 2396 putare5
1339 2344 1386 2383 id
1405 2341 1517 2396 quod
1535 2345 1602 2383 vel
1624 2357 1676 2383 ex

941 2403 1161 2442 Columella
1182 2408 1327 2441 notum
1341 2409 1412 2441 est.
1451 2402 1548 2444 422.
1573 2403 1675 2440 Cum

938 2462 1062 2500 semel
1077 2462 1290 2500 haeserunt
1306 2469 1431 2499 terrae
1441 2476 1458 2508 ‚·
1490 2475 1577 2513 sup.
1590 2463 1675 2503 317

938 2520 1043 2559 vites
1065 2521 1213 2557 semine
1235 2521 1342 2557 iacto
1362 2519 1595 2557 concretam
1615 2540 1675 2548 —-

937 2578 1118 2617 radicem
1139 2576 1321 2628 affigere
1349 2585 1485 2615 terrae.
1541 2578 1593 2615 Et
1621 2576 1674 2615 ad

937 2636 1007 2674 illa
1025 2649 1227 2688 aurasque
1258 2635 1431 2672 tulerunt
1458 2636 1506 2674 cf.
1526 2649 1566 2675 v.
1589 2637 1673 2677 332

939 2708 996 2746 sq.
1027 2694 1075 2732 In
1091 2693 1187 2731 illis:
1211 2691 1308 2734 423.
1323 2691 1407 2734 424
1427 2699 1563 2746 potest
1579 2693 1672 2745 qui—

939 2752 1031 2791 dem
1045 2756 1154 2790 recte
1175 2749 1273 2788 dici:
1304 2752 1398 2802 ipsa
1415 2752 1533 2790 tellus
1559 2754 1672 2802 satis,

938 2809 979 2849 h.
998 2809 1147 2848 affatim
1160 2838 1171 2859 ,
1201 2808 1358 2862 sufficit
1377 2809 1462 2848 scil.
1475 2809 1571 2849 oleis
1591 2809 1672 2847 hu-

938 2882 1115 2914 morem;
1157 2867 1310 2906 iudicio
1342 2873 1479 2906 tamen
1520 2881 1567 2906 ac
1599 2867 1673 2906 de-

937 2926 1061 2965 lectui
1095 2924 1315 2977 Virgiliano
1344 2932 1672 2976 consentaneum,

937 2986 1037 3022 satis
1064 2984 1121 3022 ita
1153 2985 1354 3037 accipere,
1395 2990 1443 3023 ut
1469 2984 1574 3024 oleas
1601 2998 1673 3022 sa·-

937 3051 979 3080 ta
1011 3042 1299 3095 appellaverit,
1331 3042 1673 3094 quemadmodum
