1768 3320
207 202 312 253 240
540 198 597 248 P.
643 196 1001 249 VIRGILII
1047 195 1424 246 MARONIS

208 323 413 377 Uvidus
430 323 660 375 hiberna
681 324 829 375 venit
852 324 921 375 de
941 323 1137 390 glande
1158 322 1440 374 Menalcas,
1478 358 1503 385 s

211 397 448 461 OmneS,
501 394 654 445 unde
716 411 872 445 amor
923 395 1051 516 istc}i
1097 403 1315 514 rpliant,
1371 393 1505 444 tibi?

1053 481 1125 533 po
1217 486 1228 516 z

209 585 384 627 tinemus,
415 582 554 617 frondis
576 581 697 616 aridae
720 582 837 616 corbis
863 582 1108 627 pabulatorius
1137 581 1337 616 modiorum
1356 580 1481 626 viginti
1510 579 1659 622 sufficit,
1693 579 1750 614 vel

210 632 308 667 foeni
330 631 452 676 pondo
474 629 630 675 triginta,
656 629 712 663 vel
729 629 805 663 sine
827 630 934 663 modo
951 630 1073 664 viridis
1088 630 1209 663 laurea
1230 636 1265 662 et
1282 628 1414 673 ilignea
1430 628 1596 669 srondes3
1624 635 1659 661 et
1677 627 1748 670 his,

212 680 243 714 si
261 678 417 724 regionis
438 678 543 722 copia
562 676 764 721 permittet,
791 677 923 722 glans
945 677 1119 711 adiicitur.
1144 696 1189 709 -.—
1211 694 1259 702 —-
1306 677 1429 709 Mense
1453 675 1648 709 Februario
1665 675 1750 719 ple-

210 738 358 772 rumque
383 725 506 759 eadem
527 730 609 758 sunt
627 724 771 757 cibaria.
820 724 949 757 Martio
971 731 1007 757 et
1027 724 1141 768 v'Aprili
1160 724 1268 757 debet
1288 723 1333 756 ad
1352 722 1451 756 foeni
1466 722 1605 768 pondus
1623 721 1748 763 adiici3

212 795 258 800 —
280 794 325 799 --
350 773 393 807 ab
415 772 534 805 Idibus
565 778 684 804 tamen
707 770 838 804 mensis
858 771 990 816 Aprilis
1020 771 1133 805 viride
1158 770 1324 816 pabulum
1344 777 1440 803 recte
1463 767 1620 811 secatur,
1635 773 1656 789 “
1684 777 1749 804 etc.

213 829 249 856 et
266 822 331 861 XI,
350 823 384 863 2,
405 821 481 855 83.:
518 817 750 862 „Glandis
777 830 916 864 quoque
938 830 1009 852 non
1036 818 1159 852 inutile
1190 824 1245 851 est
1275 817 1423 862 singulis
1449 816 1578 862 iugis
1609 816 1749 850 modios

212 867 370 913 singulos
389 867 485 900 dare.
505 886 550 891 ——
570 885 616 891 -
651 865 790 898 Glans
811 873 926 899 autem
942 865 1055 911 paleis
1073 865 1301 899 immiscenda
1321 871 1386 907 est,
1406 872 1512 911 atque
1531 863 1583 898 ita
1601 864 1688 898 bub
1700 876 1754 900 us.

212 914 435 961 apponenda.
447 916 487 932 ““
517 913 602 947 Vid.
633 912 735 946 etiam
752 910 870 958 Intpp.
894 914 940 946 ad
962 913 1074 947 Plaut.
1101 912 1244 946 Trucul.
1266 914 1325 955 ΙΙΙ,
1346 914 1375 954 1,
1401 913 1435 948 2.
1484 911 1576 945 Hinc
1599 911 1751 957 primum

213 961 444 1006 intelligitur,
468 960 583 994 bobus
608 972 747 1005 quoque
767 960 882 993 datam
903 973 980 994 esse
1002 961 1183 1006 glandem3
1216 967 1289 994 tum
1309 959 1435 1002 etiam,
1461 971 1534 993 non
1553 959 1646 992 ultra
1665 958 1747 992 Idus

212 1010 375 1055 Apriles,
407 1007 445 1041 in
467 1007 698 1041 calidioribus
717 1014 814 1040 certe
840 1008 1067 1052 regionibus,
1097 1007 1175 1041 dari
1196 1007 1357 1048 solitam3
1393 1007 1486 1040 unde
1511 1012 1632 1051 patet,
1657 1006 1750 1039 hauc

211 1057 381 1102 Eclogam
401 1062 496 1089 certe
521 1061 604 1088 ante
624 1054 704 1088 Kal.
733 1054 845 1088 Maias
875 1055 1046 1099 scriptam
1071 1068 1159 1089 esse.
1210 1054 1376 1089 Hiberna
1403 1054 1518 1101 glans
1544 1066 1564 1088 a
1594 1052 1749 1099 Virgilio

214 1104 366 1145 dicitur,
391 1108 516 1148 utpote
538 1102 683 1135 hiemali
710 1106 872 1146 tempore
895 1102 1069 1143 collecta3
1101 1102 1173 1137 vid.
1195 1104 1258 1136 Ge.
1279 1104 1306 1144 Ι,
1324 1101 1406 1138 305.
1441 1100 1752 1145 etflatonrstatim

211 1151 379 1186 laudand.
429 1149 590 1194 Denique
613 1149 782 1183 uvidus
805 1157 858 1183 est
875 1150 1073 1192 Menalcas,
1097 1161 1170 1183 non
1183 1176 1191 1192 ‚
1218 1156 1258 1183 ut
1279 1148 1518 1191 hariolantur,
1544 1161 1565 1182 a
1580 1160 1664 1182 rore
1682 1160 1752 1182 ne-

214 1199 289 1233 scio
313 1209 401 1244 quo3
436 1197 501 1230 sed
521 1196 602 1241 quia
622 1196 788 1241 glandes,
821 1197 859 1230 in
877 1197 999 1242 pabuli
1025 1210 1124 1231 usum
1144 1204 1385 1242 comparatae,
1419 1196 1455 1229 in
1479 1207 1570 1241 aqua
1588 1207 1752 1230 asserva-

214 1247 361 1286 bantur3
393 1245 478 1277 Cato
509 1243 553 1276 de
573 1245 615 1278 R.
635 1245 677 1278 R.
699 1244 810 1278 LIV.:
848 1244 954 1287 „Ubi
983 1244 1166 1278 sementim
1196 1243 1412 1290 patraveris,
1445 1243 1607 1289 glandem
1632 1242 1752 1288 parari

212 1293 357 1338 legique
377 1297 541 1337 oportet,
569 1298 604 1324 et
626 1290 673 1324 in
699 1303 859 1336 aquam
885 1305 903 1325 c
916 1303 936 1325 o
949 1292 1014 1326 nii
1028 1292 1081 1326 ci.
1092 1295 1113 1311 “
1162 1292 1294 1325 Colum.
1321 1293 1398 1334 VH,
1417 1292 1451 1333 9,
1470 1291 1521 1326 8.:
1548 1302 1688 1336 „saepe
1706 1289 1752 1323 de

213 1353 319 1375 manu
341 1339 581 1380 dandumoest,
601 1351 704 1384 quum
723 1338 812 1372 foris
836 1339 965 1381 deficit,
982 1339 1168 1385 pabulum;
1194 1346 1344 1384 propter
1366 1338 1461 1385 quod
1480 1337 1631 1383 plurima
1651 1337 1751 1382 glans

213 1388 272 1423 vel
299 1386 461 1421 cisternis
489 1386 534 1418 in
564 1398 721 1431 aquam
752 1386 808 1419 vel
835 1387 931 1421 fumo
950 1387 1115 1420 tabulatis
1136 1387 1362 1421 recondenda
1392 1393 1455 1420 est.
1466 1387 1486 1404 “
1536 1387 1753 1430 Quamquam

215 1442 330 1470 autem
344 1461 352 1476 ,
387 1446 432 1467 ne
462 1433 545 1478 quid
571 1433 805 1476 dissimulem,
840 1434 959 1473 suibus
981 1446 1121 1480 quoque
1141 1435 1288 1479 glandes
1308 1446 1398 1480 aqua
1420 1439 1620 1467 maceratae
1640 1445 1660 1466 a
1682 1444 1753 1477 pa—

216 1482 372 1516 storibus
395 1481 529 1514 Italicis
551 1480 769 1514 ministratae
786 1480 964 1523 videntur-3
990 1482 1078 1515 illud
1096 1489 1212 1515 tamen
1232 1489 1364 1515 certum
1385 1488 1438 1515 est
1451 1506 1460 1522 ‚
1484 1480 1577 1513 nihil
1596 1480 1752 1520 obstare,

217 1529 300 1576 quin
321 1529 518 1562 Menalcam
536 1528 727 1562 bubulcum
744 1528 853 1562 fuisse
871 1530 1118 1563 existimemus.
1168 1531 1267 1571 Quae
1288 1541 1391 1575 quum
1411 1528 1461 1561 ita
1477 1527 1547 1561 sint
1559 1554 1568 1571 ,
1592 1539 1665 1561 non
1682 1527 1752 1560 du-

215 1576 408 1611 bitabimus
423 1603 432 1618 ,
471 1574 553 1621 quin
577 1575 646 1609 hoc
676 1587 815 1621 quoque
835 1576 915 1610 loco
928 1603 936 1618 ,
969 1583 1008 1610 ut
1029 1577 1258 1622 plerumque,
1295 1576 1455 1610 codicum
1475 1587 1666 1609 consensus
1685 1587 1753 1621 pa-

218 1637 295 1658 rum
323 1630 421 1657 tutae
443 1622 586 1667 Apuleii
609 1623 756 1657 alicuius
780 1623 865 1657 fidei
893 1624 1162 1658 antehabendus
1187 1623 1241 1657 sit.
1289 1625 1335 1656 Et
1357 1623 1388 1657 si
1411 1621 1570 1665 Heinsii,
1605 1622 1753 1663 Cerdae,

216 1670 426 1713 Burmanni,
459 1670 610 1715 Heynii,
644 1670 788 1713 Vossii‚
823 1671 1039 1717 aliorumque
1064 1671 1195 1705 iudicio
1228 1671 1413 1705 damnatur
1445 1670 1604 1704 codicum
1632 1669 1753 1709 lectio,

216 1731 289 1753 non
315 1718 402 1751 levis
426 1724 480 1751 est
503 1718 549 1750 ad
578 1718 722 1751 eandem
751 1718 1013 1752 defendendam
1033 1718 1204 1764 ponderis
1225 1731 1265 1752 ac
1287 1718 1455 1752 momenti
1475 1719 1500 1751 I.
1521 1718 1560 1751 F.
1583 1715 1754 1751 Gronovii

220 1765 435 1806 auctoritas,
460 1764 573 1798 Diatr.
594 1777 676 1809 pag.
699 1766 776 1801 135.
819 1766 915 1810 W'r.)
1010 1767 1058 1801 20
1088 1769 1120 1800 V
1121 1766 1249 1799 ividas
1269 1765 1325 1799 ed.
1350 1767 1440 1799 Ven.
1462 1764 1621 1799 Guellius
1643 1775 1754 1809 quos—

219 1813 301 1847 dam
330 1812 476 1846 Uvidus
495 1812 672 1845 hesterna
699 1812 820 1857 legere
844 1819 975 1847 narrat.
1032 1814 1187 1847 Umidas
1211 1808 1323 1847 Rom(
1340 1812 1458 1846 Pierii.
1550 1813 1595 1848 21
1622 1811 1754 1845 distin-

219 1867 329 1906 guunt
349 1859 428 1893 alii:
464 1872 606 1900 omnes,
633 1860 732 1892 unde
754 1873 857 1894 amor
877 1862 970 1902 iste,
996 1868 1155 1907 rogant,
1181 1859 1248 1893 tibi
1269 1860 1396 1893 venit?
1436 1860 1593 1906 Apollo:
1631 1859 1754 1893 Galle.

219 1907 297 1942 alii:
324 1915 480 1954 rogant:
511 1905 593 1940 Tibi
610 1908 712 1940 venit
725 1908 874 1954 Apollo.
926 1910 1086 1954 Utroque
1106 1907 1213 1941 modo
1238 1907 1356 1941 oratio
1382 1906 1481 1940 exilis
1503 1906 1673 1941 redditur.

1678 328 1747 375 20

1584 394 1749 445 Venit

218 2003 406 2053 bubulci,
446 2002 556 2041 tardi
585 2017 607 2041 a
634 2003 748 2042 lento
779 2009 820 2042 et
839 2004 960 2043 tardo

219 2062 402 2115 ingressu
437 2061 590 2111 boum,
634 2075 735 2113 quos
773 2069 960 2115 pascunt.

222 2121 329 2160 conf.
372 2120 511 2159 Burm.
588 2122 657 2162 20.
719 2121 877 2159 Uvidus
912 2121 955 2160 lz.

220 2179 344 2219 Venit
375 2179 496 2217 etiam
524 2178 716 2217 subulcus
738 2178 961 2230 Menalcas,

222 2238 274 2277 de
296 2251 376 2289 quo
390 2267 401 2287 ,
434 2236 478 2275 id
497 2236 610 2288 quod
627 2237 801 2275 maxime
816 2239 858 2277 in
890 2252 961 2277 su-

221 2297 389 2336 bulcum
423 2295 680 2345 conveniret,
720 2296 836 2336 addit
862 2295 962 2335 hoc:

224 2369 318 2394 eum
356 2353 478 2392 modo
507 2351 567 2391 'de
602 2359 722 2392 nocte
756 2355 799 2393 in
851 2355 962 2394 silvis

224 2412 440 2466 glandibus
471 2411 524 2450 ad
552 2419 716 2464 pastum
742 2413 868 2466 gregis
895 2413 963 2452 hi-

221 2473 396 2511 bernum
418 2470 595 2522 legendis
623 2485 798 2511 vacasse.
857 2471 964 2510 Hinc

224 2530 371 2569 uvidas
389 2543 412 2566 a
431 2542 525 2567 rore
541 2529 757 2568 matutino.
797 2529 964 2568 hiberna

221 2587 377 2641 glande
391 2604 402 2626 :
435 2587 479 2625 in
495 2586 669 2626 hiemem
689 2602 711 2625 a
732 2588 861 2640 poetis
879 2588 963 2626 Ita-

225 2646 276 2686 h's
300 2645 445 2686 referri
474 2645 576 2683 solet
606 2646 816 2697 glandium
847 2646 962 2684 colli-

225 2704 449 2758 gendarum
467 2709 640 2755 tempus.
673 2704 815 2756 Georg.
835 2704 863 2754 I,
878 2703 961 2746 305

225 2762 389 2817 genialis
406 2761 553 2800 hiems:
577 2784 635 2790 -—
666 2762 748 2799 Sed
771 2770 904 2800 tamen
927 2769 963 2799 et

226 2834 399 2875 quernas
435 2819 611 2871 glandes
650 2827 735 2857 tam
772 2821 963 2871 stringere

226 2888 397 2931 lempna.
461 2876 527 2915 Sic
551 2877 794 2917 arbutorum
820 2877 963 2929 Georg.

226 2937 284 2988 Π,
313 2936 419 2986 520,
458 2934 530 2974 ubi
563 2935 612 2974 de
653 2934 785 2974 hieme
818 2935 963 2987 agitur.

227 2996 388 3035 Lueret.
415 2993 474 3045 V,
505 2996 590 3037 938
631 3008 737 3047 quae
765 3008 873 3033 nunc
895 2993 964 3032 la·-

1020 2004 1138 2043 berno
1147 2012 1319 2055 tempore
1337 2005 1464 2042 cernis
1475 2002 1646 2042 Arbala.
1676 2002 1756 2042 Hie

1019 2076 1118 2102 vero
1154 2062 1332 2101 Maronis
1361 2061 1617 2114 sagacitatem
1648 2061 1756 2115 desi-3-

1023 2121 1149 2160 deres.
1209 2121 1340 2170 Nam,
1382 2121 1415 2159 si
1444 2119 1618 2159 hiberno
1648 2125 1756 2158 tem—-

1019 2193 1119 2233 pore
1138 2179 1339 2218 Menalcas
1354 2192 1375 2217 e
1394 2179 1504 2219 silvis
1522 2178 1657 2217 redux
1675 2178 1754 2218 h.1.

1020 2238 1120 2288 suit,
1158 2237 1431 2290 reliquorum,
1472 2250 1574 2290 quae
1600 2249 1755 2276 memo-

1019 2303 1167 2336 rantur
1185 2326 1196 2346 ,
1253 2296 1358 2335 ratio
1392 2310 1538 2348 parum
1582 2301 1756 2335 constat.

1020 2356 1077 2394 Ut
1104 2360 1267 2408 poetam
1299 2368 1348 2392 ex
1367 2353 1430 2392 his
1454 2353 1608 2407 laqueis
1630 2347 1757 2406 eirpe—

1023 2414 1109 2452 dias
1128 2444 1138 2464 ,
1180 2418 1265 2459 esto
1305 2413 1417 2465 glans
1457 2412 1502 2451 in
1538 2411 1757 2451 hibernum

1022 2485 1144 2511 usum
1177 2476 1346 2523 parata5
1397 2470 1472 2508 etsi
1514 2470 1571 2508 sic
1606 2470 1757 2509 iterum

1020 2529 1188 2569 haerere
1212 2529 1342 2582 possis
1367 2528 1409 2567 in
1426 2527 1668 2579 florentibus
1693 2528 1757 2567 fe-

1020 2588 1120 2627 rulis
1149 2593 1190 2626 et
1214 2587 1305 2625 liliis
1337 2601 1378 2625 v.
1406 2586 1474 2629 25.
1536 2584 1677 2640 (Quae
1707 2585 1757 2625 de

1020 2660 1079 2685 vs.
1112 2648 1177 2687 19.
1198 2658 1254 2696 sq.
1281 2644 1441 2697 scripsit
1463 2643 1667 2697 Heynius,
1711 2657 1758 2683 ea

1019 2705 1211 2757 pleraque
1234 2702 1368 2741 omnia
1388 2703 1490 2741 falsa
1507 2716 1606 2753 esse,
1639 2716 1691 2742 ex
1706 2703 1757 2742 iis

1022 2774 1259 2813 cognosceS,
1292 2774 1394 2813 quae
1414 2761 1457 2800 in
1484 2761 1532 2801 V.
1554 2761 1597 2801 L.
1614 2761 1758 2814 dispu-

1020 2819 1121 2858 tavi.
1156 2820 1227 2859 W
1220 2817 1268 2873 r.)

1080 2880 1149 2919 21.
1182 2878 1287 2915 uncle
1310 2891 1427 2915 amor
1450 2878 1541 2926 iste,
1571 2875 1613 2915 h.
1639 2890 1662 2914 a
1678 2889 1759 2928 qua

1021 2935 1185 2989 puella3
1241 2949 1363 2987 quam
1396 2935 1574 2988 puellam
1615 2934 1758 2974 amas?

1022 2994 1135 3044 τίνος
1168 2987 1203 3035 αἶ
1238 2989 1358 3048 ’γαθὲ
1388 2988 1535 3036 τόσσον
1567 2991 1758 3049 ἔρασσαις
