1734 3320
0 495 43 664 Ξ
227 596 230 598 -
302 543 360 628 ι).
412 577 840 629 VIRGILII
891 580 1326 633 MARole

0 691 200 831 {G
207 718 308 792 Ε
432 714 509 790 Ο
639 720 705 792 R
808 720 877 792 G
992 723 1024 792 I
1100 721 1254 798 C
1319 721 1395 795 Ο
1513 727 1583 800 Ν

0 805 32 933 ἐξ
422 880 712 940 LIBER
755 879 1204 955 QUARTUS

0 1105 48 1195 ξ’
535 1173 1080 1215 ARGUMENTUM

45 1262 140 1338 De
161 1312 208 1340 re
234 1299 390 1354 apiaria
420 1307 460 1340 et
486 1301 691 1342 mellificio
715 1302 757 1341 in
783 1301 864 1341 hoc
889 1302 995 1342 libro
1023 1309 1211 1353 actm-us,
1240 1304 1373 1356 primo
1390 1304 1480 1344 loco
1503 1319 1579 1346 ex-

0 1358 164 1414 ponit
181 1365 487 1412 argumentum,
519 1360 842 1413 Maecenatisque
866 1361 1084 1415 propitiam
1104 1361 1358 1402 voluntatem
1385 1364 1458 1402 sibi
1477 1378 1579 1404 exo-

10 1422 125 1459 tat
133 1419 155 1459 1
179 1438 230 1447 «-
257 1420 298 1461 7.
357 1418 459 1457 Inde
492 1418 542 1457 de
571 1419 736 1458 alvea1ii
769 1420 868 1470 situ,
909 1420 1087 1470 fabrica,
1127 1426 1168 1459 et
1194 1428 1396 1473 apparatu
1419 1423 1579 1475 praeci-

0 1474 184 1529 pit—
212 1476 291 1527 50,
321 1482 412 1516 tum
446 1477 496 1516 de
526 1478 758 1517 examinum
789 1479 1024 1517 exeuntium
1054 1492 1174 1528 cura,
1206 1492 1279 1517 seu
1301 1493 1395 1519 vere
1414 1481 1579 1520 ineunte

0 1531 11 1580 ’ξ
47 1539 253 1587 vagantur
268 1556 328 1564 —
350 1538 433 1586 66,
479 1549 551 1575 seu
583 1536 635 1575 ad
666 1551 844 1589 pugnam
861 1543 1014 1575 exeunt
1037 1536 1291 1576 discordibus
1312 1539 1421 1577 inter
1442 1553 1482 1578 se
1500 1553 1579 1579 vo-

0 1587 12 1630 ,ἓ
43 1590 274 1632 luntatibus
302 1606 428 1646 super
452 1607 544 1646 rege
575 1595 751 1634 creando
774 1619 821 1624 —
848 1597 917 1638 87.
978 1596 1083 1634 Tum
1109 1596 1305 1634 alteruter
1335 1610 1409 1635 rex
1429 1603 1488 1636 est
1504 1611 1579 1636 ne-

0 1655 8 1675 ·’
45 1650 201 1691 candus
219 1673 279 1681 —
301 1654 384 1695 102
397 1681 408 1701 ,
440 1658 531 1702 aut,
563 1654 595 1692 si
619 1660 747 1692 temen
751 1667 771 1691 e
790 1659 992 1720 vagantur
1011 1667 1116 1707 apes,
1145 1654 1295 1706 partim
1311 1655 1472 1707 regibus
1492 1656 1579 1694 alae

0 1706 3 1741 ἕ
43 1715 143 1760 sunt
155 1709 411 1759 resecandae,
432 1712 583 1764 partim
602 1718 739 1764 gratae
752 1711 902 1751 herbae
920 1712 1026 1751 circa
1037 1712 1194 1751 alveare
1211 1713 1577 1758 serendae—115.

0 1767 148 1819 ΔΪῦιιιιι
184 1767 403 1821 attingeret
436 1769 574 1809 locum
604 1770 654 1809 de
682 1769 804 1809 horto
835 1770 1027 1820 colendo,
1064 1769 1145 1809 hoc
1180 1778 1462 1823 argumentum
1492 1772 1580 1811 aliis

0 1873 5 1882 λ
42 1812 311 1866 tractandum
339 1826 508 1879 reliquit
527 1851 586 1858 ——·
621 1828 717 1871 148
786 1829 843 1867 De
871 1829 1059 1882 ingeniis,
1107 1828 1287 1878 naturis,
1327 1836 1369 1868 et
1396 1830 1578 1869 moribus

0 1903 8 1948 {²
44 1897 170 1938 apum
197 1886 298 1938 agit,
326 1892 523 1926 revocata
559 1899 700 1926 earum
730 1888 986 1937 oeconomia,
1029 1901 1150 1939 quam
1176 1901 1392 1938 vocamus,
1425 1888 1478 1926 ad
1494 1888 1578 1927 rei-

0 1942 19 2000 ²5
23 1939 230 1996 publicae
257 1944 456 1994 formam,
487 1959 610 1996 quam
644 1952 809 1985 enarrat
825 1969 885 1976 —
902 1948 1008 1996 2185
1038 1952 1124 1984 tam
1141 1945 1327 1984 sollerter
1345 1946 1578 1986 institutam

0 2051 1 2054 Ἰ
43 2001 179 2052 illam,
209 2007 259 2041 ut
287 2002 458 2040 rationis
483 2003 575 2042 illae
605 2017 774 2042 munere
797 2004 1022 2057 impertitae
1045 2017 1128 2042 esse
1156 2004 1378 2043 videantur
1396 2027 1452 2034 —
1478 2008 1577 2047 227.

0 2099 11 2109 ,
43 2031 239 2112 Sequitur
256 2059 372 2099 locus
393 2060 444 2098 de
463 2062 691 2100 exemtione
709 2063 899 2102 favorum
914 2085 973 2092 -
991 2063 1096 2112 2385
1126 2061 1187 2100 sin
1206 2062 1462 2113 relinquatur
1480 2077 1577 2115 pars

0 2121 5 2162 Ῐ
43 2118 260 2167 favorum,
311 2131 415 2170 quae
446 2125 537 2158 tum
570 2119 754 2159 curanda
781 2120 938 2158 sint—
957 2120 1056 2163 250.
1116 2120 1173 2158 De
1203 2120 1356 2158 morbis
1386 2134 1506 2174 apum
1535 2127 1577 2160 et

42 2176 285 2217 morborum
308 2189 408 2215 cura
425 2199 485 2206 -—
507 2179 606 2220 280.
666 2179 723 2216 De
750 2178 948 2217 examinis
978 2178 1150 2216 extincti
1183 2179 1442 2230 reparatione
1467 2185 1508 2217 et
1526 2179 1577 2218 de

43 2234 382 2289 progeneratione
413 2249 536 2288 apum
566 2249 618 2275 ex
649 2236 823 2276 iuvenco
850 2242 1033 2290 peremto
1074 2242 1114 2274 et
1140 2237 1371 2288 putrefacto
1392 2260 1451 2266 —
1477 2239 1574 2280 311.

45 2293 172 2343 Quod
194 2307 289 2333 cum
308 2293 522 2333 inventum
537 2293 709 2334 Aristaei
728 2309 811 2333 esse
828 2293 1114 2348 perhibeatur:
1146 2294 1357 2333 descendit
1384 2294 1436 2333 ad
1455 2307 1576 2334 enar-

43 2352 247 2392 rationem
265 2351 447 2391 fabulae:
489 2367 569 2404 qua
585 2353 651 2392 ille
672 2354 732 2392 fei
736 2360 805 2393 tur
824 2353 1007 2393 extincto
1035 2353 1219 2393 examine
1241 2352 1385 2391 adiisse
1404 2359 1576 2392 matrem

45 2409 252 2464 Cyrenen,
290 2410 339 2448 ab
358 2409 475 2449 hac
464 2425 596 2451 iussus
626 2412 836 2451 consulere
855 2412 1067 2477 Proteum,
1098 2410 1148 2449 de
1170 2411 1318 2450 caussis
1338 2411 1576 2450 calamitatis

46 2474 89 2508 et
118 2468 298 2509 eiusdem
320 2463 530 2520 remediis,
577 2469 847 2522 edoctusque,
890 2470 1068 2509 evenisse
1087 2469 1162 2508 sibi
1188 2483 1276 2508 rem
1296 2469 1347 2508 ob
1367 2469 1576 2522 piaculum

46 2532 305 2567 contractum
326 2540 378 2566 ex
394 2528 639 2581 EurydiceS,
670 2528 824 2581 Orphei
844 2528 1041 2581 coniugiS‚
1079 2533 1231 2581 raptu,
1262 2527 1426 2566 inferias
1456 2527 1492 2566 ei
1512 2528 1575 2565 fe-

46 2585 164 2625 cisse:
201 2599 284 2638 quo
312 2586 420 2625 sacto
446 2586 574 2626 boum
607 2600 778 2640 corpora
800 2588 844 2627 in
862 2587 954 2626 luco
980 2586 1125 2626 relicta
1149 2585 1288 2639 paullo
1305 2592 1401 2639 post
1421 2586 1575 2625 exami-

46 2643 168 2684 nibus
193 2644 312 2684 novis
336 2644 433 2684 effer
434 2645 559 2685 buere
576 2668 635 2676 -
653 2645 707 2684 ad
722 2645 792 2685 fin.

118 3050 329 3107 Vmeu..
369 3056 512 3106 ΤοΜ.
536 3056 575 3106 Ι.
1220 3054 1291 3102 38
