1768 3320
199 241 297 288 100

551 237 605 285 P.
643 235 779 286 VIR
793 234 919 307 {HL
932 233 988 281 ΙΙ
1033 229 1393 282 MARONIS

194 363 412 428 Fregisti
438 370 492 419 et
515 361 764 410 calamos:
803 374 938 425 quae
958 366 1040 417 tn,
1078 370 1330 421 perverse
1349 354 1606 420 Menalca,
1682 384 1689 390 .,

194 436 289 497 Et,
328 449 498 499 quum
518 430 691 479 vidisti
713 444 883 496 puero
909 426 1126 487 donata,
1165 423 1414 485 dolebas;

193 504 284 567 Et,
320 502 361 550 si
382 517 493 550 non
515 500 685 565 aliqua
702 499 994 558 nocuisseS‚
1031 503 1277 544 mortuus
1298 510 1452 546 esses,

1645 458 1709 547 15

195 589 253 624 M.
287 570 430 634 Quid
453 570 658 620 domini
679 567 888 622 faciant„
923 564 1123 614 audent
1141 581 1311 631 quum
1328 563 1447 613 talia
1466 561 1636 614 sures!
1683 618 1689 622 ⁴

193 646 317 693 Non
341 656 438 705 ego
461 649 513 689 te
531 639 638 688 vidi
658 637 928 699 DamoniS‚
965 634 1222 701 pessime,
1262 650 1484 701 caprum
1515 676 1517 678 .

194 712 448 778 Excipere
474 708 672 758 insidiis
687 748 700 771 ,
737 706 968 756 multum
987 704 1210 753 latrante
1228 704 1474 770 Lycisca?

193 828 343 874 probat,
368 827 471 860 etiam
491 825 707 872 Daphnidos
726 823 783 857 hic
806 830 842 856 et
859 821 1023 855 similiter
1042 822 1111 855 alia
1137 821 1324 855 scribenda
1349 833 1439 855 esse.
1458 819 1543 854 Vid.
1569 819 1708 855 ibi-no-

193 882 278 908 tata.
303 894 348 901 —
372 875 424 907 De
443 873 557 906 verbis
578 874 637 905 hio
658 872 706 904 ad
715 870 834 917 sagos
854 870 898 903 cf.
920 882 1011 914 quae
1030 869 1150 902 notavi
1171 868 1208 902 in
1227 870 1272 902 V.
1291 869 1333 902 L.
1361 869 1406 902 ad
1429 867 1503 902 Ecl.
1531 869 1559 909 Ι,
1578 866 1636 903 54.
1660 887 1707 893 -—

194 923 334 955 Comma
356 927 438 966 post
449 919 566 966 sagos
585 918 678 963 quod
695 924 797 950 antea
817 916 1111 960 conspiciebatur,
1130 922 1229 950 recte
1247 915 1389 949 sustulit
1405 914 1707 950 Wunderlichius.

193 972 372 1002 structura
389 967 573 1000 verborum
593 965 678 997 haec
694 971 768 998 est:
792 966 860 997 Aut
879 970 954 996 tum
967 989 975 1005 ,
1001 975 1106 1008 quum
1123 962 1306 1006 viderunt,
1332 974 1437 1007 quum
1457 961 1516 996 hic
1541 962 1585 996 ad
1604 962 1707 1007 fagos

186 1015 388 1060 'Daphnidis
410 1025 526 1046 arcum
547 1011 702 1056 fregisti:
728 1011 786 1044 als
805 1012 858 1044 sie
878 1011 1012 1051 sahen,
1037 1012 1105 1044 wie
1124 1010 1174 1042 da
1201 1016 1268 1043 etc.
1317 1009 1374 1044 sic
1397 1021 1504 1054 saepe
1531 1009 1626 1053 apud
1645 1007 1708 1043 Ci—

193 1073 352 1096 ceronem
381 1061 529 1100 audire,
552 1059 696 1100 videre,
722 1070 840 1104 quum.
858 1058 919 1090 cfr.
942 1057 986 1095 de
1010 1060 1106 1090 Orat.
1125 1058 1168 1099 11,
1186 1055 1245 1099 46,
1267 1063 1355 1090 sect.
1373 1056 1452 1092 193.
1477 1054 1572 1100 Wr.)
1662 1056 1707 1092 15

193 1109 332 1154 aliquid
348 1109 434 1141 Ven.
457 1113 492 1139 et
516 1106 679 1139 Parrhas.
698 1106 854 1151 aliquem
872 1104 1043 1137 Rottend.
1065 1104 1166 1137 alter.
1185 1117 1230 1137 ex
1249 1105 1376 1150 aliqua
1395 1105 1499 1138 Voss.
1522 1115 1564 1137 ex
1576 1102 1705 1147 glossa.

194 1157 237 1192 16
251 1153 402 1201 saciant
419 1153 537 1186 Heius.
561 1165 602 1185 ex
620 1152 762 1196 optimis
790 1151 892 1185 codd.
920 1151 1026 1184 etiam
1043 1150 1212 1184 Pierianis
1234 1150 1363 1184 iterum
1382 1149 1592 1191 ‚revocavit3
1626 1150 1707 1184 odi-

191 1202 292 1235 derat
321 1201 389 1234 iam
415 1200 508 1233 idem
533 1201 686 1243 Nauger.
717 1199 752 1231 in
787 1198 867 1231 Ald.
898 1204 982 1231 tert.

1032 1198 1115 1243 (vid.
1147 1199 1234 1231 Not.
1267 1197 1362 1241 Wr.)
1409 1197 1527 1243 Vulgo
1546 1195 1705 1244 sacient.

182 1247 357 1294 facerent
374 1259 458 1279 unus
476 1246 616 1280 Mor-eti.
642 1246 726 1291 (vid.
745 1245 845 1289 Not.)
897 1244 1149 1291 Quidsacient
1167 1245 1326 1285 domini,
1351 1244 1493 1278 audent
1522 1243 1650 1289 Scalig.
1669 1250 1708 1278 et

190 1295 315 1335 Gisam,
341 1293 494 1327 evitandi
513 1293 643 1337 ingrati
664 1292 740 1326 soni
760 1304 891 1326 caussa.

188 1353 261 1386 pr.;
285 1341 377 1374 idem
395 1352 476 1374 mox
491 1348 666 1373 carrecta.

187 1424 263 1476 que
281 1427 375 1475 eius,
389 1439 468 1476 quo
490 1438 530 1463 se
547 1425 720 1478 petitum
732 1425 910 1474 videbat,

185 1482 356 1521 malitiae
376 1490 416 1521 et
433 1483 608 1522 invidiae
628 1483 823 1535 flagitium
835 1483 911 1522 ob·-

184 1540 267 1579 iicit
282 1540 495 1580 Menalcae.
555 1539 627 1595 (De
645 1541 807 1593 siQulis
827 1541 910 1580 vid.

184 1598 230 1637 V.
249 1598 291 1637 L.
318 1600 387 1639 W
382 1597 429 1652 r.)
484 1614 587 1651 quae
608 1599 759 1637 donata
778 1613 817 1639 v.
843 1602 910 1649 13,

184 1669 386 1694 scateam
405 1663 447 1694 et
465 1657 656 1696 calamos.
685 1657 814 1696 Arcus
827 1671 913 1696 non

185 1713 335 1752 alienus
366 1727 388 1751 a
418 1720 627 1766 pastorum
655 1715 741 1754 vita
762 1716 815 1754 ad
839 1715 913 1754 de-

184 1770 404 1809 fendendos
415 1785 546 1827 greges
560 1787 581 1810 a
602 1773 707 1813 seris.
731 1772 911 1827 (Venan-

186 1828 356 1867 dietiam
376 1843 493 1868 causa
502 1836 681 1882 pastores
700 1846 811 1870 arma
821 1845 911 1884 ges-

113 1908 118 1912 ·
184 1886 297 1935 sisse,
339 1901 460 1939 supra
490 1895 679 1927 notatum
710 1896 788 1939 est,
826 1890 909 1929 Ecl.

184 1943 241 1993 H,
272 1946 339 1986 29.
386 1946 455 1984 W
448 1960 478 1984 r.
506 1969 565 1975 —
600 1947 651 1985 Et
679 1949 833 1986 calami
860 1948 910 1986 de

184 2001 335 2053 sagittis
351 2002 449 2041 Hor.
463 2003 539 2042 Od.
558 2004 587 2053 I,
611 2006 674 2053 15,
696 2008 781 2047 17.:
812 2020 909 2056 „ca-

182 2058 277 2097 lami
299 2060 447 2111 spicula
470 2061 672 2101 Gnossii.“
703 2062 791 2118 Sp.)
836 2064 908 2103 Vi-

184 2115 303 2155 detur
333 2131 470 2156 arcum
500 2133 519 2157 e
557 2120 646 2172 fago
675 2135 910 2174 suspensum

182 2174 372 2226 reperisse
398 2176 616 2227 Menalcas,
660 2179 772 2218 cuius
798 2181 909 2233 poti-

990 1293 1034 1328 17
1059 1292 1196 1326 Nonne
1213 1305 1281 1339 ego
1298 1293 1438 1336 Menag.
1454 1303 1524 1326 sec.
1543 1297 1580 1325 et
1595 1291 1704 1325 Goth.

969 1418 1030 1462 est
1042 1422 1309 1463 salsissimum.
1349 1422 1461 1463 Serio
1482 1437 1706 1476 numquam

968 1482 1026 1521 sic
1047 1482 1229 1535 ponitur,
1258 1495 1388 1534 neque
1403 1496 1597 1535 umquam
1610 1495 1706 1521 sen-

969 1554 1035 1579 sus
1055 1546 1192 1593 potest
1213 1539 1267 1579 ad
1276 1553 1439 1580 servum
1458 1541 1615 1590 deduci,
1628 1540 1706 1580 nisi

968 1598 1132 1650 quando
1171 1598 1360 1638 iocantur
1408 1605 1479 1638 aut
1524 1598 1704 1639 illudunt

968 1670 1163 1708 personae
1180 1657 1372 1708 comicae3
1402 1663 1492 1696 tum
1510 1658 1618 1696 fures
1637 1655 1704 1695 di-

970 1721 1122 1754 cuntur
1145 1715 1251 1754 servi
1265 1728 1414 1768 parum
1431 1714 1516 1766 fidi,
1533 1721 1605 1755 aut
1622 1713 1702 1754 ho-

967 1772 1094 1811 mines
1124 1786 1145 1811 e
1181 1773 1297 1826 plebe
1326 1772 1504 1813 eiusdem
1536 1773 1700 1812 farinae.

969 1831 1177 1870 Sententia
1201 1830 1352 1870 horum
1363 1831 1585 1871 verborum
1601 1830 1703 1870 haec

969 1895 1047 1928 est:
1079 1889 1219 1938 Quum
1243 1888 1310 1928 hic
1335 1889 1607 1929 mercenarius
1632 1890 1701 1929 fu—

966 1947 1194 1986 racissimus
1233 1947 1332 1986 talia
1368 1948 1413 1987 in
1440 1961 1504 1986 me
1551 1946 1700 1987 audeat

965 2006 1168 2058 proferre,
1200 2005 1299 2057 quid
1319 2011 1460 2058 putem
1490 2005 1699 2045 dominum

966 2063 1041 2102 sibi
1061 2063 1219 2103 licitum
1243 2070 1390 2116 putare
1411 2063 1604 2105 adversus
1621 2078 1698 2115 me,

966 2120 1136 2173 Aegonis
1157 2121 1201 2160 in
1217 2122 1393 2172 Neaera,
1435 2135 1556 2175 quam
1585 2135 1699 2162 ama-

965 2194 1055 2218 mus
1085 2186 1276 2232 nterque,
1319 2180 1554 2225 aemulum?
1593 2180 1697 2234 Ergo

181 2231 283 2271 undi
321 2232 403 2285 ipse
442 2235 609 2287 cupidus
647 2237 798 2287 fuerat,
866 2245 909 2277 at
952 2238 1124 2290 saciant
1155 2238 1391 2296 legendum,
1421 2252 1507 2277 non
1519 2238 1696 2290 facient,

182 2288 358 2342 Daphnis
388 2304 480 2331 eum
511 2307 635 2345 puero
672 2294 908 2337 donaverat.

184 2344 411 2400 (Per-versus
428 2348 478 2387 de
506 2351 722 2402 malevolo,
755 2353 905 2405 iniquo,

180 2404 295 2443 Brut.
313 2405 357 2443 in
378 2406 455 2445 Cic.
467 2408 537 2460 Ep.
551 2409 637 2448 Div.
648 2411 718 2460 XI,
734 2414 798 2453 10.
818 2412 903 2451 Liv.

180 2462 292 2511 XXI,
321 2465 387 2504 33.
420 2464 506 2518 Sp.)

209 2549 212 2561 2
240 2522 304 2562 16.
323 2521 463 2572 sures,
515 2524 640 2573 servi,
673 2538 724 2563 ex
765 2540 901 2579 oppos,

178 2576 332 2617 domini
361 2584 402 2616 et
418 2585 550 2620 vetere
571 2581 902 2634 interpretatione

179 2634 307 2675 Servii
317 2650 327 2686 ;
338 2649 430 2674 cum
441 2651 549 2676 nunc
559 2639 623 2676 ille
635 2642 901 2682 mercenarius

176 2698 316 2745 pastor
337 2694 551 2734 conviciari
569 2697 727 2737 audeat.
776 2700 901 2739 Usum

176 2749 287 2789 vocas
302 2750 346 2789 in
362 2752 518 2803 vulgari
536 2766 715 2792 sermone
728 2765 901 2808 arguunt

177 2807 346 2858 Comici,
377 2809 446 2860 qui
464 2810 571 2849 fures
592 2825 666 2863 pro
679 2814 802 2852 servis
822 2815 900 2853 im-

174 2865 309 2918 probis
320 2878 332 2916 ,³
361 2880 406 2905 ac
435 2867 484 2905 de
505 2869 668 2907 scelesta
690 2871 803 2922 plebe
826 2873 901 2910 ad-

174 2921 326 2963 hibent.
394 2921 554 2978 (‚,Multi
588 2933 736 2978 putant
771 2930 900 2969 furem

174 2981 403 3034 simpliciter
421 2983 517 3034 poni
535 2997 610 3036 pro
631 2998 761 3034 servo,
791 2988 898 3037 quod

966 2295 1077 2347 quod
1102 2302 1223 2337 esset:
1254 2296 1354 2348 quid
1380 2295 1698 2349 exspectandum

965 2354 1054 2392 est'?
1075 2354 1174 2405 quid
1190 2354 1258 2393 ille
1278 2351 1460 2395 facturus
1478 2355 1568 2394 est?
1595 2349 1697 2394 {unc

964 2418 1075 2450 certo
1084 2412 1264 2452 facturus
1276 2412 1427 2464 aliquid
1437 2419 1539 2452 esset
1545 2410 1693 2465 Aegon.

963 2470 1114 2513 Contra
1151 2470 1344 2523 saciant,
1405 2470 1503 2523 quid
1539 2476 1692 2523 putem,

961 2542 1138 2578 sumam,
1170 2541 1262 2567 eum
1292 2529 1423 2567 facere
1450 2542 1565 2581 posse
1577 2559 1587 2579 ‚
1618 2529 1694 2569 sibi

958 2585 1113 2625 licitum
1129 2588 1316 2638 putare.“
1346 2586 1457 2625 Haec
1476 2585 1692 2639 SpohniUS‚

959 2644 1144 2683 Vossium
1169 2650 1341 2683 secutus.
1399 2644 1507 2683 Illud
1527 2643 1692 2698 quidem

956 2708 1066 2740 recte
1082 2708 1274 2754 negatur,
1304 2714 1440 2762 servos
1460 2702 1691 2756 simpliciter

958 2759 1036 2798 (lici
1050 2760 1170 2799 fures.
1208 2760 1349 2812 Itaque
1368 2760 1402 2799 si
1421 2773 1508 2798 eam
1527 2767 1690 2800 senten-

957 2817 1067 2867 fiam,
1090 2831 1211 2869 quam
1230 2818 1392 2858 Vossius
1412 2824 1457 2857 et
1473 2817 1687 2871 Spohnius,

955 2875 1080 2913 inesse
1105 2875 1167 2914 his
1186 2875 1301 2926 velis,
1326 2875 1583 2915 scribendum
1599 2877 1687 2926 erit,
1759 2888 1767 2898 “

956 2939 1004 2970 ut
1019 2933 1091 2971 sibi
1104 2939 1261 2972 constet
1272 2934 1550 2986 oppositorum
1562 2934 1686 2973 ratio:

958 2990 1094 3038 „Quid
1118 2991 1146 3028 d
1156 3005 1179 3030 o
1187 2991 1314 3030 mini
1343 2991 1513 3041 faciant,
1534 2991 1687 3031 audent
