1768 3320
315 206 734 282 BucoucA
772 166 940 258 Em..
975 207 1066 269 IX,
1103 211 1334 259 20-30

1499 215 1600 263 227

69 337 289 385 Mantua
306 350 404 384 vae
422 333 653 383 miserae
675 333 907 383 nimium
926 332 1098 382 vicina
1123 333 1444 400 Cremonae,

72 406 360 456 Cantantes
376 403 608 454 sublime
628 402 811 456 ferent
836 402 903 453 ad
928 402 1104 452 sidera
1127 403 1290 467 cycni.
1301 409 1332 434 “

68 489 115 526 1..
154 473 352 524 Sic-tua
376 476 610 540 Cyrneas
630 472 839 540 fugiant
860 473 1102 523 examina
1123 481 1295 535 taxos3

138 561 222 609 28.
260 557 561 608 CREMONAE
572 561 614 623 !)

115 685 164 721 29
192 685 400 719 Gandemes
427 686 520 720 coni.
553 684 840 726 10.Schrader.‚

69 731 169 766 malit
186 732 332 767 Wakef.
353 733 399 767 ad
416 734 559 768 Lucret.
579 734 604 775 1,
624 731 706 769 341.
739 731 876 779 ferant
894 731 985 765 Gud.
1010 732 1121 766 Goth.
1141 743 1196 776 pr.

1536 479 1605 525 30

872 682 1030 718 sublima
1050 683 1183 731 ferent
1213 696 1232 717 e
1259 684 1404 717 Lucret.
1430 682 1607 717 inculcare

1291 732 1339 767 30
1364 731 1426 764 Sic
1446 743 1517 764 sua
1541 731 1607 764 Al-

70 778 162 813 cuin.
185 779 420 826 Grammatp
423 779 558 817 ,2124
577 799 623 806 -—
658 782 823 825 &meas
840 778 937 812 varie
962 786 1167 824 corruptum
1185 777 1222 811 in
1243 777 1346 812 fibris
1366 790 1399 811 v.
1419 790 1475 824 ap.
1491 779 1607 813 Burm.

70 825 214 872 (Medic.
237 794 420 872 Paneas?
437 829 502 861 sed
527 827 636 861 tertia
655 826 759 860 litera
781 838 882 859 erasa
902 832 939 859 et
960 826 1011 859 ita
1035 825 1278 872 suprascripta
1302 839 1342 867 r,
1375 831 1415 858 ut
1434 826 1496 858 fiat
1513 828 1607 871 Cry-

69 886 175 908 nea-s.
205 874 301 918 Wt.)
348 876 414 909 Est
428 872 603 921 Κύρνος,
628 871 826 920 Κύρνειος.
854 871 1012 921 fugient
1026 875 1118 909 Ven.
1152 874 1354 920 exugmina
1370 872 1520 917 Medic„
1543 872 1608 906 sed

69 920 240 955 transfixo
261 934 301 968 g.

70 1016 192 1067 ritio,
221 1015 529 1070 phantasmate,
566 1031 647 1070 quo
679 1017 810 1056 omnis

69 1081 222 1114 natura
242 1088 363 1115 sensu
377 1089 518 1115 rerum
534 1076 810 1115 iucundarum

71 1140 114 1172 et
132 1133 396 1173 molestarum
413 1134 625 1185 imbuitur,
647 1135 699 1173 ad
719 1134 809 1173 olo-

69 1205 165 1232 rum
185 1198 351 1231 cantum
364 1191 409 1231 id
422 1194 652 1232 revocavit:
677 1207 809 1245 quan-

71 1249 292 1302 doquidem
310 1257 454 1290 cantus
474 1252 602 1291 tribui
618 1252 667 1291 iis
688 1251 809 1290 solet:

69 1308 146 1362 ipsi
171 1308 289 1362 cycni
309 1315 429 1359 tuum
449 1324 598 1349 nomen
627 1310 809 1348 celebra—

69 1366 189 1406 bunt.
248 1367 548 1407 Commemorat
574 1367 671 1417 hos,
713 1368 810 1420 quia

69 1424 243 1464 Mincius
267 1425 316 1464 iis
342 1425 526 1465 abundat
547 1427 617 1465 Ge.
637 1426 687 1476 H,
713 1428 808 1468 198.

75 1485 158 1526 199
197 1484 254 1521 Et
290 1485 456 1536 qualem
484 1485 631 1538 infilix
670 1486 810 1523 amisit

71 1543 258 1580 Mantua
294 1556 488 1594 campum
503 1573 514 1592 ,
567 1545 808 1582 Pascentem

72 1601 209 1638 niveos
243 1599 406 1638 herboso
427 1602 608 1652 flumine
646 1615 806 1653 cycno-5.

71 1657 128 1696 Ut
153 1658 270 1710 cycni
291 1664 436 1711 poetae
462 1659 565 1709 sint,
604 1659 678 1697 etsi
704 1659 810 1698 illud

72 1715 159 1754 aliis
178 1715 277 1755 locis
296 1717 495 1767 occurrit,
526 1732 566 1756 v.
589 1718 643 1756 ad
663 1717 809 1757 Horat.

70 1774 126 1814 IV
143 1774 276 1813 earm.
294 1777 335 1824 2,
354 1776 410 1818 25
430 1782 471 1814 et
490 1775 542 1814 ad
560 1775 601 1815 h.
620 1776 647 1815 1.
662 1776 809 1826 Cerda,

69 1831 145 1872 vix
174 1831 317 1883 video,
355 1834 561 1886 quomodo
598 1834 810 1873 commode

70 1890 157 1930 fiat.
183 1890 267 1929 .Ita
285 1898 407 1930 esset:
435 1899 579 1944 poetae
594 1893 810 1932 Mantuani

55 1949 228 1989 ‘Varum
256 1950 543 2002 celebrabm1t3
577 1952 719 1990 saltem
741 1951 809 1990 di-

71 2013 186 2046 ctum
213 2008 291 2047 erit
313 2008 363 2047 de
384 2023 469 2048 uno
488 2010 669 2049 Marone.
726 2010 810 2049 Ve-

70 2079 164 2105 rum
187 2079 253 2104 res
276 2066 336 2105 ita
363 2067 609 2107 declaranda
636 2082 719 2107 esse
740 2068 810 2107 vi·-

72 2124 214 2163 detur:
244 2124 370 2173 Quod
386 2127 507 2179 vulgo
527 2134 634 2165 erat:
660 2140 809 2165 nomen

71 2188 192 2221 tuum
209 2196 282 2235 per
300 2189 435 2222 totum
455 2198 597 2237 agrum
615 2185 810 2223 Mantua-

70 2254 172 2279 num
192 2241 482 2293 celebrabitu13
502 2244 661 2295 poetica
678 2243 809 2282 ratio-

70 2311 123 2338 ne
141 2298 195 2337 ad
210 2299 371 2339 olorum
394 2308 560 2340 cantum
576 2308 807 2341 revocatur.

71 2356 198 2406 Quod
224 2358 331 2396 enim
355 2366 499 2412 poetae
527 2373 688 2399 sensum
713 2366 810 2398 tan-

70 2415 150 2468 git,
180 2415 227 2454 id
245 2430 338 2455 cum
358 2418 469 2456 omni
487 2431 627 2457 rerum
647 2424 809 2468 natura,

72 2474 252 2513 animata
268 2481 309 2513 et
324 2476 559 2527 inanimata,
582 2477 811 2516 communi-

73 2539 203 2572 catur.
271 2534 328 2572 Ut
366 2534 489 2586 igitur
524 2535 640 2573 simili
684 2535 809 2574 modo

71 2596 208 2629 totum
226 2605 367 2631 nemus
390 2593 564 2645 aliquem
582 2607 726 2632 canere
744 2593 810 2631 di—

74 2655 235 2688 ceretur
252 2680 262 2699 ,
317 2657 446 2702 utque
493 2666 616 2705 supra
653 2652 736 2690 Ecl.
773 2651 810 2690 V

72 2706 326 2759 Daphnidem
356 2709 497 2762 lugent
528 2717 570 2749 et
605 2710 811 2749 celebrant

71 2764 262 2804 laudibus
280 2767 404 2806 silvae
424 2782 471 2806 ac
490 2769 612 2819 ferae,
632 2775 674 2807 et
689 2769 720 2817 Ι,
741 2770 809 2810 39.

73 2820 131 2864 40
162 2823 293 2862 sontes
328 2832 371 2863 et
404 2826 571 2865 arbusta
601 2826 811 2865 desidera-

72 2880 176 2919 bant
203 2882 413 2934 Tityrum,
460 2884 518 2923 ita
547 2898 661 2923 nunc
693 2884 812 2937 cycni

74 2939 297 2977 concinunt
316 2939 470 2980 inVari
485 2941 695 2981 honorem.
729 2943 812 2994 cy-

74 3010 247 3036 cnorum
274 3004 443 3037 cantum
458 3030 469 3049 ‚
509 3000 652 3039 saltem
689 3001 812 3039 silve-

867 1016 1039 1066 strium,
1085 1021 1227 1054 nostra
1265 1029 1427 1068 quoque
1475 1023 1609 1056 aetate

866 1087 1006 1113 rerum
1034 1074 1312 1127 experimento
1343 1075 1610 1114 vindicarunt

866 1133 1004 1186 plures
1041 1133 1121 1171 viri
1157 1132 1293 1182 docti,
1331 1133 1375 1172 in
1410 1132 1474 1172 his
1504 1133 1608 1173 Abb.

868 1193 1064 1242 Mongez.
1114 1191 1172 1229 De
1198 1194 1245 1231 V
1239 1206 1311 1230 am
1331 1185 1415 1231 vid.
1435 1193 1534 1231 Exc.
1556 1191 1609 1231 ad

868 1249 950 1288 Ecl.
970 1249 1024 1288 Vl
1044 1263 1107 1302 pr.
1126 1241 1349 1289 Meritum'
1339 1249 1423 1300 eius
1443 1250 1610 1303 aliquod

867 1308 992 1346 fuisse
1022 1314 1192 1360 apparet
1217 1307 1261 1347 in
1289 1308 1391 1360 agris
1413 1308 1609 1348 Mantua-

867 1380 1017 1405 norum
1056 1379 1079 1403 a
1119 1372 1412 1405 veteranorum
1458 1367 1609 1406 iniuria

867 1423 1136 1463 vindicandis.
1164 1433 1322 1476 superet
1341 1424 1460 1463 modo
1471 1427 1608 1464 Man-

868 1491 940 1520 tua
968 1481 1081 1520 nohis
1093 1512 1105 1532 ‚
1138 1481 1179 1521 h.
1199 1483 1415 1522 incolumis
1433 1490 1475 1522 et
1495 1484 1608 1523 salva

868 1541 942 1591 sit,
985 1541 1089 1593 agris
1128 1541 1325 1591 redditis;
1365 1555 1447 1594 quo
1483 1542 1606 1593 facto,

866 1599 944 1652 ipsi
985 1598 1150 1651 Virgilio
1196 1604 1291 1639 suae
1340 1600 1608 1652 possessiones

868 1658 1229 1697 conservabantur.
1288 1660 1359 1700 28.
1388 1673 1464 1697 vae
1484 1660 1608 1697 mise-

866 1730 936 1754 rae
958 1731 1000 1754 n.
1041 1716 1221 1766 Scilicet,
1245 1730 1338 1761 cum
1359 1717 1607 1756 Cremonen-

867 1774 992 1824 sium,
1024 1774 1095 1826 qui
1119 1775 1241 1813 Cassii
1267 1782 1309 1813 et
1327 1775 1448 1814 Bruti
1469 1782 1607 1828 partes

867 1833 1031 1884 sequuti
1066 1833 1250 1883 fuerant,
1303 1834 1386 1884 agri
1431 1834 1607 1873 militum

866 1904 1058 1941 numeru,
1106 1892 1171 1930 cui
1206 1892 1393 1944 assignati
1429 1892 1605 1943 fuerant,

866 1964 952 1988 non
999 1950 1259 2000 sufficerent,
1306 1950 1485 2003 proximi
1523 1950 1607 2003 agri

866 2008 1081 2047 Mantuani
1121 2008 1249 2047 additi
1276 2015 1394 2058 sunt,
1435 2009 1530 2047 licet
1560 2022 1607 2047 ea

866 2066 966 2105 urbs
990 2066 1033 2104 in
1052 2066 1224 2119 Augusti
1249 2067 1436 2120 partibus
1453 2068 1605 2107 fuisset.

867 2124 951 2164 vid.
973 2125 1068 2164 Vita
1087 2125 1196 2178 Virg.
1222 2139 1256 2164 a.
1281 2129 1378 2168 712.

926 2185 994 2224 30.
1026 2184 1094 2221 Sic
1127 2190 1228 2222 nota
1258 2182 1490 2222 obtestandi
1517 2184 1606 2222 sor-

867 2241 996 2279 mula:
1029 2242 1078 2280 cf.
1104 2242 1186 2281 Ecl.
1207 2243 1260 2292 X,
1280 2240 1320 2283 4.
1370 2243 1513 2293 Incipe
1535 2255 1606 2280 ca-

867 2312 986 2348 nere,
1017 2301 1054 2337 si
1085 2300 1188 2352 quid
1213 2299 1361 2349 habes,
1396 2300 1509 2352 quod
1535 2314 1606 2338 ca-

868 2371 960 2407 nas,
993 2364 1065 2396 aut
1085 2358 1242 2410 potius,
1273 2359 1386 2410 quod
1409 2357 1606 2396 memine-

867 2416 923 2454 ris
944 2429 996 2453 ex
1012 2416 1195 2455 Menalca
1214 2417 1419 2456 auditum:
1443 2417 1501 2455 sic
1517 2416 1606 2469 api-

867 2475 945 2513 bus
960 2481 1001 2512 et
1015 2475 1200 2527 gregibus
1216 2475 1299 2514 tuis
1314 2475 1416 2514 bene
1432 2475 1603 2513 eveniat.

870 2532 1042 2587 (Apibus
1062 2533 1289 2572 abundasse
1306 2548 1447 2586 agrum
1471 2533 1605 2584 Virgi-

867 2591 933 2641 lii,
967 2591 1138 2631 discitur
1166 2606 1218 2630 ex
1247 2592 1330 2631 Ecl.
1329 2565 1388 2642 DI,
1420 2590 1489 2635 54.
1518 2590 1603 2640 VH,

873 2652 939 2691 13.
967 2649 1088 2706 lVr.)
1134 2650 1308 2702 Cyrneas
1330 2659 1471 2698 taxos,
1502 2649 1605 2687 Cor-

867 2708 1048 2758 sicanas,
1113 2721 1167 2746 ex
1212 2705 1390 2762 Κύρνος.
1467 2707 1604 2745 Taxus

870 2766 1034 2805 omnino
1066 2766 1267 2805 mellificio
1303 2766 1492 2805 exitiosa:
1534 2765 1603 2802 Ge.

868 2824 935 2874 IV,
952 2823 1010 2866 47
1030 2827 1084 2864 Ἀ
1081 2840 1130 2863 eu·
1143 2826 1317 2877 propius
1334 2826 1445 2862 tec-lis
1462 2831 1605 2860 taxum

868 2884 966 2921 sine.
1029 2884 1204 2935 Cyrneas
1238 2895 1331 2934 ergo
1370 2895 1453 2920 non
1488 2879 1604 2916 aliter

870 2941 1059 2994 accipies,
1100 2954 1222 2993 quam
1246 2945 1295 2979 ut
1322 2953 1345 2976 a
1371 2938 1531 2977 notiore
1558 2949 1605 2974 ac

869 2999 1085 3038 famosiore
1107 3011 1250 3051 genere
1271 2996 1481 3049 epitheton
1498 2994 1605 3033 tam‘s

1208 3064 1314 3111 15*
