1734 3320
162 247 267 294 660

481 243 538 291 P.
583 240 950 292 VIRGILII
995 239 1377 292 MARONIS

162 372 491 432 Germanae,
527 367 809 435 tonsisque
830 365 1017 417 serunt
1038 367 1295 418 mantelia
1319 366 1480 430 villis3

159 444 287 490 Pars
316 439 490 506 epulis
516 446 746 489 onerant
768 454 1010 502 mensaS‚
1051 447 1104 488 et
1124 437 1286 505 plena
1311 447 1591 505 reponunt

158 509 385 572 Pocula3
423 510 717 561 Panchaeis
743 507 1062 558 adolescunt
1088 509 1301 574 ignibus
1332 526 1479 571 arae3

159 584 228 632 Et
252 589 453 646 mater,
494 582 640 648 Cape
661 579 900 630 Maeonii
926 578 1194 630 carchesia
1215 579 1434 632 Bacchi:

656 679 772 726 380.
810 675 1046 736 BAccm3

231 681 298 728 37
301 681 348 728 7.
385 688 572 726 VILLIS.

1604 584 1708 631 380

205 818 276 853 377
309 815 487 850 mantelia
503 815 639 858 Heius„
663 821 704 848 ut
723 827 843 850 omnes
864 814 1089 850 vetustiores.
1139 814 1313 849 mantilia
1328 813 1447 860 vulgo.
1472 814 1544 849 vid.
1564 814 1610 849 ad
1619 817 1707 849 Aen.

159 866 186 907 1,
210 866 291 901 702.
328 864 472 898 Salmas.
511 863 557 896 ad
585 862 786 908 Scriptores
820 863 913 897 Hist.
938 867 1026 908 Aug.
1052 863 1208 908 saepius.

158 913 289 946 Moret.
338 914 437 945 Pars
467 919 603 945 onerat
642 911 763 957 epulis
789 923 939 945 mensas
967 911 1131 945 Parrhas.

1326 863 1397 898 378
1432 864 1553 896 Parce
1590 869 1706 909 quart.

1237 910 1308 946 379
1340 910 1552 944 Panchaeis
1574 910 1708 944 adole-

158 967 268 994 scunt
296 956 498 1006 pinguibus
518 957 648 991 Medic.
679 970 699 991 a
717 971 763 992 m.
792 971 885 1000 sec.‚
919 958 1020 1004 quasi
1045 959 1208 1006 pinguia
1238 957 1311 991 sint
1338 964 1542 1002 unguenta,
1565 957 1645 991 fere
1667 963 1708 991 ut

159 1007 315 1040 densum
329 1008 474 1054 pingue
494 1006 626 1050 Georg.
648 1006 707 1047 III,
735 1006 814 1041 124.
840 1006 911 1040 vid.
929 1005 1053 1039 Heius.
1088 1004 1346 1052 (Memorabilis
1365 1004 1474 1039 lectio
1493 1003 1707 1052 pinguibus,

159 1065 332 1100 quamque
359 1053 402 1087 ab
434 1052 544 1098 ipsius
579 1052 723 1098 Virgilii
750 1066 853 1087 manu
884 1054 1084 1099 profectam
1112 1052 1316 1098 suspiceris.

1366 1052 1473 1094 Quod
1499 1053 1530 1086 si
1553 1052 1606 1086 ita
1639 1058 1706 1095 est,

158 1101 360 1135 Panchaea
383 1100 661 1143 substantivum,
686 1101 844 1149 pinguia
865 1101 1075 1135 adiectivurn
1100 1112 1177 1134 esse
1199 1099 1406 1134 censuerim.
1454 1100 1546 1134 Nam
1562 1105 1601 1133 ut
1621 1111 1707 1133 sex-

158 1148 293 1183 centies
319 1147 408 1181 talia
421 1174 431 1190 ,

457 1148 561 1194 quale
590 1154 645 1181 est
671 1149 818 1191 vinum,
855 1157 1108 1196 unguentum,
1133 1160 1200 1193 per
1229 1147 1373 1193 ellipsin
1396 1146 1626 1190 omittuntur,
1655 1147 1707 1182 sic

157 1196 274 1229 nullus
304 1195 453 1238 dubito,
480 1195 565 1242 quin
594 1195 702 1229 etiam
730 1204 810 1238 tus,
845 1209 994 1237 aroma,
1021 1196 1148 1229 eodem
1176 1195 1283 1229 modo
1313 1201 1455 1229 veteres
1483 1194 1705 1229 reticuerint.

157 1244 290 1277 Contra
308 1242 500 1277 Panchaei
517 1244 637 1290 ignes,
663 1243 686 1277 i.
708 1255 737 1277 e.
757 1242 849 1288 ignis
872 1251 952 1277 tura
971 1243 1159 1277 Panchaea
1181 1255 1352 1284 cremans,
1378 1253 1518 1285 vereor,
1542 1248 1582 1276 ut
1601 1242 1706 1276 Lati-

157 1303 239 1325 num
260 1291 319 1324 sit.
368 1291 470 1324 Grat.
501 1291 672 1336 Cyneget.
705 1290 810 1326 441.:
844 1298 934 1334 „ter
959 1290 1155 1336 pinguia
1179 1290 1295 1324 libant
1317 1291 1415 1324 Tura
1435 1290 1555 1324 foco.“

557 1339 643 1381 „Da
673 1338 761 1371 mihi
789 1346 887 1381 tura,
921 1350 1032 1384 puer,
1066 1338 1269 1383 pingues
1301 1337 1470 1372 facientia
1507 1336 1705 1371 flammas.“

594 1397 698 1428 „non
731 1385 927 1431 pinguis
952 1386 998 1419 ad
1028 1393 1122 1420 astra
1149 1388 1199 1419 Ut
1228 1385 1323 1419 ferat
1341 1386 1437 1419 Eoos
1457 1404 1503 1410 -—
1523 1405 1569 1411 —
1590 1385 1706 1419 fumus

372 1436 435 1476 Ac,
459 1433 528 1466 nisi
553 1433 673 1474 fallor,
698 1432 943 1479 Philargyrius
966 1445 1106 1479 quoque
1122 1431 1328 1480 pinguibus
1347 1432 1437 1478 legit
1452 1431 1593 1479 vimque
1616 1432 1707 1466 sub-

158 1338 268 1373 Trist.
291 1339 338 1379 V,
364 1338 404 1379 5,
430 1339 505 1373 11.:

157 1385 289 1420 Lucan.
314 1386 420 1428 VIII,
446 1386 547 1422 730.:

157 1434 324 1468 odores.“

1603 1289 1704 1324 Ovid.

157 1481 303 1515 stantivi
325 1492 402 1515 voc.
426 1481 637 1515 Panchaeis
652 1480 799 1522 tribuit;
825 1493 869 1515 en
892 1481 966 1515 eius
990 1481 1117 1514 verba:
1144 1481 1509 1523 „ADOLESCUNT:
1547 1480 1607 1514 hic
1634 1479 1706 1514 vim

156 1529 268 1563 habet
284 1528 600 1574 frequentationis:
637 1535 672 1562 et
697 1530 907 1563 Panchaeis
926 1529 1168 1572 adolescunt,
1203 1528 1228 1562 i.
1250 1540 1281 1562 e.
1301 1526 1509 1562 Panchaicis
1533 1527 1704 1561 odoribus

155 1575 392 1611 incenduntur
416 1578 534 1610 arae.“

584 1576 748 1609 Ceterum
767 1578 952 1611 Pancaeis
971 1576 1102 1610 Medic.
1131 1577 1188 1611 W
1185 1576 1229 1619 r.)
1257 1576 1474 1610 adolescent
1493 1574 1634 1610 Servius
1659 1575 1705 1609 ad

156 1625 289 1669 Georg.
319 1625 367 1666 ΙΙ,
395 1625 474 1660 139.
525 1622 681 1658 Sabaeis
703 1624 805 1658 Leid.
855 1624 940 1658 alae
962 1624 1104 1668 Menag.
1154 1625 1291 1657 Tentat
1319 1635 1462 1657 versum
1479 1623 1626 1658 Wakef.
1658 1622 1705 1656 ad

154 1673 297 1706 Lucret.
318 1673 360 1713 ΙΙ,
384 1671 467 1707 417.

157 1722 284 1755 arae.“
314 1719 411 1764 Wr.)
473 1721 477 1725 ’

158 1816 257 1856 dum
295 1815 622 1869 reparandorum
665 1815 900 1854 examinum

157 1875 400 1928 comperiat3
439 1874 547 1926 degit
579 1874 646 1912 ille
677 1874 729 1912 ad
768 1874 900 1912 Palle-

156 1947 250 1984 nes,
282 1932 511 1972 Thessaliae
539 1933 796 1985 pminsulae,
827 1932 901 1970 lit-

155 1998 250 2032 tora
285 1994 370 2034 387
391 2005 449 2043 sq.
520 1991 616 2034 375.
642 1992 774 2043 fletus
801 1993 899 2028 ina-

155 2066 225 2089 nes
242 2081 252 2101 ,
297 2050 379 2089 levi
418 2049 469 2088 de
499 2063 639 2088 caussa
665 2055 899 2102 susceptum

157 2109 361 2159 dolorem,
394 2114 436 2147 et
454 2108 520 2147 cui
543 2107 669 2148 facilis
692 2114 734 2146 et
751 2113 898 2161 parata

155 2167 356 2207 medicina
399 2173 515 2206 esset.
588 2169 686 2209 376.
722 2167 892 2218 sontes,

155 2240 316 2279 aquam.
376 2226 590 2279 Excipitur
616 2238 720 2278 puer
747 2225 800 2264 ad
821 2238 897 2264 ve—

154 2285 252 2324 teris
285 2284 454 2338 hospitii
487 2284 596 2323 inter
633 2282 778 2322 heroes
804 2298 897 2322 mo·-

153 2357 253 2383 rem.
314 2346 369 2385 37
373 2346 411 2385 7.
442 2345 566 2381 tonsis
597 2344 794 2381 mantelia
814 2344 896 2381 vil-

154 2403 206 2441 lis
227 2433 238 2452 ,
281 2402 425 2450 lanea,
473 2401 663 2454 lanugine
703 2401 748 2440 in
790 2401 895 2439 texti

154 2460 366 2513 superficie
388 2465 572 2511 attonsa,
604 2459 787 2511 adeoque
809 2460 895 2498 lae-

153 2519 252 2569 via,
296 2533 343 2557 ac
378 2519 544 2568 tenuia,
587 2518 736 2557 mollia.
784 2516 895 2572 (vid.

153 2577 268 2616 Voss.
301 2577 354 2615 ad
377 2575 419 2615 h.
448 2577 475 2615 l.
509 2583 548 2615 et
572 2576 626 2615 ad
656 2577 770 2616 Arat.
795 2575 894 2618 423.

159 2637 232 2676 W
225 2634 274 2690 r.)
336 2637 433 2677 378.
455 2643 664 2687 reponunt,
695 2649 771 2688 pro
794 2635 895 2674 sim-

153 2694 248 2747 plici
275 2699 454 2746 ponunt:
495 2699 545 2732 ut
581 2694 652 2732 Ge.
683 2693 761 2743 III,
806 2693 893 2736 527

153 2766 316 2790 mensae
335 2759 529 2803 repostae.
559 2751 772 2804 (reponunt
791 2765 893 2803 pro—

151 2810 240 2864 prie
271 2809 339 2849 hic
378 2809 459 2848 dici
479 2839 490 2859 ,
540 2809 732 2862 probabit
763 2809 815 2858 Q.
846 2809 892 2849 V.

151 2868 349 2908 XXXXI.
375 2870 442 2908 W
439 2865 489 2922 r.)
531 2870 628 2910 379.
643 2876 734 2906 tura
756 2865 892 2921 (Pan-

153 2927 285 2966 chaea
310 2940 350 2966 v.
381 2926 524 2978 Georg.
546 2925 594 2976 ΙΙ,
620 2925 720 2980 139)
746 2925 893 2964 ardent

151 2985 194 3024 in
210 2985 288 3024 aris
299 2999 310 3036 ς
340 2985 587 3024 translatum
605 2984 656 3022 ab
678 2983 892 3022 hominum

153 3043 363 3094 conviviis,
386 3043 571 3097 inprimis
586 3043 786 3083 festorum
803 3041 892 3082 die-

516 1672 620 1718 („An
637 1671 798 1715 dederit,
822 1671 940 1718 inquit
970 1671 1054 1715 ille,
1082 1671 1295 1706 Panchaeis
1314 1670 1460 1706 adolent
1478 1670 1542 1704 snb
1563 1669 1703 1704 turibus

957 1828 1072 1853 rum:
1102 1815 1277 1868 peractis
1297 1815 1425 1869 epulis
1451 1815 1578 1854 fiebat
1597 1814 1704 1854 liba-—

957 1873 1029 1911 tio.
1051 1874 1099 1912 cf.
1124 1874 1178 1912 ad
1195 1873 1294 1914 Aen.
1305 1875 1335 1924 I,
1351 1873 1449 1924 704,
1481 1874 1553 1914 ubi
1562 1874 1704 1926 flam—

958 1933 1037 1969 mis
1088 1933 1249 1971 adolere
1300 1941 1487 1985 penates.
1551 1932 1703 1971 Actum

959 2003 1121 2042 quoque
1144 1991 1198 2030 ad
1217 2004 1249 2030 e.
1270 1992 1296 2031 l.
1319 1990 1370 2030 de
1399 2005 1490 2031 voc.
1511 1991 1672 2030 adolere
1687 2004 1700 2030 ‚⁶
1731 2009 1734 2013 ·

957 2049 1123 2101 proprie
1167 2050 1397 2089 adolescere
1438 2056 1500 2089 est
1542 2049 1702 2102 augeri3

955 2106 1054 2145 inde
1092 2108 1259 2161 proprie
1294 2109 1338 2148 in
1374 2109 1498 2148 sacris
1531 2108 1581 2148 de
1606 2108 1701 2161 igni.

956 2165 1076 2204 Nunc
1104 2169 1221 2219 ignes
1249 2167 1466 2206 Panchaei
1478 2198 1489 2218 ,
1533 2173 1626 2207 tura
1650 2180 1702 2206 ex
1731 2207 1734 2210 Δ

955 2223 1107 2262 Arabia
1122 2255 1133 2276 ,
1165 2225 1416 2277 adolescunt,
1451 2232 1700 2276 cremantur,

955 2284 999 2320 in
1018 2284 1113 2322 aris.
1146 2281 1368 2338 (Iacobsius
1382 2315 1392 2335 ,
1426 2284 1614 2325 Vossium
1635 2297 1701 2323 se-
1728 2282 1730 2284 ’

955 2347 1075 2380 cutus
1091 2372 1102 2392 ,
1143 2341 1246 2382 haec
1283 2344 1343 2382 ita
1382 2343 1700 2397 interpretatur:
1733 2388 1734 2392 Ἰ

954 2413 1075 2451 „arae
1111 2402 1378 2441 cumulantur
1418 2409 1512 2442 ture
1555 2402 1730 2441 incon--⁴

954 2461 1060 2509 so,“
1091 2465 1140 2498 ut
1165 2474 1272 2511 arae,
1302 2460 1476 2500 flammis
1495 2461 1593 2500 inde
1605 2471 1734 2500 sur-1

958 2517 1168 2569 gentibus,
1199 2519 1310 2571 ipsae
1336 2520 1451 2572 quasi
1476 2532 1638 2573 surgere
1660 2524 1700 2558 et

954 2575 1146 2628 adaugeri
1183 2577 1424 2629 videantur;
1464 2578 1699 2632 simpliciter

952 2647 1027 2686 per
1049 2636 1312 2675 cumulantur
1330 2636 1510 2689 explicat
1536 2637 1697 2678 Wakef.

953 2692 1006 2731 ad
1024 2693 1185 2732 Lucret.
1211 2694 1258 2744 V,
1288 2697 1385 2737 798.
1422 2693 1536 2750 Wr.)
1598 2697 1696 2738 380.

952 2751 1120 2788 Bacchi
1151 2754 1345 2790 Maeonii
1369 2782 1381 2803 ,
1426 2753 1515 2792 vini
1553 2753 1695 2806 Lydii,

953 2809 1099 2847 Tmolii
1123 2823 1247 2862 supra
1276 2811 1421 2863 Georg.
1455 2811 1503 2862 Π,
1528 2814 1597 2862 98,
1618 2825 1695 2864 pro
1731 2812 1734 2815 “

950 2868 1250 2919 praestantiore
1269 2869 1356 2909 vini
1378 2882 1535 2923 genere.
1591 2870 1697 2909 Nam
1731 2879 1732 2882 ’

953 2925 1362 2967 Catacecaumenium
1405 2928 1552 2968 vinum
1597 2941 1723 2981 geo—¹

951 2982 1115 3037 graphis
1136 3014 1148 3034 ‚
1192 2999 1277 3024 non
1313 2986 1476 3039 poetis,
1524 2992 1694 3026 notum:
1724 3003 1734 3029 ,-

951 3042 1035 3082 vid.
1056 3043 1206 3083 Strabo
1235 3045 1345 3094 XIII,
1374 3058 1462 3098 pag.
1482 3047 1563 3088 931
1585 3050 1692 3084 extr.
