1734 3320
187 153 290 204 576
527 155 584 204 P.
621 154 971 205 VIRGILII
1006 154 1376 206 MARONIS

185 285 311 332 Non
336 289 519 330 tamen
536 279 643 330 ulla
661 281 829 345 magis
848 298 1102 347 praesens
1121 279 1341 332 fortuna
1355 281 1606 332 laborum
1622 292 1717 348 est,

189 355 366 415 Quam
394 351 436 400 si
463 352 580 419 quis
599 349 747 400 ferro
776 352 954 418 potuit
974 352 1284 403 rescindere
1303 368 1582 403 summum

186 422 391 473 Ulceris
418 438 491 472 OS.
564 421 739 472 Alitur
765 421 980 487 vitium,
1017 423 1255 491 vivitque
1279 422 1535 489 tegendO,

186 496 333 544 Dum
377 492 616 542 medicas
666 491 927 543 adhibere
983 509 1176 544 manus
1228 493 1296 544 ad
1346 493 1571 544 vulnera
1623 510 1718 560 pa-

980 571 1094 612 stor

187 633 458 699 Abnegat,
499 641 587 682 aut
607 630 835 681 meliora
862 630 994 682 deos
1016 632 1171 683 sedet
1195 633 1377 683 omina
1399 565 1719 700 poscens455

190 705 332 768 Quin
362 704 546 767 etiam,
584 702 691 751 ima
715 701 877 752 dolor
899 702 1180 754 balantum
1205 703 1382 771 lapsus
1404 703 1472 754 ad
1497 721 1614 754 ossa

259 801 375 850 454.
413 811 685 848 TEGENDO:

235 915 306 951 452
332 923 389 949 est
416 915 518 949 abest
543 915 651 949 Goth.
684 927 754 949 sec.
801 915 886 961 (vid.
913 917 954 958 Q.
984 918 1029 951 V.
1060 918 1144 961 XV,
1177 918 1212 959 7,
1237 930 1267 952 c.
1300 894 1396 962 Wr.)
1491 916 1561 952 453
1580 917 1719 964 potuit.

188 966 239 997 Io.
270 963 459 997 Schradei.
487 964 513 996 f.
538 971 742 1011 properat5
787 963 850 997 sed
870 970 925 997 est
958 965 1109 998 aoristus
1143 976 1231 1011 pro,
1274 971 1408 1010 potest.
1464 966 1515 998 Ut
1544 975 1626 997 mox
1649 961 1720 999 459

189 1009 361 1057 Projuzt‚
395 1010 568 1055 prodesse
600 1010 704 1044 solet.
753 1011 809 1056 (sc
832 1024 915 1057 qut-s·
935 1021 1063 1059 potuit
1089 1012 1318 1055 rescmdere,
1344 1012 1368 1045 i.
1391 1024 1423 1046 e.
1461 1011 1498 1045 si
1524 1011 1626 1057 quis
1651 1023 1722 1044 re-

189 1057 403 1100 scindat,
444 1058 498 1091 vel
530 1058 820 1100 resciderit5
853 1070 970 1092 rarum
996 1059 1167 1104 loquendi
1193 1071 1321 1104 genus,
1361 1059 1406 1093 de
1432 1070 1502 1105 quo
1529 1058 1599 1092 vid.
1621 1058 1720 1104 Eleg.

189 1106 234 1140 ad
255 1105 397 1139 Messal.
425 1117 505 1150 pag.
534 1106 592 1141 66.
630 1104 727 1149 Wr.)
840 1105 911 1141 456
936 1115 1004 1139 aut
1031 1119 1048 1140 e
1076 1106 1281 1141 melioribus
1312 1106 1473 1140 omnibus
1510 1105 1634 1140 Heius.
1685 1114 1722 1140 et

187 1152 314 1198 vulg05
356 1154 527 1197 (Vereor,
560 1165 604 1185 ne
624 1161 680 1193 et,
716 1152 842 1198 quod
832 1165 869 1186 111
895 1153 1076 1199 plerisque
1095 1155 1246 1199 legitur,
1281 1166 1300 1187 e
1326 1153 1447 1188 Servio
1482 1153 1633 1200 petitum
1664 1153 1721 1196 sit,

189 1200 271 1246 qui,
296 1199 425 1234 usitato
448 1200 690 1234 Grammaticis
713 1212 830 1241 more,
871 1201 913 1234 ab
944 1201 1013 1234 ulio
1044 1202 1089 1235 ad
1116 1202 1211 1235 aliud
1237 1201 1432 1244 transiens,
1457 1209 1494 1234 ec
1513 1200 1722 1247 praefixisse

187 1248 348 1289 videtur;
386 1248 449 1282 cfr.
470 1249 514 1282 V.
536 1247 578 1281 L.
600 1260 650 1281 vs.
673 1247 755 1283 254
804 1249 850 1282 Et
876 1247 1038 1302 abnegat
1065 1257 1118 1283 est
1144 1249 1387 1303 desperantis,
1419 1248 1594 1282 medendo
1614 1259 1721 1294 posse

189 1296 381 1342 quidquam
414 1294 561 1341 profici,
602 1296 706 1329 sedet
731 1301 786 1328 est
819 1295 954 1340 ignavi;
989 1296 1072 1330 hinc
1100 1306 1167 1330 aut
1192 1304 1289 1330 recte
1318 1295 1445 1330 editur.
1476 1295 1573 1341 Wr.)
1610 1306 1721 1350 porro

190 1356 330 1385 omma,
365 1349 403 1376 ut
430 1342 677 1387 castigatiores
704 1342 726 1375 h
731 1342 848 1376 ibent
898 1320 1018 1388 Vtilgo
1050 1357 1192 1386 omma,
1234 1350 1274 1377 ut
1299 1351 1334 1378 et
1361 1342 1544 1377 Mediceus
1573 1355 1614 1377 ae
1636 1343 1723 1377 Ro-

186 1403 321 1424 manus.
366 1391 513 1435 (Omma
520 1367 717 1424 bvrevocavit
749 1389 911 1431 Iahnius3
962 1399 996 1424 et
1027 1391 1142 1436 proba
1169 1391 1264 1425 haud
1291 1390 1398 1425 dubie
1433 1390 1542 1424 dictio
1569 1390 1724 1424 meltora

183 1451 359 1486 poscere,
385 1444 424 1471 ut
445 1438 540 1483 apud
560 1437 694 1471 Tibull.
714 1439 772 1480 111,
800 1436 900 1479 4,1.·
928 1438 1010 1480 „Dii
1039 1438 1188 1473 meliora
1205 1439 1352 1472 ferant.‘
1356 1438 1454 1471 ‘ubi
1470 1437 1542 1472 vid.
1561 1439 1722 1483 Inteipp.

190 1488 346 1519 Utuntur
364 1492 502 1519 veteres
520 1485 586 1519 hac
605 1484 758 1519 formula
777 1486 823 1519 ad
842 1487 1032 1520 avertenda
1050 1486 1143 1520 mala
1166 1486 1224 1521 vel
1245 1484 1468 1532 praesentia,
1503 1484 1562 1519 vel
1590 1485 1721 1519 futura.

188 1535 322 1568 Veium
348 1545 421 1566 non
446 1532 610 1576 memini,
644 1545 789 1587 usquam
818 1533 963 1578 adiungi
984 1546 1124 1575 omma3
1161 1546 1277 1580 neque
1296 1533 1366 1568 hoc
1386 1545 1507 1567 omma
1534 1532 1571 1566 in
1589 1532 1724 1578 depre-

189 1581 302 1614 cando
320 1581 435 1614 locum
454 1580 583 1622 habet,
613 1580 732 1614 sedin
751 1581 1003 1626 apprecando,
1036 1588 1075 1614 ut
1093 1583 1216 1616 omnia
1245 1580 1341 1616 bona
1364 1580 1537 1629 precari,
1574 1585 1611 1613 et
1633 1591 1722 1626 quae

190 1635 271 1661 sunt
291 1628 347 1662 his
371 1627 512 1661 similia.
553 1627 649 1674 Wr.)

188 1725 392 1775 XXXIII,
431 1728 476 1774 6,
509 1739 538 1763 S.
561 1724 628 1768 35.
664 1727 744 1776 pix
777 1725 924 1774 Idaea,

188 1783 464 1836 praestantius
482 1797 626 1835 genus;
656 1783 834 1836 intellige
853 1797 926 1822 au-

188 1848 273 1880 tem
299 1842 514 1894 liquidam,
566 1844 683 1892 Teer,
732 1855 783 1880 ex
824 1842 926 1881 Plin.

189 1901 348 1951 XXIV,
378 1903 428 1950 7,
471 1914 499 1938 S.
529 1898 597 1942 24.
638 1900 756 1938 scilla
780 1931 791 1950 ,
833 1913 928 1953 cepe

188 1959 405 1998 marinum.
454 1958 647 1996 elleborzas
680 1961 825 2010 gravis
850 1990 860 2008 ‚
905 1973 927 1996 a

189 2018 304 2069 gravi
326 2017 463 2056 odore.
485 2016 625 2055 album
647 2023 782 2055 aut-em
803 2031 927 2069 genus

188 2075 230 2115 11.
251 2077 277 2115 l.
308 2075 504 2129 spectari,
535 2075 732 2114 viderunt
757 2076 839 2114 iam
861 2075 928 2114 alii

190 2148 242 2173 ex
265 2135 418 2174 Colum.
440 2133 527 2183 VII,
553 2134 593 2184 5,
615 2136 654 2176 7.

248 2193 346 2236 452.
378 2193 540 2231 Excitat
557 2205 698 2231 versus
719 2191 927 2231 Columell.

189 2252 285 2301 VII,
315 2251 354 2300 5,
388 2254 452 2301 10,
486 2250 630 2289 habuit
663 2257 757 2290 ante
789 2251 927 2289 oculos

191 2310 356 2349 Gratius
373 2310 519 2361 Cyneg.
540 2312 623 2351 360
643 2323 727 2362 sqq.
741 2309 931 2362 Calpurn.

190 2369 246 2418 V,
275 2368 330 2411 75
352 2381 408 2419 sq.
470 2369 617 2406 Sensus
655 2375 716 2406 est
753 2374 929 2420 apertus,

190 2426 349 2465 nullum
372 2439 454 2464 esse
474 2426 698 2465 remedium
719 2426 930 2465 efficacius.

190 2484 346 2523 labores
384 2490 532 2536 putare
569 2485 697 2537 possis
745 2498 827 2522 esse
870 2497 927 2534 ea,

191 2557 294 2594 quae
316 2543 516 2581 medendo
541 2543 685 2582 morbo
715 2549 927 2595 parantur.

190 2602 341 2641 Verum
353 2615 431 2640 usu
447 2602 641 2652 loquendi
657 2602 812 2639 labores
832 2607 930 2639 sunt

192 2673 429 2709 aerumnae,
472 2659 597 2709 mala,
637 2658 678 2698 h.
698 2660 724 2698 l.
742 2660 928 2698 morbus:

192 2721 374 2758 Fortuna
394 2724 454 2756 est
471 2718 696 2756 remedium
707 2733 717 2768 3
737 2718 807 2756 sed
825 2732 930 2769 quo-

190 2777 314 2816 modo
327 2778 347 2816 '?
377 2777 563 2816 Fortuna
585 2782 644 2815 est
662 2776 783 2815 etiam
804 2789 930 2816 even-

191 2842 259 2875 tus
280 2837 538 2886 fortunatus,
573 2848 799 2884 successus;
836 2848 929 2887 ergo

193 2895 313 2933 etiam
342 2895 577 2934 fortunatus
607 2893 738 2932 exitus
773 2893 931 2933 morbi:

193 2953 374 3006 adeoque
391 2953 436 2992 id
462 2952 574 3005 quod
603 2966 694 2992 eum
714 2952 843 3002 affert,
863 2965 934 2991 seu

988 1726 1144 1765 curatio
1168 1739 1239 1765 seu
1253 1723 1409 1764 medela
1429 1730 1468 1763 et
1485 1723 1722 1764 remedium.

986 1785 1049 1824 Ita
1084 1786 1202 1822 nulla
1226 1785 1404 1836 fortuna
1431 1784 1570 1834 magis
1592 1796 1723 1834 prae-

986 1858 1075 1882 sens
1097 1851 1164 1891 est,
1196 1843 1332 1881 nullus
1351 1841 1501 1880 certior
1518 1840 1724 1880 remedio-

985 1916 1079 1941 rum
1110 1900 1387 1940 adhibitorum
1418 1912 1624 1938 successus
1651 1905 1723 1950 est,

986 1961 1144 2000 nullum
1202 1959 1455 2012 praesentius
1503 1958 1722 2008 auxilium,

986 2018 1195 2068 laborum,
1245 2017 1367 2057 huius
1401 2016 1526 2066 mali,
1564 2015 1723 2067 scabiei,

986 2077 1099 2117 nulla
1118 2076 1268 2116 certior
1288 2077 1407 2115 salus.
1464 2074 1594 2114 Aliter
1614 2075 1724 2114 dicta

987 2142 1084 2175 sunt
1104 2135 1203 2174 Aen.
1225 2135 1320 2185 VII,
1349 2134 1433 2178 559
1451 2147 1527 2186 ego
1538 2163 1549 2184 ,
1583 2135 1622 2172 si
1639 2147 1725 2186 qua

986 2209 1110 2246 super
1113 2195 1291 2247 fortuna
1310 2192 1494 2232 laborum
1514 2199 1586 2242 est,
1619 2193 1726 2244 Ipsa

987 2267 1131 2305 regam
1153 2269 1165 2291 :
1209 2266 1322 2291 casus
1361 2252 1565 2290 fortunae.
1624 2248 1723 2293 454.

988 2312 1208 2350 rescindere
1225 2312 1369 2349 ulceris
1384 2323 1440 2360 σε,
1471 2308 1582 2361 quod
1601 2308 1724 2361 vulgo

990 2370 1147 2422 aperire
1166 2369 1295 2408 ulcus.
1314 2367 1419 2416 (vid.
1437 2367 1556 2406 docte
1577 2366 1627 2405 de
1645 2365 1726 2406 hoc

988 2429 1117 2468 verbo
1162 2423 1439 2480 disputantem
1475 2425 1635 2466 Wakef.
1671 2424 1725 2464 ad

987 2487 1148 2526 Lucret.
1175 2486 1235 2536 Π,
1263 2486 1361 2527 406.
1395 2481 1521 2537 Wr.)
1561 2485 1720 2534 vitium,

987 2546 1124 2595 ulcus,
1156 2544 1293 2582 sanies.
1326 2542 1513 2594 tegendo,
1546 2541 1644 2582 dum
1658 2548 1725 2581 te-

987 2604 1109 2656 gitur.
1169 2602 1267 2641 Mox
1288 2601 1429 2639 eadem
1449 2601 1599 2651 ulcera,
1629 2601 1725 2640 νιιί-

986 2676 1096 2700 nera.
1156 2661 1227 2699 Est·
1254 2665 1388 2698 autem
1414 2672 1558 2698 versus
1576 2658 1725 2698 adum-

986 2720 1130 2759 bratus
1151 2733 1171 2757 e
1191 2719 1348 2757 Lucret.
1373 2718 1439 2768 IV,
1462 2720 1573 2760 1062
1598 2718 1727 2757 Ulcus

989 2781 1098 2816 enim
1128 2780 1296 2816 vivescit
1328 2786 1364 2815 et
1395 2778 1649 2815 inveterascit
1671 2790 1725 2815 a·

990 2837 1122 2875 lende.
1169 2835 1266 2879 456.
1286 2836 1454 2873 meliora
1476 2836 1626 2884 omina,
1646 2847 1725 2887 pro

992 2895 1272 2947 consequenti,
1312 2893 1509 2933 auxilium
1541 2892 1724 2932 deorum.

1049 2952 1148 2997 457.
1177 2953 1310 3004 dolor,
1342 2952 1527 3002 morbus,
1560 2950 1725 2991 exulce-
