1768 3320
188 231 339 268 cxmv
697 199 1206 257 ARGUMENTA

401 335 839 391 ARGUMENTA
874 329 1169 381 OPERUM
1203 321 1508 376 VIRGILH.

865 437 891 485 Ῑ
926 435 1043 498 (IX)

264 538 532 584 Scholastica·
560 532 797 579 cuiusdam
818 535 985 588 poetae
1015 529 1297 583 argumenta
1324 520 1549 568 Aeneidis
1576 519 1657 565 aab

564 603 748 647 nomine
781 597 952 643 Ovidii.
994 595 1103 638 ibid.
1123 593 1215 652 Ep.
1237 597 1334 638 192.

731 694 758 727 P
782 693 814 726 R
837 693 867 725 A
889 690 918 724 E
941 690 969 723 F
993 689 1024 722 A
1047 687 1080 721 T
1106 687 1123 719 I
1147 686 1175 718 O

205 768 413 828 Virgilius
442 781 606 824 magno
633 770 857 820 quantum
889 757 1103 802 concessit
1133 755 1352 810 Homero,

286 827 487 871 Tantum
517 838 596 881 ego
631 819 815 878 Virgilio
847 818 965 860 Naso
999 822 1133 874 poeta
1166 829 1284 857 meo.

205 886 294 929 Nec
316 899 387 927 me
405 881 652 942 praelatum
672 877 804 936 cupio
823 876 905 917 [ibi
925 873 1043 917 ferre
1063 880 1213 932 poeta.

291 942 472 1000 Ingenio
495 945 673 982 tanturn
699 936 734 978 si
752 934 942 991 loquor,
973 931 1061 973 hoc
1081 931 1183 973 satis
1206 938 1283 988 est.

207 1003 478 1058 Argumenta
499 995 681 1061 qnidem
700 992 925 1035 librorum
949 990 1099 1045 prima
1118 988 1284 1042 notavi,
1700 989 1728 1032 5

295 1057 511 1100 Errorem
531 1066 710 1110 ignarus
732 1065 788 1092 ne
806 1049 904 1107 quis
930 1047 1092 1090 babere
1113 1053 1261 1105 queat.

206 1116 277 1160 Bis
301 1114 459 1173 quinos
480 1111 698 1169 legerent,
729 1108 835 1158 feci,
867 1121 980 1163 quos
1002 1107 1198 1148 carmine
1214 1119 1385 1158 versus,

295 1170 505 1215 Aeneidos
526 1175 676 1211 totum
698 1180 862 1224 corpus
887 1172 934 1207 ut
954 1179 1046 1206 esse
1063 1170 1241 1221 putent.

209 1230 411 1274 Adfirmo
432 1227 644 1285 gravitate
663 1240 781 1277 mea,
812 1238 885 1265 me
907 1219 1240 1265 criminenullo

294 1287 465 1332 Livoris
486 1284 670 1328 titulum
689 1281 1001 1341 praeposuisse
1021 1278 1114 1322 tibi.
1678 1281 1732 1337 10

698 1386 919 1421 PRIMI
963 1384 1257 1428 LIBRI*)'

214 1462 291 1504 Vir
309 1473 498 1517 magnus
522 1457 660 1510 bello,
697 1456 811 1514 nulli
833 1456 997 1514 pietate
1018 1455 1240 1498 secundus

210 1520 396 1571 Aeneas,
431 1516 541 1560 odiis
563 1515 748 1558 Iunonis
768 1530 949 1574 pressus
969 1514 1164 1572 iniquae,

211 1577 382 1622 ltaliam
403 1589 617 1633 quaerens
638 1573 793 1616 Siculis
814 1573 977 1616 erravit
996 1573 1041 1614 in
1066 1571 1209 1619 undis.

213 1636 401 1677 Iactatus
418 1632 598 1675 tandem
620 1632 787 1689 Libyae
807 1631 1012 1689 pervenit
1032 1630 1083 1672 ad
1106 1645 1230 1682 oras3

215 1693 488 1749 ignarusque
511 1688 619 1742 loci,
650 1689 740 1731 fido
762 1689 999 1731 comitatus
1024 1687 1203 1738 Achate,
1443 1685 1448 1690 ’
1510 1711 1522 1715 -
1683 1690 1737 1734 15

216 1749 382 1792 Indicio
410 1748 565 1790 matris
592 1762 785 1803 regnum
810 1747 1021 1804 cognovit
1052 1746 1211 1789 Elisae.

219 1807 340 1860 Quin
371 1806 499 1849 etiam
525 1804 686 1847 nebula
717 1812 868 1863 septus
898 1805 1106 1863 pervenit
1131 1804 1184 1848 ad
1212 1802 1392 1857 arbem,

222 1865 531 1921 Abreplosque
558 1863 686 1905 undis
713 1863 854 1905 socios
882 1878 987 1905 cum
1012 1862 1148 1905 classe
1174 1863 1353 1920 recepit.

225 1922 515 1979 Hospitioque
542 1935 647 1962 usus
671 1920 809 1963 Didus
837 1936 920 1979 per
945 1927 1105 1963 cuncta
1137 1919 1366 1977 benignae,

224 1980 458 2022 Excidium
492 1978 653 2021 Troiae
683 1979 827 2022 iussus
859 1993 1042 2022 narrare
1069 1978 1268 2037 parabat.
1500 2026 1503 2028 ,
1672 1982 1741 2028 «20

800 2083 1143 2120 SECUNDI

226 2154 488 2198 Conticuere
518 2169 687 2196 omneS.
746 2154 879 2198 Tunc
910 2155 969 2198 sic
999 2154 1277 2199 fortissimus
1307 2153 1443 2198 heros

227 2213 328 2255 Fata
358 2213 603 2254 recensebat
634 2211 815 2263 Troiae,
846 2228 1058 2271 casusque
1089 2228 1303 2256 suorum:

227 2270 413 2312 Fallaces
445 2270 625 2311 Graios:
665 2270 960 2327 simulataque
991 2272 1108 2315 dona
1133 2272 1380 2315 Minervae:

230 2328 462 2370 Lauconlis
491 2342 704 2385 poenam,
736 2328 962 2371 laxantem
996 2330 1184 2373 claustra
1216 2330 1460 2372 Sinonem:

230 2386 476 2437 Somnum,
508 2400 597 2441 quo
633 2387 830 2428 monitus
862 2396 1090 2445 acceperat
1124 2388 1346 2439 Hectoris,
1377 2393 1560 2432 atrum&
1687 2386 1745 2431 25

232 2445 323 2485 lam
354 2443 556 2485 flammas
599 2443 724 2495 caeli,
763 2444 964 2496 Troum,
1006 2447 1265 2504 patriaeque
1296 2445 1461 2497 ruinam,
1678 2456 1686 2465 ‘

234 2500 288 2542 Et
316 2501 428 2556 regis
460 2500 620 2542 Priami
653 2499 799 2543 fatum
830 2503 1080 2546 miserabile
1110 2519 1314 2562 semper:
1512 2532 1514 2534 v

232 2557 596 2616 Impositumque
621 2566 797 2616 patrem
823 2559 960 2602 collo:
989 2561 1237 2619 dextraque
1258 2560 1539 2621 prehensum

279 2661 306 2705 ⁸)
332 2662 441 2694 Deest
460 2661 496 2694 in
518 2661 594 2695 aliis
614 2662 810 2707 praefati03
837 2669 872 2696 et
891 2664 958 2696 ad-
1016 2672 1171 2700 mentum
1193 2666 1299 2713 primi
1325 2667 1354 2710 1.Ι
1374 2666 1411 2700 in
1438 2677 1482 2700 eo
1510 2664 1768 2700 desideratura

233 2709 363 2754 scripta
385 2708 527 2752 singulis
543 2709 641 2742 libris
662 2717 864 2754 argumenta
883 2723 959 2744 cum
1021 2713 1117 2757 Wr.)

233 2756 427 2790 Modestini
446 2756 515 2788 ICti
530 2756 686 2796 nomine3
711 2756 760 2790 sic
781 2757 865 2789 etin
888 2759 960 2790 Ba-
1063 2762 1107 2795 21
1140 2763 1232 2795 Tam
1252 2761 1395 2795 Viecht.

234 2803 289 2837 sil.
323 2803 402 2836 edd.
431 2803 567 2835 Fabric.
616 2805 661 2835 Et
685 2803 721 2836 in
748 2804 826 2836 cod.
858 2806 959 2837 Rom.
1064 2809 1111 2842 22
1132 2810 1283 2854 patriae
1297 2810 1342 2844 V.

235 2850 327 2905 apud
344 2852 477 2883 Bottar.
492 2851 616 2895 p.205.
641 2849 818 2893 (varietas
830 2850 961 2884 lectio—
1065 2853 1112 2889 24
1134 2857 1312 2890 Lac-ontis
1334 2856 1380 2891 V.

234 2909 287 2930 ms
306 2908 324 2929 e
343 2897 640 2930 eod.Viecbtiano
653 2904 813 2930 enotatur
828 2897 863 2930 in
874 2901 962 2931 See—
1066 2903 1112 2936 26
1138 2904 1317 2948 flammas
1351 2903 1475 2946 caeli,
1523 2912 1616 2947 quae
1654 2898 1754 2934 caelo

234 2943 335 2977 bodii
357 2945 495 2978 Archiv
512 2942 583 2989 siit
612 2944 744 2978 Plzilol.
766 2945 843 2978 und
864 2946 963 2978 Pae-
1022 2945 1129 2988 ibant,
1155 2950 1199 2982 ad
1225 2950 1359 2984 caelum
1377 2949 1580 2996 surgebant.
1594 2948 1620 2981 f.
1635 2949 1756 2994 flam-

239 2991 374 3038 dagog.
412 2991 494 3025 Vol.
516 2992 541 3025 Ι.
570 3004 606 3036 p.
636 2992 716 3027 692.
747 3003 799 3036 sq.
848 2994 964 3036 Argu·
1022 3006 1100 3028 mas
1111 2997 1163 3030 Ili
1179 3003 1240 3030 aut
1251 2998 1440 3043 flammas,
1461 2996 1594 3032 caedes
1607 2996 1755 3030 Troum.
