1734 3320
184 173 288 225 574
518 175 573 225 P.
610 175 969 227 VIRGILII
1003 142 1387 228 MAR‘ONIS

184 299 399 351 Arduus
430 299 497 350 ad
521 300 694 351 solem
711 342 724 366 ,
763 310 816 351 et
833 301 1027 367 linguis
1046 303 1209 352 micat
1233 318 1328 352 ore
1351 301 1591 354 trisulcis,

253 371 577 435 Morborum
599 389 820 440 quoque
840 381 894 422 te
912 389 1115 423 caussas
1133 382 1186 423 et
1200 373 1348 439 signa
1369 372 1600 434 docebo,
1616 376 1721 426 440

257 470 374 519 439.
411 481 587 516 SOLEM
621 483 687 516 ET
764 459 884 516 ORA'

188 608 259 631 ova
279 596 513 642 relinquens,
545 596 703 630 Arduus
730 595 780 629 ad
807 596 920 630 solem
942 596 1084 642 linguis
1111 597 1223 630 micat
1250 608 1317 630 ora
1335 596 1511 630 trisulcis.
1559 596 1612 629 Ita
1629 596 1721 630 bene

185 644 418 678 conveniunt:
445 644 612 677 volvitur
631 652 697 677 aut
714 644 834 677 micat.
883 643 920 678 Si
937 643 1169 688 pertinaciter
1187 643 1378 677 lectionem
1393 643 1570 688 vulgatam
1590 643 1721 677 defen-

186 691 270 733 das,
297 691 483 725 dicendum
516 697 591 733 est,
617 690 739 735 priore
767 689 850 724 loco
881 691 1046 724 omissum
1080 702 1157 724 esse
1184 698 1272 732 aut,
1306 697 1342 724 et
1357 690 1444 736 poni
1461 698 1624 737 tempora
1645 692 1722 725 tria

185 739 356 773 diversa:
383 751 487 783 quum
507 743 568 771 aut
584 749 695 771 novus
718 737 891 783 depositis
911 737 1043 771 exuviis
1056 764 1064 780 ,
1091 744 1152 771 aut
1169 737 1546 784 catulosxrelinquenffi
1580 744 1640 772 aut
1658 750 1721 772 re—

184 786 348 831 linquens
370 798 455 826 ova,
481 785 671 831 apricatur.
698 786 793 830 (Non
812 797 881 819 uno
903 786 1010 819 modo
1030 785 1148 831 lapsus
1167 791 1222 818 est
1244 785 1280 818 h.
1301 784 1328 818 l'.
1345 785 1412 819 Vir
1429 788 1600 820 Summus.
1639 785 1722 819 Pri-

185 846 279 867 mum
307 833 484 877 iungenda
513 833 621 866 haec:
662 832 837 867 Volvitur
865 833 1011 866 arduus
1034 834 1083 866 ad
1108 833 1240 874 solem3
1265 844 1381 877 neque
1403 832 1496 866 enim
1517 832 1646 878 copula
1664 839 1722 867 tot

186 880 304 916 verbis
327 880 558 925 postponitur
581 893 601 914 a
619 879 795 924 Virgilio;
833 892 941 925 quare
965 892 1099 914 comma
1126 886 1211 925 post
1240 880 1351 914 solem
1376 879 1493 926 posui.
1542 882 1633 914 Tum
1651 892 1720 914 ne·-

186 929 283 969 scio‚
311 940 378 972 qua
400 927 616 961 auctoritate
647 940 714 962 ora
733 927 908 961 invexerit
934 927 1105 973 Heynius.
1153 928 1392 970 Burmannus,
1425 928 1722 972 quemadmodum

185 976 223 1009 in
243 975 408 1008 Mediceo
440 982 576 1016 exstat,
603 987 666 1009 ore
694 975 875 1015 exhibuit3
908 975 967 1021 qui
997 987 1102 1020 quum
1126 975 1257 1008 nullam
1287 974 1452 1009 lectionis
1479 974 1722 1009 diversitatem

186 1029 454 1064 commemoret,
487 1022 545 1056 vix
566 1028 689 1068 potest
714 1022 889 1064 dubitari,
925 1022 1008 1068 quin
1037 1023 1072 1055 in
1100 1022 1201 1056 libris
1226 1021 1336 1068 ipsius
1361 1022 1570 1068 Heinsiique
1587 1022 1722 1056 lectum

184 1070 292 1103 fuerit
312 1083 393 1111 ore3
420 1083 484 1103 ore
502 1070 605 1103 etiam
625 1069 776 1103 Parisini
800 1070 903 1104 codd.
934 1082 1054 1103 omnes
1074 1077 1109 1104 et
1128 1077 1275 1115 uterque
1294 1070 1405 1116 Lips.,
1441 1069 1528 1103 item
1545 1070 1722 1104 editiones

185 1125 344 1159 veteres,
371 1129 460 1163 quae
481 1117 568 1150 mihi
589 1117 635 1150 ad
653 1130 791 1151 manum
812 1124 924 1159 erant,
953 1130 1084 1151 omnes.
1133 1118 1277 1150 Frustra
1297 1117 1406 1162 igitur
1428 1117 1598 1151 laborant
1615 1119 1721 1152 Voss.

184 1164 374 1200 Wunderl.
395 1173 430 1198 et
448 1165 590 1198 Iahnius
610 1165 645 1198 in
668 1165 856 1199 manifesto
879 1165 1077 1211 sphalmate
1092 1164 1147 1198 vel
1170 1164 1390 1207 refellendo,
1414 1164 1469 1200 vel
1486 1176 1722 1210 propugnan-

186 1213 245 1246 do.
286 1212 391 1254 Quod
413 1219 529 1245 autem
547 1212 706 1258 Heynius
726 1221 793 1246 aut
816 1225 887 1246 ova
911 1212 947 1245 in
968 1221 1078 1258 atque
1097 1225 1168 1246 ova
1193 1218 1364 1246 mutatum
1383 1212 1469 1254 vult,
1494 1212 1592 1246 nullo
1612 1212 1721 1249 modo

183 1260 334 1306 probari
363 1266 504 1306 potest,
539 1272 644 1306 quum
675 1260 781 1294 catuli
807 1266 911 1294 antea
943 1266 1271 1294 commemorentur.
1319 1263 1366 1294 At
1385 1266 1536 1305 possunt
1554 1260 1658 1294 simul
1683 1260 1722 1294 in

185 1307 360 1353 serpentis
383 1307 486 1341 fovea
515 1314 551 1341 et
578 1307 685 1341 catuli
707 1315 741 1341 et
769 1319 835 1341 ova
853 1307 1009 1341 nondum
1041 1307 1182 1341 exclusa
1209 1307 1371 1341 inveniri.

1422 1309 1556 1342 Verum
1575 1307 1612 1340 id
1638 1307 1722 1353 qui-

184 1355 285 1397 dem3
313 1355 376 1388 sed
395 1354 498 1388 nimis
518 1355 588 1389 hoc
608 1355 699 1388 exile
718 1367 758 1388 ac
779 1363 883 1388 tenue
903 1366 970 1401 pro
993 1354 1097 1388 huius
1116 1354 1187 1388 loci
1206 1354 1358 1389 ratione.
1394 1354 1514 1389 Facile
1535 1355 1721 1398 concedas,

184 1403 392 1438 alterutrum
414 1402 610 1437 desiderari
632 1414 757 1448 posse;
798 1402 862 1436 sed
890 1410 1032 1436 ornatus
1053 1415 1156 1436 causa
1173 1402 1263 1436 haec
1282 1401 1510 1437 cumulantur.
1558 1403 1734 1446 Ceterum·

184 1450 255 1484 vid.
276 1451 360 1484 Not.
389 1452 447 1485 W
444 1449 487 1494 r.)

583 1449 653 1486 439
679 1458 715 1484 et
738 1450 840 1484 abest
857 1462 877 1483 a
893 1450 994 1483 Leid.
1018 1457 1053 1484 et
1074 1449 1171 1485 Toll.

184 1510 235 1532 vs.
259 1497 420 1544 proxime
442 1510 700 1543 praegressum.
737 1498 835 1542 lVr.)
894 1498 993 1531 Idem
1013 1497 1136 1532 versus
1164 1499 1250 1532 Aen.
1271 1498 1313 1540 ΙΙ,
1337 1496 1418 1534 475.

1222 1463 1285 1484 ore
1304 1450 1378 1484 Erf.
1417 1449 1502 1495 (vid.
1518 1456 1646 1484 notata
1676 1449 1722 1485 ad

1496 1491 1501 1499 ⁸
1512 1496 1584 1533 440
1608 1509 1721 1532 caus-

185 1558 259 1580 sas.
308 1545 393 1578 Cum
414 1546 621 1579 morborum
639 1557 778 1580 caussas
798 1552 907 1591 poeta
926 1557 998 1579 non
1019 1545 1206 1591 expediat,
1231 1545 1295 1579 sed
1314 1544 1490 1580 remedia:
1514 1547 1566 1579 Io.
1587 1545 1722 1580 Schra-

185 1593 260 1627 der.
288 1592 454 1627 emendat
462 1619 472 1636 ,
497 1605 620 1627 curas.

678 1593 793 1628 Nimis
824 1605 947 1626 severe
976 1592 1013 1626 in
1039 1600 1156 1639 poeta.
1203 1592 1343 1638 (quidni
1375 1592 1569 1628 causas?
1600 1591 1721 1631 statim

186 1640 397 1686 exponitur,
441 1641 534 1674 unde
562 1640 717 1674 scabiem
743 1640 958 1674 contrahant
981 1651 1077 1675 oveS.
1121 1640 1221 1685 Wr.)

186 1749 262 1788 alia
276 1749 454 1802 ovipara.
484 1748 627 1787 Melius
640 1755 791 1798 tamen,
814 1748 926 1800 quod

186 1807 318 1846 cerda
346 1813 387 1846 et
416 1807 504 1856 alii,
546 1821 623 1846 ova
660 1813 732 1845 aut
769 1807 925 1849 catulos

183 1867 265 1905 iam
306 1865 392 1905 ovis
432 1864 629 1904 exclusos.
677 1863 777 1919 (vid.
806 1865 854 1904 V.
883 1866 926 1904 L.

191 1926 262 1964 JV
255 1922 304 1979 r.)
365 1925 553 1963 Ceterum
577 1924 609 1962 si
636 1930 809 1975 uterque
830 1936 928 1962 ver-

186 1997 253 2021 sus
283 1982 336 2020 ad
377 1997 506 2022 unum
549 1982 737 2033 idemque
774 1988 932 2034 tempus

184 2047 426 2091 revocatur,
468 2054 627 2079 necesse
662 2047 743 2091 est,
783 2053 929 2078 secun-

187 2100 285 2138 dum
314 2106 477 2153 poetam
516 2106 703 2138 nostrum
724 2129 735 2149 ,
783 2104 830 2138 ut
858 2111 930 2137 eo·-

186 2159 278 2197 dem
308 2165 492 2212 tempore
524 2172 687 2211 serpens
722 2163 762 2196 et
781 2157 927 2210 pellem

186 2224 312 2256 exuat
343 2223 385 2255 et
420 2217 556 2270 pariat
575 2231 653 2256 ova
677 2222 749 2255 aut
771 2216 928 2254 catulos

187 2276 353 2315 educet:
386 2289 488 2327 quae
520 2290 573 2314 an
592 2288 689 2315 vere
711 2275 768 2313 ita
789 2287 829 2313 se
848 2273 927 2313 ha-

185 2334 332 2384 beant,
371 2348 455 2373 non
481 2335 652 2386 reperio.
714 2335 926 2386 Serpentes

186 2394 315 2432 fetum
356 2405 452 2431 vere
501 2398 742 2445 conceptum
790 2405 925 2430 mense

186 2450 370 2503 Augusto
406 2451 548 2501 edere,
590 2451 765 2504 spolium
789 2457 925 2489 autem

186 2509 318 2548 hieme
351 2509 539 2562 depulsa,
581 2523 661 2561 qua
688 2509 763 2547 sub
795 2508 923 2548 humo

185 2569 407 2616 latuerant,
436 2567 702 2606 incalescente
721 2567 823 2617 sole,
857 2568 925 2606 in-

187 2626 351 2666 terdum
366 2632 503 2664 tamen
515 2633 555 2664 et
569 2632 789 2665 auctumno
805 2639 924 2664 exue-

188 2698 256 2735 re,
295 2691 576 2723 memorantur
603 2685 652 2722 ab
681 2684 851 2722 Aristot.
871 2684 922 2722 H.

187 2743 321 2783 Anim.
344 2743 412 2781 lib.
443 2743 489 2792 V,
520 2749 623 2781 extr.
642 2742 753 2791 VIII,
779 2742 845 2791 15,
873 2741 923 2780 al.

193 2805 260 2845 17.
290 2801 357 2854 qui
378 2801 492 2840 locus
511 2801 561 2839 de
579 2800 815 2858 vernatione
837 2813 925 2838 ser-

188 2866 358 2914 pentum
379 2865 438 2898 est
461 2859 658 2898 classicus.
693 2858 795 2897 Vide
814 2871 927 2896 nunc

189 2918 423 2958 Schneider.
464 2916 720 2971 Physiologia
766 2916 926 2970 amphi-

187 2978 290 3017 bior.
321 2977 529 3030 Specimen
559 2977 598 3028 Ι,
632 2989 721 3030 pag.
755 2978 820 3017 12.
860 2977 925 3016 13.

982 1748 1123 1799 Itaque
1143 1754 1324 1787 statuere
1352 1747 1513 1798 malim,
1553 1761 1637 1787 non
1668 1747 1721 1787 ad

984 1820 1113 1845 unum
1139 1813 1301 1859 tempus
1340 1805 1442 1845 haec
1475 1819 1559 1845 esse
1597 1819 1722 1847 revo-

985 1865 1114 1903 canda
1133 1895 1144 1915 ,
1183 1865 1254 1903 sed
1293 1864 1452 1904 diversa
1491 1865 1720 1916 memorari,

984 1923 1025 1963 h.
1047 1937 1078 1962 e.
1113 1923 1294 1962 diversas
1310 1937 1470 1963 caussas
1500 1930 1542 1963 et
1558 1930 1721 1977 tempo-

989 1997 1057 2031 ra,
1089 1983 1236 2034 quibus
1259 1995 1279 2020 e
1304 1981 1488 2021 cavernis
1517 1982 1721 2035 prodeant

989 2041 1042 2079 ad
1060 2040 1313 2080 iracundiam
1341 2040 1561 2093 proclives;
1592 2054 1721 2092 quum

986 2100 1171 2139 volvitur
1191 2097 1297 2154 (aut)
1319 2114 1449 2139 novus·
1465 2101 1623 2138 exuviis
1634 2114 1720 2151 po—

987 2161 1090 2208 sitis,
1125 2166 1198 2196 aut
1217 2159 1444 2211 relinquens
1457 2158 1627 2207 catulos,
1647 2165 1721 2196 aut

985 2218 1214 2269 relinquens·
1235 2230 1328 2256 ova.
1380 2215 1467 2270 (sed
1496 2215 1582 2255 vid.
1600 2215 1650 2264 Q.
1670 2215 1720 2256 V.

983 2276 1169 2324 XXXX,
1200 2277 1239 2317 3.
1283 2273 1405 2329 Wr.)
1467 2273 1565 2317 439.
1591 2274 1719 2313 Com-

983 2333 1162 2374 muniori
1194 2333 1354 2372 ratione
1397 2335 1524 2384 micat
1559 2333 1718 2384 lingua,

985 2393 1084 2432 dum
1111 2391 1295 2430 celeriter
1320 2397 1533 2440 movetur,
1577 2391 1720 2430 vibra-

982 2458 1054 2491 tur
1066 2466 1076 2502 3
1109 2450 1281 2500 doctius,
1312 2464 1472 2501 serpens
1497 2451 1623 2488 micat
1634 2451 1718 2488 lin-

979 2512 1078 2562 guis
1103 2509 1146 2547 in
1173 2523 1252 2547 ore.
1324 2508 1430 2546 Tum
1468 2507 1623 2546 arduus
1661 2507 1722 2546 ad

982 2569 1130 2616 solem,
1180 2572 1339 2605 erectus
1367 2565 1420 2604 ad
1441 2565 1617 2616 caelum,
1648 2564 1720 2604 sed

982 2640 1076 2665 cum
1104 2625 1280 2674 dilectu,
1327 2624 1380 2663 ad
1414 2624 1559 2675 solem,
1604 2624 1719 2662 cuius

981 2684 1114 2723 calore
1144 2689 1365 2725 recreatur.
1425 2683 1623 2722 Iunctura
1639 2688 1716 2721 est:

982 2743 1178 2792 volvitur,
1209 2740 1250 2780 h.
1277 2754 1310 2780 e.
1335 2741 1469 2781 volvit
1486 2754 1548 2791 se,
1579 2748 1617 2779 et
1636 2742 1718 2778 mi-

982 2808 1050 2838 cat
1077 2800 1241 2839 ardua-9.
1263 2823 1312 2829 —
1355 2798 1452 2842 440.
1491 2799 1548 2837 De
1566 2798 1718 2838 morbis

985 2859 1123 2898 ovium
1136 2859 1183 2897 cf.
1193 2858 1324 2897 Varro
1341 2858 1390 2897 R.
1404 2858 1453 2897 R.
1471 2857 1521 2908 Π,
1537 2859 1574 2908 1,
1593 2859 1646 2898 21
1659 2870 1718 2908 sq.

983 2916 1400 2956 Animadvertendum
1411 2946 1422 2966 ,
1454 2930 1559 2969 quae
1577 2917 1718 2955 cuius-

985 2991 1062 3029 que
1092 2976 1221 3014 morbi
1247 2977 1329 3014 sint
1355 2989 1526 3014 caussae
1542 3004 1554 3025 ,
1589 2987 1717 3027 quae-
