1768 3320
245 214 353 250 XCII

251 331 491 371 citarentur.

663 199 810 250 TIB.
859 197 965 249 CL.
1014 195 1333 247 DONATI

552 327 609 368 At
627 342 719 368 cum
740 328 879 368 Cicero
896 326 1094 380 quosdam
1111 339 1256 366 versus
1272 324 1463 375 audisset,
1494 330 1535 364 et
1553 325 1692 366 statim
1705 339 1768 371 aer

250 388 402 429 iudicio
429 387 694 427 intellexisset
725 401 808 428 non
831 386 1034 425 communi
1060 397 1166 424 vena
1192 383 1342 434 editos,
1372 382 1490 436 iussit
1511 384 1562 423 ab
1581 385 1700 425 initio
1712 386 1768 427 to·

252 453 341 488 tam
357 448 534 499 eclogam
556 445 738 485 recitari:
769 459 890 498 quam
915 458 1005 483 cum
1026 448 1215 482 accurate
1232 448 1510 495 pernotasset,
1550 443 1592 483 in
1613 443 1694 483 fine
1715 445 1768 485 ait

254 509 450 559 Magnae
487 519 580 557 spes
617 506 748 543 altera
778 505 953 542 Romae.

1025 501 1153 550 Quasi
1181 501 1265 554 ipse
1298 500 1459 554 linguae
1489 501 1658 542 Latinae
1685 514 1768 559 *spe

251 566 384 619 prima
411 563 567 614 fuisset,
598 569 639 601 et
656 562 771 602 Maro
801 563 965 601 futurus
991 566 1093 599 esset
1111 559 1301 599 secunda.
1361 559 1479 610 Quae
1504 560 1632 601 verba
1647 568 1768 615 poste*

193 622 242 659 42
252 622 424 664 Aeneidi
448 623 533 674 ipse
564 621 746 660 inseruit.

807 620 1021 672 Georgica,
1052 632 1215 658 reverso
1249 618 1299 658 ab
1322 616 1487 659 Actiaca
1504 619 1679 660 victoria
1695 619 1768 661 Au-

252 688 396 736 gusto,
437 686 556 732 atque
584 678 897 719 reficiendarum
925 677 1107 717 saucium
1149 691 1270 716 causa
1308 675 1466 717 Atellae
1501 680 1768 720 commoranti

252 754 326 794 per
344 739 587 779 continuum
606 737 873 790 quatriduum
887 737 982 789 legit
993 767 1004 786 ,

194 802 362 850 430em‚
394 797 553 851 quoties
578 796 906 849 interpellaretur
940 794 1024 848 ipse
1051 794 1164 834 vocis
1197 794 1428 836 offensione.

1035 735 1278 789 suscipiente
1295 735 1528 777 Maecenate
1541 738 1700 792 legendi
1717 739 1768 779 vi-

1486 796 1768 837 Pronuntiaba

194 861 393 899 44autem
420 856 597 895 maxima
628 869 721 894 cum
747 854 968 903 suavitate,
1000 859 1042 892 et
1068 853 1279 893 lenociniis
1294 854 1419 895 miris.
1478 856 1630 895 Seneca
1649 856 1768 909 tradis

252 917 334 967 dit,
373 914 521 955 Iulium
554 913 796 952 Montanum
825 918 988 966 poetam
1022 912 1191 952 solitum
1221 912 1355 952 dicere
1374 944 1387 965 ,
1429 913 1713 955 involaturum
1740 911 1768 961 d

248 972 446 1027 quaedam
465 972 651 1025 Virgilio,
683 971 716 1010 si
733 984 877 1010 vocem
894 977 1050 1024 posset,
1093 977 1135 1010 et
1152 985 1217 1022 os,
1257 977 1299 1011 et
1315 970 1590 1026 hypocrisim:
1621 973 1768 1015 eosden

248 1033 356 1074 enim
374 1045 538 1082 versu8,
570 1044 616 1070 eo
637 1030 955 1084 pronuntiante,
995 1030 1098 1070 bene
1124 1043 1287 1084 sonare,
1313 1030 1400 1071 sine
1424 1031 1516 1084 illo,
1545 1032 1768 1090 inarescere

245 1091 359 1145 quasi
377 1095 522 1131 mutos.

247 1215 306 1242 tro
329 1204 499 1241 versibus
522 1205 688 1254 Virgilii,
714 1205 879 1240 surrexit
896 1205 984 1239 uni-

245 1266 378 1290 versus
410 1261 448 1288 et
481 1252 588 1300 sorte
622 1262 858 1300 praesentem
895 1265 982 1300 spe-

244 1309 474 1347 etantemque
489 1301 687 1348 Virgilium
705 1309 908 1335 veneratus
928 1308 984 1333 est

245 1350 319 1391 sic,
343 1349 452 1394 quasi
468 1351 692 1395 Augustum.
735 1347 981 1381 Recitationes

244 1396 379 1430 Romae
400 1394 438 1428 in
453 1396 594 1429 theatro
611 1395 725 1429 factas
745 1407 834 1438 esse,
859 1395 978 1429 aliun-

244 1443 289 1476 de
308 1443 403 1476 haud
425 1449 581 1484 constat3
609 1449 645 1476 et
661 1443 763 1485 loca,
803 1455 822 1476 e
850 1442 976 1488 quibus

242 1490 280 1523 id
301 1490 488 1535 probatum
506 1490 615 1533 ivere,
639 1490 697 1524 vix
716 1490 978 1524 dubitationem

241 1537 385 1570 tollunt.
443 1538 535 1572 Nam
567 1537 684 1571 locum
720 1537 836 1572 Ovidii
865 1537 976 1572 Trist.

241 1586 287 1628 V,
308 1586 342 1628 7,
365 1585 411 1620 25
439 1586 610 1619 Carmina
634 1586 734 1631 quod
756 1586 871 1633 pleno
896 1586 977 1620 sal—-

242 1633 320 1666 tari
352 1640 484 1667 nostra
513 1633 680 1676 theatro,
727 1632 907 1668 Versibus
940 1641 978 1667 et

234 1679 374 1727 plaudi
413 1678 558 1722 scribis,
611 1681 742 1723 amice,
784 1681 894 1722 meis,
929 1680 975 1714 de

239 1725 370 1759 Medea
387 1726 539 1772 intelligi
556 1739 664 1773 posse
684 1728 815 1761 docere
835 1728 977 1762 videtur

240 1772 331 1807 alter
352 1772 449 1807 locus
466 1776 527 1808 Tr.
545 1776 596 1817 11,
626 1775 707 1811 519.
725 1775 796 1811 520
820 1779 870 1809 Et
894 1788 976 1809 mea

240 1828 331 1854 sunt
354 1821 494 1867 populo
523 1822 665 1856 saltata
686 1831 862 1869 poemata
886 1835 975 1857 sae—

235 1879 304 1914 pe3
342 1869 460 1914 Saepe
488 1870 614 1903 oculos
642 1872 754 1903 etiam
780 1871 975 1904 detinuere

239 1922 379 1948 tuos—
390 1915 454 1949 etsi
472 1928 559 1961 quae
577 1924 778 1962 sequuntur,
791 1918 973 1964 Mlequi-

240 1961 321 1994 dem
339 1960 440 2009 seci,
471 1971 512 1996 tu
539 1965 611 1998 scis
641 1965 710 1999 lzoc
736 1966 835 2012 ipse,
860 1965 972 1999 thea-

242 2010 332 2042 tris:
368 2009 557 2044 obscurant
582 2023 668 2045 rem.
715 2013 771 2046 Ad
791 2012 882 2046 haec
909 2019 970 2046 ta-

239 2067 321 2088 men
344 2058 578 2101 respondeas:
611 2059 738 2092 saltem
759 2060 829 2094 hoc
853 2060 970 2105 ipsum

240 2103 436 2148 exemplum
452 2131 460 2146 ,
489 2106 584 2150 quod
602 2106 646 2139 de
664 2106 807 2152 Virgilii
822 2107 970 2141 Bucoli—

239 2149 290 2183 cis
309 2158 543 2195 memoratur,
570 2153 654 2187 satis
675 2166 751 2188 esse
771 2155 816 2188 ad
834 2167 971 2188 morem

238 2197 449 2232 testandum.
492 2201 588 2234 Haec
606 2200 673 2234 nisi
694 2209 822 2244 essent,
848 2202 970 2247 suspi-

239 2256 358 2286 carer,
395 2258 437 2279 ex
460 2247 532 2281 Ecl.
559 2249 629 2291 VJ,
654 2250 701 2284 66
740 2251 862 2296 thue
888 2251 970 2284 viro

238 2290 381 2325 Phoebi
408 2294 543 2328 chorus
569 2299 817 2331 assurrexerit
857 2298 973 2331 omnis

239 2337 397 2383 lepidum
414 2340 592 2374 hominem
618 2343 710 2376 hanc
731 2344 972 2378 narrationem

240 2385 285 2418 de
315 2386 417 2420 Gallo
455 2388 489 2421 in
514 2388 702 2434 Virgilium
733 2398 856 2436 argute
882 2404 973 2426 con-

237 2432 334 2466 ferre
369 2433 437 2467 sibi
462 2435 571 2469 visum
601 2450 689 2471 esse.
739 2440 845 2480 Quod
871 2439 971 2473 Ovid.

238 2479 347 2513 Trist.
366 2482 427 2524 IV,
453 2484 508 2525 10,
532 2482 578 2518 54
594 2486 758 2519 carmina
776 2498 815 2519 se
828 2488 970 2533 populo

238 2526 420 2561 iuvenilia
449 2529 582 2574 legisse
611 2532 681 2574 ait,
707 2533 752 2566 ad
781 2533 970 2567 recitatio-

235 2584 300 2607 nes
324 2586 408 2608 saue
431 2583 580 2620 spectat,
599 2590 665 2612 nec
683 2580 849 2614 tamenin
865 2581 970 2615 thea-

234 2626 292 2653 tro
322 2621 453 2656 sactum
482 2636 557 2658 esse
583 2637 726 2659 necesse
746 2634 811 2661 est.
858 2628 970 2662 Dice-

233 2678 357 2701 musne
380 2669 518 2703 mimum
536 2671 685 2717 aliquem
706 2673 742 2706 in
763 2686 868 2708 scena
884 2687 969 2709 ver—

235 2726 293 2748 sus
322 2727 340 2748 e
356 2717 528 2751 Bucolicis
549 2718 805 2764 interposuisse
837 2728 873 2755 et
888 2722 969 2756 lau—

233 2761 364 2797 dasse?
401 2765 470 2797 Iam
489 2777 572 2798 vero
592 2766 681 2799 illud
698 2779 836 2813 quoque
858 2776 969 2803 nota-

232 2809 326 2852 bile,
352 2811 448 2856 quod
467 2811 535 2845 iam
554 2813 734 2847 Ciceronis
762 2822 878 2849 aetate
899 2818 970 2850 mi-

233 2868 294 2890 ma
312 2856 350 2890 in
370 2870 474 2892 scena
488 2860 619 2893 Romae
639 2869 872 2904 memoratur3
893 2876 969 2897 cum

230 2903 441 2939 feminarum
458 2912 579 2951 partes
598 2906 792 2942 histriones
821 2916 857 2942 et
873 2910 970 2943 mimi

229 2959 387 2997 agerent.
445 2955 477 2987 A
512 2954 742 2997 grammatico
772 2956 860 2990 dicti
890 2966 971 2992 sunt

230 3006 413 3035 cantores.
446 2999 646 3036 Serioribus
664 3003 842 3038 aetatibus
862 3005 968 3039 etiam

1040 1204 1191 1240 feminas
1207 1204 1244 1240 in
1259 1217 1400 1240 scenam
1420 1205 1620 1251 prodiisse,
1647 1219 1691 1241 ex
1708 1207 1768 1242 Pa*

1040 1253 1177 1296 tribus,
1212 1265 1302 1300 quos
1325 1253 1565 1300 appellamus,
1600 1253 1768 1290 discimus*

1097 1302 1206 1347 quasi
1229 1302 1309 1356 ipse
1336 1313 1374 1349 n.
1403 1300 1540 1336 Cicero.
1598 1303 1664 1336 Est
1689 1302 1768 1337 hae«

1040 1349 1259 1394 grammatici
1290 1348 1465 1383 narrantis
1505 1349 1765 1396 interpretatio'

1040 1409 1129 1442 quae
1160 1403 1195 1430 et
1221 1409 1278 1442 ap.
1310 1396 1470 1431 Servium
1497 1397 1524 1431 l.
1550 1397 1575 1432 l.
1613 1397 1768 1432 habetur

1037 1444 1122 1478 Cum
1132 1443 1304 1478 Cicerone
1318 1444 1503 1490 indignam
1517 1444 1611 1480 hanc
1627 1444 1681 1479 sui
1697 1445 1768 1480 lau-

1037 1492 1119 1525 dem
1135 1498 1280 1537 putaret
1298 1493 1453 1527 Warton
1474 1491 1573 1574 (Life
1597 1491 1646 1540 of
1657 1494 1695 1528 V
1691 1493 1768 1540 irgL

1036 1552 1074 1586 p.
1095 1539 1156 1583 8.),
1182 1539 1472 1585 quandoquidem
1483 1541 1526 1575 Si
1542 1553 1646 1583 enus,
1667 1540 1768 1575 Eclo-

1035 1599 1081 1632 ga
1101 1594 1201 1620 sexta
1213 1613 1223 1630 ,
1246 1586 1396 1621 recitata
1418 1599 1496 1622 esse
1512 1587 1677 1631 traditur,
1695 1600 1768 1623 cre-

1036 1634 1129 1668 didit
1147 1634 1209 1668 ille
1222 1661 1232 1678 ,
1266 1646 1374 1680 posse
1391 1634 1524 1669 dictum
1553 1635 1624 1670 hoc
1641 1635 1691 1670 ita
1712 1648 1768 1670 ac-

1036 1681 1127 1728 cipi,
1166 1688 1224 1725 ut,
1267 1694 1345 1716 cum
1374 1681 1439 1716 illa
1469 1681 1602 1728 Ecloga
1631 1683 1768 1730 physici

1034 1729 1082 1763 sit
1102 1729 1314 1775 argumenti,
1334 1736 1417 1776 post
1433 1730 1638 1764 Lucretium
1651 1738 1768 1777 partes

1033 1777 1206 1811 secundas
1227 1778 1413 1812 Maronem
1441 1778 1668 1813 obtenturum
1697 1790 1768 1814 esse

1032 1824 1294 1870 significaverit.

1079 1874 1257 1907 inseruit:
1282 1874 1369 1906 Aen.
1390 1873 1474 1915 XII,
1502 1872 1571 1908 168
1589 1875 1641 1906 Et
1665 1873 1768 1908 iuxta

1029 1921 1239 1963 Ascanius,
1263 1932 1424 1967 magnae
1443 1932 1530 1968 spes
1550 1920 1676 1955 altera
1689 1923 1768 1956 Ro-

1029 1980 1122 2002 mae.

1077 2016 1109 2060 §.
1128 2013 1187 2050 42.
1211 2014 1364 2049 Atellae
1388 2015 1642 2049 commoranti.
1683 2014 1768 2050 Fal-

1028 2075 1104 2097 sum
1122 2062 1212 2104 hoc;
1234 2074 1316 2095 nam
1334 2074 1355 2095 a
1374 2074 1493 2108 pugna
1506 2061 1652 2096 Actiaca
1670 2061 1768 2096 redi-

1029 2122 1090 2144 ens
1120 2110 1250 2144 Caesar
1287 2108 1382 2143 ultra
1409 2109 1655 2153 Brundisium,
1699 2120 1768 2156 quo

1027 2161 1198 2192 Senatum
1216 2159 1329 2191 Roma
1346 2163 1567 2201 evocaverat,
1591 2169 1664 2191 non
1678 2169 1768 2202 pro-

1029 2204 1148 2239 cessit.
1182 2217 1215 2239 v.
1246 2203 1315 2238 Dio
1343 2205 1410 2248 LI,
1445 2204 1480 2240 4.
1510 2204 1605 2239 conf.
1633 2204 1698 2239 inf.
1724 2204 1768 2239 ad

1027 2253 1127 2295 7245
1158 2258 1350 2298 aegrotans
1374 2263 1461 2286 vero
1492 2251 1601 2286 rediit
1627 2251 1665 2286 in
1694 2253 1768 2287 Ita-

1028 2300 1114 2334 liam
1142 2313 1163 2334 a
1190 2312 1308 2346 pugna
1332 2299 1577 2345 Philippensi,
1621 2312 1652 2334 a.
1686 2301 1768 2344 712,

1029 2360 1150 2382 verum
1168 2354 1208 2381 ut
1226 2354 1263 2381 et
1290 2354 1362 2381 tum
1381 2346 1597 2392 aliquantum
1613 2346 1768 2381 Brundi-

1031 2395 1075 2429 sii
1096 2395 1319 2429 subsisteret.
1345 2394 1551 2440 cf.Appian.
1568 2406 1651 2440 pag.
1663 2395 1768 2431 1073.

1030 2444 1134 2478 1080.
1177 2442 1358 2476 Plutarch.
1391 2445 1523 2477 Anton.
1561 2454 1644 2487 pag.
1685 2441 1768 2479 925.

1027 2490 1098 2523 Dio
1126 2490 1299 2533 XLVIII,
1329 2491 1365 2527 3.
1400 2490 1495 2524 conf.
1530 2488 1616 2525 Vita
1640 2488 1767 2535 Virgil-

1026 2550 1057 2572 a.
1079 2537 1163 2574 724.
1762 2546 1765 2550 ’

1074 2586 1104 2630 §.
1121 2583 1180 2620 44.
1203 2584 1344 2618 Ianam
1362 2585 1597 2619 Montanum.
1632 2583 1767 2618 Heroi-

1026 2632 1113 2666 cais
1143 2638 1180 2666 et
1199 2631 1358 2677 elegiaca
1384 2630 1587 2676 scripserat.
1619 2626 1766 2665 *Ovidius

1027 2692 1070 2712 ex
1087 2681 1125 2713 P.
1146 2681 1208 2722 IV,
1239 2680 1294 2721 16,
1322 2680 1364 2714 11
1397 2680 1540 2725 Quique
1564 2678 1628 2713 vel
1640 2680 1765 2727 impa-

1025 2725 1129 2760 ribus
1144 2728 1322 2770 numeris,
1338 2727 1535 2768 Montane,
1560 2725 1624 2760 vel
1637 2726 1766 2773 aequis

1025 2773 1193 2818 Sufficit,
1226 2782 1263 2807 et
1281 2775 1427 2827 gemino
1453 2774 1615 2807 carmine
1631 2785 1765 2808 nomen

1027 2820 1151 2853 habes.
1186 2820 1347 2854 Meminit
1378 2820 1452 2853 eius
1478 2823 1614 2854 Seneca
1648 2819 1762 2865 Epist.

1027 2867 1162 2900 CXXII
1184 2866 1383 2902 Recitabat
1408 2868 1619 2901 Montanus
1641 2867 1765 2907 Iulius

1027 2927 1194 2957 carmen,
1218 2913 1424 2949 tolerabilis
1440 2923 1573 2960 poeta,
1611 2923 1648 2948 et
1669 2914 1764 2949 ami-

1027 2962 1118 2994 citia
1139 2961 1278 2995 Tiberii
1294 2970 1408 2996 notus
1436 2969 1474 2995 et
1484 2960 1647 3009 frigore.
1693 2961 1765 2996 Af-

1026 3008 1188 3043 seruntur
1208 3008 1343 3044 ibidem
1362 3020 1485 3044 versus
1511 3021 1553 3043 ex
1575 3020 1640 3053 eo,
1663 3008 1761 3043 tole-
