1734 3320
93 226 95 228 ,
167 168 271 218 560

508 166 564 216 Ρ.
600 165 739 217 VIR
752 165 884 215 GIL
897 165 956 214 II
999 164 1375 217 MARONIS

165 295 234 344 At
256 307 397 355 non,
436 308 542 359 qua
568 291 813 357 Scythiae
837 300 1049 357 genteS,
1086 291 1432 360 Maeotiaque
1454 290 1618 356 unda,

168 361 443 414 Turbidus
468 372 521 413 et
543 372 808 430 torquens
833 361 1076 412 flaventis
1095 363 1281 413 *Hister
1306 377 1516 426 arenaS,
1603 364 1707 414 350

169 437 397 501 Quaque
417 433 559 484 redit
578 433 825 483 medium
842 432 1121 501 Rhodope
1142 442 1392 500 porrecta
1415 432 1515 482 sub
1540 449 1706 485 axem.

166 504 281 555 Illic
308 503 479 554 clausa
502 513 695 554 tenen-t
717 503 935 554 stabulis
961 513 1230 566 armenta3
1268 520 1451 571 neque
1474 501 1614 554 ullae

166 578 274 626 Aut
292 575 496 625 herbae
520 591 711 641 campo
736 574 1020 641 adparent,
1060 583 1149 624 aut
1170 575 1364 625 arbore
1384 572 1636 625 frondes:

170 645 282 696 Sed
306 647 442 696 iacet
467 645 747 710 aggeribus
770 645 939 694 niveis
964 643 1214 695 informis
1240 654 1293 695 et
1318 644 1424 695 alto

170 720 339 767 Terra
362 716 487 782 gelu
512 716 641 780 late,
677 724 1003 783 septemque
1030 715 1265 781 adsurgit
1286 716 1342 765 in
1366 715 1536 767 ulnas,
1604 717 1708 767 355

171 789 402 854 Semper
422 787 624 851 hiemS,
663 803 883 853 semper
904 787 1166 854 spirantes
1185 784 1386 852 frigora
1411 785 1583 838 Cauri.

171 862 315 908 Tum
334 857 428 907 Sol
449 856 698 924 pallentis
720 856 868 907 haud
890 873 1156 925 umquam
1176 856 1392 908 discutit
1411 856 1657 907 umbras:

215 998 286 1036 349
311 998 479 1032 Maeotia
503 998 626 1032 Heins.
655 1011 733 1032 cum
757 999 988 1041 melioribus,
1025 1011 1129 1044 quem
1156 997 1249 1032 vide.

1298 998 1490 1032 Maeotica
1508 996 1631 1043 vulgo.
1656 997 1710 1042 (ut

172 1049 227 1082 11.
248 1045 326 1087 14.;
353 1057 464 1092 quas,
487 1046 550 1079 sed
569 1059 588 1079 s
604 1055 734 1092 puncto
757 1054 903 1090 notata,
937 1046 1067 1080 Medic.
1106 1045 1204 1091 Wr.)

1301 1045 1373 1082 350
1388 1047 1559 1091 fluentes
1583 1046 1708 1078 Franc.

172 1096 304 1128 Hister
325 1093 483 1127 scribunt
503 1093 687 1139 praecipui
713 1095 816 1129 codd.
840 1094 900 1128 hic
926 1102 963 1128 et
990 1093 1096 1135 alibi;
1132 1106 1177 1127 an
1198 1098 1319 1136 recte,
1344 1091 1483 1126 dubito.
1531 1093 1596 1125 Est
1615 1091 1710 1125 enim

168 1139 279 1188 pr'ava
309 1140 512 1186 sequiorum
535 1141 758 1175 saeculorum
786 1142 968 1188 aspiratio.
1005 1142 1089 1187 (vid.
1117 1147 1241 1175 notata
1265 1140 1312 1174 ad
1335 1140 1400 1174 Ge.
1422 1141 1465 1182 11,
1489 1139 1572 1176 497·
1608 1138 1707 1184 Wr.)

169 1189 237 1225 351
267 1191 455 1235 Quamque
473 1189 569 1221 iacet
587 1189 706 1223 Schol.
724 1190 850 1223 Horat.
871 1190 985 1236 Epod.
1006 1192 1062 1232 10,
1087 1189 1152 1222 sed
1170 1187 1274 1222 aliter
1294 1187 1390 1221 idem
1402 1187 1539 1231 Od.111,
1560 1189 1617 1223 10.
1641 1199 1709 1221 ra·-

170 1237 227 1270 dit
255 1236 361 1270 video
397 1248 419 1269 a
459 1235 577 1269 Pierio
606 1236 772 1279 excitari,
810 1237 913 1271 male.
968 1237 1151 1283 Rhodope
1181 1235 1339 1269 medium
1373 1236 1498 1269 Franc.
1546 1233 1616 1268 sub
1640 1246 1710 1268 axe

170 1283 321 1318 Gudian.
368 1282 532 1331 gelidum
552 1303 597 1307 —-
615 1283 683 1318 sub
714 1298 820 1318 axem
846 1284 1071 1319 scribendum
1094 1285 1181 1317 esse‘
1191 1283 1433 1317 contendebat
1453 1283 1503 1316 Io.
1521 1282 1709 1317 Schrader·

170 1333 306 1367 Verum
342 1331 498 1364 medium
535 1338 681 1365 ornatus
718 1344 842 1366 caussa
881 1331 1075 1373 adiectum,
1115 1341 1188 1364 non
1224 1329 1466 1376 geographica
1497 1329 1710 1363 subtilitate.

163 1379 242 1415 ‘352
265 1391 333 1413 nec
364 1378 465 1412 ullae
491 1379 681 1412 Romanus.
778 1378 850 1415 354
875 1378 1073 1413 arboribus
1105 1379 1198 1413 ven.
1255 1391 1279 1411 a
1305 1376 1484 1426 gregibus
1512 1377 1623 1411 Goth.
1653 1388 1708 1422 pr.

170 1426 240 1463 355
268 1427 391 1473 surgit
408 1426 533 1459 Franc.
614 1427 686 1463 356
711 1428 893 1474 spirantis
909 1427 1040 1461 Comm.
1059 1426 1185 1471 Cruqu.
1203 1425 1249 1459 ad
1301 1433 1388 1459 orat.
1408 1425 1474 1459 od.
1493 1426 1522 1466 Ι,
1544 1426 1611 1466 22,
1646 1423 1711 1458 sed

171 1474 218 1508 ad
245 1473 309 1507 od.
336 1473 382 1509 25
411 1475 611 1521 spirantes.
657 1475 847 1521 spirantes
865 1473 1018 1521 frigore
1043 1474 1150 1507 venti
1175 1473 1364 1507 Lutat.⁷ad
1391 1475 1482 1507 Stat.
1506 1472 1625 1506 Theb.
1647 1472 1710 1514 IV,

171 1521 252 1557 653.
303 1521 441 1555 Chauri
457 1520 616 1554 scribunt
634 1521 711 1555 fere
731 1528 767 1555 et
787 1522 845 1555 hic
858 1548 867 1564 ,
899 1530 938 1556 ut
954 1534 986 1556 ν.
1008 1522 1090 1557 278.
1139 1521 1267 1566 (Cauri
1285 1532 1373 1554 unus
1402 1519 1459 1556 14.
1490 1532 1510 1554 e
1528 1518 1709 1554 Parisinis.

173 1570 286 1603 Cauri
302 1568 409 1603 etiam
431 1571 529 1603 Serv.
550 1569 677 1603 Dresd.
728 1589 772 1594 —-
793 1569 875 1606 357.
895 1569 1088 1617 pallentes
1104 1567 1235 1603 Medic.
1272 1569 1330 1603 W
1325 1568 1372 1613 r.)

174 1687 312 1726 adstat
332 1688 487 1740 agmine
501 1718 511 1738 ,
543 1695 592 1728 ut
610 1689 810 1739 incedere,
845 1692 914 1740 ire,

173 1748 298 1799 sequi,
330 1749 510 1799 agmine.
547 1747 768 1786 Usitatiore
789 1748 913 1787 modo

175 1804 356 1844 diceres:
407 1819 560 1857 agmen
591 1814 683 1845 stat.
753 1807 914 1845 Scilicet

174 1877 327 1915 agmen
353 1863 439 1916 ipse
460 1864 686 1915 exercitus,
727 1864 827 1903 dum
846 1865 913 1903 in—

174 1922 296 1961 cedit.
332 1923 481 1973 positis
507 1925 651 1961 eastris
670 1953 681 1973 ,
728 1923 827 1962 dum
846 1923 912 1962 in·-

174 1987 286 2019 terea
313 1980 497 2019 celeriter
526 1987 659 2020 castra
687 1987 914 2034 ponuntur.

174 2040 288 2090 Nam,
312 2053 405 2078 cum
424 2053 564 2092 agmen
580 2039 691 2079 hosti
714 2054 755 2078 se
776 2046 916 2079 osten—

176 2098 238 2137 dit
249 2129 260 2148 ,
296 2112 319 2136 a
339 2104 454 2150 tergo
473 2099 630 2137 vallum
645 2099 703 2137 fit.

238 2156 335 2199 349.
365 2157 423 2196 Ac
447 2171 529 2196 non
553 2158 612 2196 ita
647 2157 829 2210 pascitur
859 2157 917 2196 it-

176 2228 255 2268 que
285 2228 409 2268 pecus
437 2221 511 2255 etc.
551 2214 662 2270 (vid.
698 2216 746 2256 V.
774 2216 817 2256 L.
862 2215 915 2254 ad

175 2273 274 2313 Aen.
296 2274 363 2323 IV,
388 2274 485 2316 528.
521 2276 592 2314 W
586 2273 641 2329 r.)
685 2275 812 2313 Debet
832 2275 915 2313 ita-

176 2346 255 2385 que
279 2332 410 2370 maior
433 2332 641 2371 distinctio
661 2333 759 2386 poni
772 2333 816 2372 in
834 2333 915 2371 fine

176 2404 319 2431 versus
342 2391 440 2433 351.
500 2391 598 2434 350.
628 2392 680 2430 Et
707 2392 809 2431 Ister
829 2400 916 2430 tur-

176 2449 294 2488 bidus
312 2449 566 2501 torquendo,
608 2449 707 2489 dum
735 2456 915 2502 torquet.

180 2506 312 2562 (Ordo
333 2513 413 2545 est:
433 2509 488 2546 Et
506 2507 685 2546 turbidus
705 2517 889 2562 torquens
898 2524 913 2557 ,-

177 2565 290 2619 quod
311 2567 430 2604 etiam
451 2566 662 2606 Wunderl.
694 2567 916 2619 significare

177 2624 345 2665 videtur
369 2624 484 2663 obss,
504 2624 557 2663 ad
578 2625 723 2664 Tibull.
742 2625 769 2674 Ι,
792 2628 831 2675 7,
849 2624 915 2667 15.

177 2683 264 2723 vid.
288 2688 432 2722 notata
472 2682 526 2721 ad
550 2682 650 2723 Aen.
686 2683 796 2734 VIII,
818 2683 915 2726 559.

183 2744 254 2783 W
248 2740 304 2797 r.)
367 2742 464 2784 351.
494 2742 596 2779 redit
612 2750 799 2793 porreela
817 2741 916 2779 sim-

178 2800 337 2855 pliciter
366 2814 464 2853 pm,
504 2799 558 2850 it,
604 2799 812 2853 procedit,
854 2805 916 2837 est

178 2865 391 2914 porrecta,
423 2858 579 2897 dictum
601 2857 779 2911 accipies.
812 2856 914 2896 Vul-

179 2919 285 2972 garis
313 2918 420 2958 ratio
451 2923 560 2967 erat,
602 2919 731 2964 iacet;
765 2915 836 2954 sed
866 2921 916 2954 ut

171 2979 310 3030 flectit
340 2991 383 3016 se
413 2976 464 3016 de
493 2975 701 3015 montibus
730 2973 913 3024 dicimus,

972 1688 1031 1727 sic
1047 1687 1149 1727 redit
1167 1702 1244 1741 pro
1256 1686 1337 1726 hoc
1355 1686 1443 1740 ipso
1462 1698 1613 1739 ponere
1631 1699 1710 1738 po·-

971 1747 1064 1786 tuit.
1125 1746 1318 1785 Similiter
1357 1747 1490 1798 vergit
1504 1775 1515 1795 ‚
1566 1745 1706 1793 tendit,

971 1819 1088 1843 mons
1135 1804 1189 1843 ad
1244 1804 1587 1858 septemtrionem.
1637 1801 1711 1842 sub

972 1878 1116 1913 axem,
1147 1862 1308 1916 polum,
1341 1877 1425 1901 non
1441 1860 1711 1915 geographica

969 1923 1131 1977 ratione
1150 1922 1269 1975 poni,
1295 1926 1404 1974 patet
1423 1933 1497 1974 per
1517 1933 1571 1960 se.
1591 1920 1710 1959 Cete-

973 1995 1067 2020 rum
1087 1986 1210 2033 poeta
1229 1980 1353 2019 latius
1379 1979 1711 2038 septemtrionem

975 2039 1157 2078 declarat
1184 2052 1258 2092 per
1288 2037 1523 2088 Thraciam,
1562 2051 1665 2090 quae
1687 2051 1711 2075 a

974 2097 1143 2137 meridie
1164 2098 1248 2136 eius
1267 2097 1368 2136 fines
1386 2096 1633 2136 constituere
1650 2095 1711 2135 vi-

977 2156 1066 2196 deri
1088 2162 1236 2210 potest.

1034 2213 1131 2258 354.
1163 2214 1246 2253 Sed
1258 2216 1364 2252 iacet
1384 2221 1503 2263 terra,
1537 2213 1619 2251 late
1643 2214 1711 2250 in·-

960 2274 1116 2327 sormc's
1142 2272 1364 2325 aggeribus
1397 2273 1526 2311 niveis
1554 2279 1591 2309 et
1625 2271 1710 2308 alto

970 2333 1071 2384 gelu
1085 2363 1097 2381 ,
1139 2340 1368 2384 septemque
1404 2332 1448 2368 in
1477 2330 1598 2368 ulnas
1629 2329 1711 2367 ad-

973 2393 1125 2442 surgit,
1167 2390 1250 2429 scil.
1279 2388 1343 2427 his
1374 2388 1471 2441 ipsis
1502 2387 1711 2441 aggeribus

974 2449 1092 2488 novis
1135 2455 1176 2487 et
1222 2448 1306 2487 alto
1343 2447 1434 2499 gelu
1467 2459 1538 2485 seu
1573 2445 1709 2498 glacie.

973 2507 1135 2546 Poetica
1172 2506 1330 2546 ratione
1368 2504 1518 2543 extulit
1535 2534 1546 2555 ‚
1598 2503 1710 2556 quod

976 2565 1182 2605 communi
1222 2570 1335 2603 erat:
1384 2565 1457 2601 nix
1479 2593 1491 2614 ,
1526 2576 1606 2616 qua
1633 2562 1710 2602 ob—

976 2624 1100 2663 ducta
1121 2628 1180 2661 est
1197 2628 1328 2672 terra,
1359 2621 1548 2674 adsurgit
1574 2623 1617 2659 in
1645 2635 1710 2659 se-

965 2690 1081 2734 ptem
1112 2682 1244 2720 ulnas.
1265 2678 1364 2734 (vid.
1378 2680 1429 2729 Q
1441 2680 1488 2720 V.
1501 2678 1709 2729 XXXHss,

974 2743 1013 2782 3.
1038 2738 1152 2793 Wr.)
1213 2739 1311 2782 356.
1342 2739 1507 2790 Semper
1521 2738 1650 2777 hiems
1669 2743 1711 2777 et

977 2799 1133 2836 Caurus
1150 2814 1162 2835 :
1201 2810 1322 2850 quem
1349 2797 1489 2850 paullo
1519 2802 1614 2846 ante
1641 2796 1710 2835 vi-

973 2856 1107 2895 dimus
1138 2869 1198 2895 VS.
1226 2858 1313 2898 278
1333 2862 1375 2894 et
1405 2868 1508 2907 quae
1531 2868 1710 2907 sequun-

973 2921 1043 2954 tur
1060 2945 1071 2965 ,
1136 2914 1186 2953 de
1230 2914 1520 2953 remotioribus
1566 2926 1710 2953 versus

971 2973 1304 3027 septemtrionem
1342 2972 1470 3026 plag-is
1488 3002 1500 3023 ‚
1545 2971 1621 3011 etsi
1657 2970 1710 3010 ad
