1768 3320
344 207 761 268 BUCOLIGA
793 206 962 260 ECL.
997 208 1062 271 X,
1097 211 1320 263 30-40
1492 204 1598 263 243

35 309 38 313 ¹
66 340 175 388 Aut
195 343 372 386 custos
389 335 587 400 gregiS,
626 343 716 385 aut
738 341 981 384 maturae
1006 333 1204 382 vinitor
1221 338 1378 385 uvae!

0 411 2 414 ’
69 409 256 470 Certe,
285 404 396 455 sive
416 404 551 455 mihi
571 404 796 470 Phyllis,
828 404 938 453 sive
960 412 1100 454 esset
1117 405 1388 468 AmyntaS,

69 478 179 527 Seu
209 474 541 543 quicumque
563 474 743 541 furor,
775 472 933 543 (quid
953 482 1097 539 tum,
1127 474 1171 523 si
1196 472 1379 524 fuscus
1394 476 1596 539 Amyn-

862 549 977 595 tas?

65 616 135 668 Et
154 615 337 681 nigrae
359 614 544 665 violae.
559 623 716 677 sunt,
743 624 797 665 et
818 614 1051 665 vaccinia
1070 614 1242 679 nigra)

38 701 45 703 ·
65 688 286 750 Mecum
305 685 447 736 inter
466 685 649 754 salices
667 685 808 736 lenta
830 685 931 736 sub
951 685 1058 735 vite
1079 684 1315 748 iaceret,
1528 686 1596 735 40

112 814 160 852 39
183 816 234 848 Ee
254 826 380 848 morae
397 814 524 849 molae
550 826 615 848 ms.
644 813 768 849 Kt'iler.
811 814 966 849 barbara
994 826 1083 848 voce
1105 824 1172 859 pro
1195 811 1332 857 nigrae.
1382 811 1514 857 (Petita
1542 818 1597 846 est

66 859 157 897 haec
175 860 341 896 lectionis
358 861 546 895 diversitas
567 860 772 896 eKoehleri
783 863 1047 909 Dis-putatione
1059 860 1289 909 philologia-a
1305 859 1352 893 de
1362 859 1493 896 Codice
1507 861 1598 894 Vir-

65 909 152 963 gilii
166 909 290 943 adhuc
305 910 494 957 incognito
511 910 614 943 lenae
635 910 737 945 1771.
758 908 814 943 ed.
847 909 1078 943 Commendat
1097 908 1210 951 hanc,
1243 913 1284 940 ut
1302 906 1505 952 genuinam,
1538 906 1597 941 le-

67 955 223 990 ctionem
241 956 299 990 Fr.
319 958 478 990 Osaunus
506 955 543 989 in
569 956 735 990 Auctario
754 955 918 990 Lexicor.
940 957 1108 991 Graecor.
1136 967 1216 1001 pag.
1242 956 1321 991 185.
1369 954 1482 988 Abest
1507 954 1597 989 haec

66 1014 138 1038 vox
158 1016 179 1038 a
194 1003 303 1038 Lexx.
338 1004 561 1037 Deminutiva
581 1010 701 1037 tamen
719 1003 835 1038 forma
852 1010 991 1037 exstare
1014 1009 1158 1048 putatur
1177 1001 1276 1047 apud
1294 1001 1408 1035 Plaut.
1425 1002 1534 1036 Poen.
1551 1003 1596 1044 V,

66 1051 340 1094 5,1o..;‚,lam
358 1050 422 1096 pol
446 1062 514 1096 ego
543 1050 640 1084 illam
667 1050 795 1096 pugnis
822 1058 938 1086 totam
960 1050 1087 1084 faciam
1113 1057 1152 1084 ut
1180 1048 1229 1083 sit
1255 1049 1465 1083 morulas
1526 1029 1597 1084 Alii

66 1097 269 1141 Merula,
292 1097 428 1132 maiore
445 1097 552 1132 litera
568 1097 718 1140 initiali,
743 1104 783 1131 ut
803 1109 932 1132 nomen
953 1098 1001 1132 sit
1018 1097 1172 1142 gentile,
1196 1096 1219 1131 i.
1238 1107 1268 1130 e.
1286 1097 1480 1130 Maurula.
1514 1098 1597 1131 Ma-

67 1143 130 1179 nil.
148 1148 290 1180 Astron.
310 1145 381 1188 JV,
401 1145 483 1181 729.
501 1158 543 1191 sq
609 1144 852 1188 „Mauritania
872 1157 1001 1179 nomen
1021 1144 1100 1179 Oris
1128 1144 1257 1185 habet,
1291 1143 1502 1189 titulumque
1530 1156 1595 1178 suo

66 1190 158 1226 fert
164 1191 244 1238 ipsa
272 1191 424 1226 colore.‘
414 1195 436 1211 ‘⁴
486 1193 591 1234 Quod
613 1204 685 1226 non
706 1199 803 1226 recte
822 1192 919 1235 fieri,
953 1192 1084 1226 docere
1104 1191 1192 1225 mihi
1211 1190 1351 1224 videtur
1374 1191 1595 1236 comparatio

68 1238 228 1274 subiecta
250 1251 327 1274 cum
347 1239 492 1273 homine
509 1239 706 1294 Aegypfio3
731 1239 781 1273 ita
800 1240 892 1274 enim
910 1239 1031 1285 pergit
1047 1239 1210 1274 Plautus:
1235 1239 1320 1280 „Ita
1338 1237 1488 1283 replebo
1504 1238 1597 1272 atri-

66 1292 166 1330 tate,
189 1286 302 1321 atrior
318 1286 429 1321 multo
450 1293 489 1320 ut
508 1286 597 1327 siet,
624 1289 736 1330 Quam
755 1290 915 1333 Aegyp
927 1286 998 1321 tii.
1006 1289 1028 1305 “
1077 1285 1222 1320 Scilicet
1241 1285 1388 1319 morula
1406 1285 1596 1320 formatum

67 1333 210 1368 videtur
236 1346 257 1368 ιι
283 1345 436 1376 muru,
462 1334 590 1368 arbore
608 1333 665 1368 vel
684 1334 794 1377 baca,
826 1335 850 1368 i.
873 1346 905 1368 e.
930 1347 1032 1368 moro
1052 1333 1191 1367 sinulis.
1239 1331 1392 1366 Martial.
1413 1334 1440 1375 Ι,
1461 1334 1519 1376 73,
1539 1333 1595 1370 5.:

69 1406 93 1425 „
82 1393 194 1436 ,quae
213 1380 404 1426 nigrior
429 1389 482 1415 est
501 1382 650 1415 cadente
674 1393 812 1415 moro.
815 1385 837 1401 ‘⁴
871 1382 965 1424 VIII,
985 1380 1044 1423 64,
1063 1382 1121 1416 7.:
1147 1380 1232 1423 ,,8ἱι
1253 1391 1379 1413 moro
1405 1392 1505 1414 coma
1529 1380 1596 1414 ni-

69 1427 201 1474 grior
226 1427 372 1463 caduco.
381 1430 404 1447 “
452 1430 525 1462 Iam
549 1440 635 1463 vero
660 1429 738 1463 Lat.
762 1441 902 1463 morum
930 1435 967 1462 et
987 1429 1161 1462 Graecum
1179 1424 1301 1472 μόρον
1324 1438 1397 1460 ιιοιι
1417 1427 1596 1470 differunt,

68 1475 138 1509 nisi
169 1474 394 1531 quantitate,
419 1482 459 1509 ut
482 1475 587 1509 etiam
615 1475 761 1510 Salmas.
784 1476 919 1510 iudicat
939 1475 1028 1510 Plin.
1048 1474 1202 1509 Exercit.
1230 1486 1266 1519 p.
1284 1475 1366 1510 328.
1414 1475 1485 1508 Sed
1506 1474 1597 1509 illud

68 1521 185 1568 ipsum
203 1519 327 1568 μόρον
345 1534 417 1556 ιιοιι
439 1522 555 1569 potuit
573 1522 651 1557 fieri
674 1535 694 1558 e
707 1520 857 1568 μανρός
874 1523 948 1556 sive
967 1519 1163 1567 ἀμαυρός,
1188 1521 1279 1555 unde
1299 1520 1465 1555 Latinum
1483 1522 1597 1556 Adie-

70 1569 200 1604 ctivum
219 1582 363 1611 morus,
394 1571 582 1612 morulas,
616 1571 759 1604 ductum
787 1577 891 1616 putat
908 1570 1079 1604 Koehler.
1127 1570 1218 1603 Nam
1237 1567 1368 1613 μῶρον
1395 1569 1497 1603 unius
1518 1571 1596 1604 He-

70 1617 186 1662 sychii
213 1623 250 1650 et
276 1616 522 1651 Glossatorum
550 1617 771 1663 quorundam
796 1617 1009 1651 auctoritate
1038 1616 1210 1650 munitum
1237 1615 1388 1650 videtur.
1435 1617 1597 1663 Denique

69 1675 116 1698 ne
142 1671 238 1699 certa
265 1663 407 1710 qmdem
429 1664 525 1709 apud
540 1664 700 1698 Plautum
723 1664 749 1699 l.
769 1664 794 1698 l.
816 1664 945 1707 lectio,
977 1676 1082 1709 quum
1099 1664 1135 1697 in
1163 1663 1241 1697 aliis
1260 1662 1362 1696 libris
1385 1670 1501 1697 exstet
1519 1677 1596 1697 me-

69 1711 190 1746 rulea.
235 1712 358 1757 Itaque
385 1711 455 1746 hoc
479 1719 611 1746 certum
638 1711 726 1746 mihi
751 1711 914 1754 videtur,
948 1711 1039 1745 nihil
1066 1723 1174 1757 posse
1199 1706 1370 1756 praesidii
1399 1710 1548 1744 lectioni
1575 1723 1596 1745 a

68 1758 253 1792 Koehlero
280 1757 443 1804 prolatae
469 1770 489 1792 e
512 1759 630 1792 verbis
653 1758 824 1793 Plautinis
849 1759 936 1804 peti.
994 1762 1041 1792 At
1069 1759 1172 1800 vide,
1208 1769 1311 1803 quam
1339 1769 1446 1803 aegre
1476 1771 1595 1792 careas

69 1812 171 1851 grata
189 1805 252 1840 illa
257 1805 528 1860 epanalepsiz,
531 1807 592 1847 ,Et
609 1807 743 1861 nigrae
760 1805 877 1840 violae
894 1819 923 1840 s.
941 1812 978 1839 et
993 1817 1089 1839 vace.
1109 1806 1256 1852 nigra.“
1303 1804 1340 1838 Si
1361 1818 1486 1839 mome
1504 1805 1597 1840 scri-

96 1852 204 1887 sisset
220 1851 413 1898 Virgilius,
437 1853 495 1887 vix
512 1832 659 1895 dubito,
685 1853 769 1899 quin
788 1853 840 1887 ita
863 1853 954 1887 haec
972 1852 1210 1886 collocaturus
1231 1851 1374 1885 fuisset·
1402 1853 1471 1894 „Et
1499 1853 1596 1887 vio-

69 1865 148 1934 fae
168 1912 325 1944 morae
353 1907 435 1934 sunt
463 1907 500 1935 et
516 1912 610 1935 vace.
633 1900 745 1946 nigra.
749 1903 771 1920 “
819 1901 890 1935 Sed
911 1899 1005 1934 unde
1022 1899 1167 1933 tandem
1188 1905 1304 1933 ortum
1328 1898 1476 1933 morae?
1518 1902 1597 1942 Qua

70 1946 107 1981 iu
122 1959 163 1981 re
177 1947 375 1992 indaganda
395 1947 433 1981 id
452 1946 600 1982 maxime
624 1948 837 1991 cavendum,
867 1957 913 1982 ne
933 1946 1044 1981 multa
1063 1946 1203 1992 agendo
1222 1946 1311 1979 nihil
1333 1959 1493 1992 agamus:
1516 1959 1597 1981 me-

69 2007 146 2029 rum
169 2001 224 2028 est
243 1994 380 2029 scilicet
395 1996 560 2029 mendum
580 2007 599 2028 e
621 2007 747 2040 magna
764 1994 947 2029 literarum
966 1994 1198 2028 similitudine
1218 2000 1355 2035 natum;
1380 2006 1484 2040 quam
1503 1995 1597 2029 enim

70 2041 177 2076 facile
195 2042 370 2076 NIGRAE
395 2042 433 2076 in
452 2043 611 2076 MORAE
643 2042 830 2087 depravari
849 2041 1028 2087 potuerit,
1062 2047 1224 2086 apertum
1250 2047 1315 2074 est.
1357 2042 1454 2086 Wr.)
1549 2040 1598 2078 40

71 2090 213 2123 iaceres
228 2089 357 2123 Medic.
385 2096 422 2123 et
440 2089 592 2124 Gudian.
613 2102 634 2122 a
651 2102 696 2123 m.
721 2102 773 2134 pr.
786 2116 795 2132 ,
820 2089 923 2123 male.
971 2092 1026 2123 An
1043 2100 1114 2121 non
1142 2087 1301 2133 requiras
1322 2088 1426 2122 lenta
1445 2096 1512 2122 aut
1530 2087 1597 2122 sub

71 2135 173 2170 vite?
212 2136 284 2171 Vix
307 2136 398 2170 enim
420 2138 554 2171 salices
574 2142 610 2170 et
637 2138 735 2170 vites
762 2136 886 2171 eodem
914 2147 1002 2181 agro
1030 2135 1185 2226 ΡΙειιιΐί
1213 2135 1353 2169 solitae.
1411 2135 1538 2169 Melius
1559 2137 1597 2170 in

73 2254 119 2280 ea
149 2248 247 2280 sunt
271 2241 432 2282 Maroni
469 2249 511 2282 et
557 2242 805 2282 adolescenti
859 2247 1041 2280 tenerem
1068 2241 1144 2280 sub
1175 2241 1280 2292 vite;
1317 2243 1453 2282 necin
1482 2257 1598 2282 amo-

73 2306 116 2339 et
131 2299 177 2338 id'
194 2301 349 2352 agenti,
378 2308 428 2341 ut
449 2301 548 2340 viris
570 2302 806 2354 potentibus
860 2313 950 2340 rem
979 2299 1159 2353 perfidae
1186 2300 1396 2352 Lycoridis
1428 2301 1597 2340 incidis-

72 2357 261 2412 plaoeret.
304 2356 404 2413 (vid.
436 2359 483 2399 V.
505 2359 548 2399 L.
573 2359 633 2398 vad
657 2372 717 2399 vs».
736 2359 806 2402 45.

77 2415 192 2471 Wr.)
254 2419 322 2459 38.
355 2418 434 2456 Seu
466 2420 707 2471 quicumque
721 2418 806 2471 ju·-

72 2488 148 2513 νον.
192 2473 443 2529 (Wunderl.:
475 2506 499 2526 ‚,
510 2476 545 2515 N
548 2476 678 2515 otabis
706 2489 808 2515 con-

74 2534 342 2573 structionem
364 2534 526 2586 Phyllis
550 2535 617 2574 vel
646 2537 807 2586 Amyn-

74 2598 141 2628 tas
170 2600 227 2630 est
253 2592 358 2630 mihi
369 2592 511 2644 furor,
551 2591 593 2632 h.
626 2605 659 2632 e.
690 2605 810 2631 causa

74 2648 237 2699 furoris,
255 2650 408 2689 fun-ioso
427 2664 564 2690 amore
580 2665 603 2688 a
618 2663 683 2689 me
696 2664 809 2689 ama-

75 2712 159 2744 tur.
178 2707 261 2747 efr.
279 2707 395 2748 obss.
420 2709 473 2747 ad
493 2709 580 2748 Tib.
598 2709 699 2759 11‚3,
713 2710 810 2750 31.“

74 2762 242 2803 Rectius
262 2765 435 2818 Spohn.:
465 2767 633 2820 ,fur-or,
661 2773 713 2805 ut
734 2780 811 2804 cu·

75 2835 138 2871 ra,
168 2823 297 2874 ignis,
320 2825 506 2875 flamma
523 2825 574 2864 de
591 2824 727 2879 puella
744 2823 812 2863 vel

76 2892 205 2932 puero
234 2884 418 2920 amato.“
461 2881 582 2938 Wr.)
651 2882 812 2931 Quam-

78 2950 250 2990 cumque
280 2938 364 2977 sive
392 2941 567 2992 puellam
598 2941 682 2979 sive
707 2952 812 2993 pue-

77 3008 172 3039 rum
200 3009 376 3034 amarem
392 3027 403 3046 ,
444 3011 536 3037 eum
562 2998 813 3051 amplein'bus

864 2371 959 2396 sem.
1005 2357 1290 2397 characterem
1308 2365 1443 2398 autem
1461 2359 1598 2398 miseri

866 2416 1037 2455 amantis
1074 2415 1142 2455 hic
1183 2430 1418 2470 expressum
1454 2418 1598 2456 memi-

865 2474 971 2514 nisse
998 2474 1220 2540 debemus,
1247 2475 1338 2526 qui,
1380 2490 1471 2514 cum
1499 2475 1597 2529 ipsis

865 2533 1038 2585 querelis
1051 2533 1134 2571 suis
1147 2533 1193 2571 in
1208 2533 1419 2586 imaginem
1433 2534 1492 2572 rei
1504 2547 1599 2586 gra-

865 2597 932 2630 tae
961 2596 1002 2629 et
1032 2591 1154 2630 animi
1182 2590 1371 2631 affectum
1389 2591 1598 2631 illudentis

865 2648 1089 2700 incidisset,
1125 2649 1170 2688 in
1198 2662 1244 2687 ea
1274 2649 1349 2688 sibi
1378 2650 1533 2702 placet,
1563 2648 1598 2687 ei

865 2706 1064 2757 inhaeret,
1094 2721 1181 2746 eam
1201 2708 1472 2760 prosequitur.
1500 2706 1598 2745 Mox

867 2771 1006 2804 tamen
1027 2779 1068 2804 v.
1098 2764 1157 2808 42
1178 2766 1330 2805 iterum
1355 2765 1409 2803 ad
1429 2764 1598 2818 Lycori-

868 2822 962 2863 dem
979 2823 1100 2862 redit.

927 2884 996 2924 39.
1028 2882 1142 2920 Conf.
1165 2881 1247 2920 Ecl.
1266 2880 1316 2930 Π,
1346 2883 1410 2922 16.
1440 2879 1514 2927 19,
1546 2889 1598 2915 ex

870 2938 1041 2978 Theocr.
1062 2940 1115 2988 X,
1137 2941 1207 2988 28,
1238 2938 1306 2979 καὶ
1322 2935 1368 2977 ‘co¹
1388 2937 1452 2977 ἰόν
1472 2935 1598 2986 μέλαν

870 2996 955 3038 ἐντὶ
973 3011 1045 3048 sq.,
1074 2997 1147 3035 sed
1163 2997 1219 3035 ibi
1235 2994 1444 3034 venustius
1462 2999 1504 3031 et
1522 3006 1597 3045 op-

1199 3067 1316 3113 16*
