1768 3320
405 226 542 289 PER
559 224 820 277 ANNOS*
849 225 1155 276 DIGESTA
1459 246 1548 280 clx

613 355 677 407 U.
716 353 773 405 C.
812 356 928 405 689.

0 518 8 531 .
59 468 90 501 ·.
117 506 123 510 ,
170 453 229 501 Ia,
266 451 500 498 Aurelius
521 451 677 499 Cotta.
747 450 804 498 L.
843 449 1060 495 Manlius
1097 447 1378 510 Torquatus,

407 550 463 585 a.
497 533 549 582 C.
587 532 669 582 65.
747 531 947 595 Virgilii
979 531 1089 579 5η-
1111 531 1157 579 6.

0 654 58 724 fv:
126 625 178 676 Q.
196 597 400 692 '‘Horatius
418 624 587 666 Flaccus
609 625 792 666 nascitur
820 624 876 664 VI
902 623 963 664 Id.
985 622 1171 662 Decemb.
1207 623 1375 662 Sueten.
1398 623 1441 662 in
1464 625 1550 664 eius

9 703 11 707 ⁴
46 689 117 723 ih.

0 781 37 820 Β*
165 740 179 752 :⁹
615 741 678 792 U·
718 741 777 792 Co
816 744 934 793 696·

284 837 338 891 L.
384 837 679 900 Calpurnius
712 837 840 885 Piso.
920 835 982 884 A.
1026 807 1297 882 samum?

400 935 445 968 a.
469 919 522 967 C.
544 919 626 968 58.
705 919 904 982 Virgilii
929 919 1168 967 12—13.

126 1009 431 1067 Hieronymus
419 1026 462 1051 m
483 1011 672 1052 Chronic.
708 1009 1054 1065 Euseb.p.151,
1097 1009 1151 1047 ad
1173 1008 1335 1061 Olymp.
1368 1010 1473 1059 180,
1504 1012 1544 1059 3,

4 1067 116 1107 ‘ndeo
144 1083 196 1109 ue
214 1068 257 1109 h.
287 1084 322 1109 a.
347 1072 551 1123 Virgilius
572 1072 790 1110 Cremonae
816 1070 943 1109 studi
926 1083 961 1107 ιε
998 1040 1189 1106 eriedilur.
1254 1066 1383 1105 Aliter
1404 1068 1543 1106 Dona-

0 1118 81 1166 *tus
136 1131 215 1170 ’.6.
272 1128 507 1168 Profectum
532 1136 671 1169 tamen
693 1128 791 1168 hinc
818 1141 901 1166 esse
925 1126 1116 1176 videtur,
1156 1125 1268 1177 quod
1296 1126 1545 1165 recentiores

13 1147 202 1226 nonnulli
230 1187 447 1241 scriptores
479 1188 530 1227 de
557 1188 657 1227 ludo
693 1187 894 1226 litterario
930 1185 1115 1238 publico,
1166 1184 1236 1236 qui
1262 1184 1544 1223 Romanorum

0 1243 196 1298 {empore
223 1245 445 1285 Cremonae
470 1247 681 1297 floruerit,
710 1250 960 1293 memorant,
1004 1257 1046 1283 v.
1066 1257 1101 1282 c.
1130 1242 1288 1281 Ludov.
1313 1242 1545 1282 Cavitellius

14 1302 583 1358 Cremonens.Anna1.pag.
626 1307 738 1347 1262
776 1303 826 1346 A.
856 1304 901 1342 T.
926 1275 1004 1351 ΙΙΙ,
1045 1300 1164 1340 Thes.
1190 1300 1285 1340 Ant.
1311 1300 1402 1341 Ital.
1461 1303 1543 1341 Su-

3 1374 172 1427 periore
188 1375 296 1401 anno
316 1363 507 1402 Messala
528 1370 651 1402 natus
669 1369 769 1402 erat.
799 1361 886 1401 vid.
904 1360 958 1399 ad
976 1359 1129 1399 Tibulli
1144 1358 1290 1398 Vitam.

130 1419 187 1457 De
210 1421 411 1473 magistris
429 1420 583 1474 Virgilii
614 1421 687 1460 vix
716 1421 934 1473 quicquam
959 1418 1061 1457 certi
1086 1416 1196 1456 tradi
1221 1422 1369 1470 potest.
1429 1417 1546 1467 Quae

0 1466 99 1530 gsive
116 1478 486 1519 Grammaticorum
511 1480 606 1519 fidei
633 1480 716 1519 sive
746 1479 965 1517 doctorum
992 1476 1057 1515 vii
1060 1489 1178 1514 orum
1203 1475 1444 1514 coniecturis
1471 1476 1546 1514 de-

14 1535 188 1587 bentur,
219 1536 273 1575 ad
295 1538 500 1577 Donatum
521 1538 671 1577 reiecta
693 1543 791 1576 sunt
809 1536 862 1576 ad
882 1534 926 1589 §.
944 1538 971 1577 7
988 1540 1027 1572 et
1047 1537 1116 1576 79.

132 1566 321 1634 etiterum
347 1596 422 1635 etsi
441 1595 492 1635 de
518 1596 720 1648 magistris
740 1594 896 1646 Virgilii
927 1599 966 1631 et
995 1591 1204 1659 ‹lisciplina
1224 1605 1307 1631 non
1331 1592 1428 1631 satis
1445 1607 1547 1632 con-

15 1658 120 1699 stet,
150 1659 191 1692 et
215 1666 307 1693 eum
338 1654 511 1694 obscuro
545 1655 635 1694 loco
662 1660 806 1693 natum
830 1665 914 1692 esse
941 1651 1038 1690 satis
1059 1656 1273 1703 appareat,
1302 1650 1458 1690 h‘berali
1477 1658 1546 1690 ta-

0 1724 111 1750 rmen
133 1711 389 1752 institutione
410 1726 504 1753 eum
529 1727 650 1753 usum
677 1719 719 1751 et
737 1725 830 1751 cum
851 1710 950 1750 viris
972 1709 1105 1748 doctis
1124 1715 1166 1747 et
1183 1709 1430 1761 elegantibus
1448 1723 1547 1749 ver-

0 1766 153 1822 }Satum
171 1782 273 1821 esse,
304 1777 393 1810 tota
415 1771 567 1825 ingenii
590 1772 676 1811 eius
701 1770 744 1810 in
761 1767 1009 1809 carminibus
1030 1780 1220 1820 expressa
1238 1774 1431 1807 venustas
1450 1769 1548 1807 satis

0 1824 171 1882 {prodit
214 1829 289 1868 Ex⁴
305 1828 450 1870 humili
477 1830 585 1869 enim
602 1836 644 1869 et
665 1828 829 1868 sordida
859 1827 947 1866 vita
966 1832 1006 1864 et
1032 1825 1327 1865 consuetudine
1344 1839 1462 1866 nemo
1484 1827 1549 1865 sa-

0 1882 93 1944 }cile
109 1887 291 1939 generosi
308 1895 452 1941 poetae
469 1889 635 1942 spiritus
654 1887 799 1937 sumit;
837 1885 914 1925 nisi
930 1886 1038 1924 forte
1056 1884 1287 1924 litterarum
1306 1883 1550 1936 humanitas,

18 1944 312 1997 meliorumque
358 1946 570 1986 hominum
613 1945 928 1985 contubernium
965 1942 1275 1995 exemplumque
1294 1973 1306 1992 ,
1353 1944 1552 1983 natalium

0 1997 160 2043 'sordes
177 2003 411 2057 primaeque
428 2005 625 2059 pueritiae
644 2004 868 2057 robiginem
887 2001 1113 2041 deterserit.
1199 2050 1202 2052 -

631 2109 695 2159 U.
734 2108 792 2159 C.
830 2111 946 2158 699.

97 2202 181 2252 Cn.
204 2204 463 2266 Pompeius
478 2205 703 2268 Magnus
724 2204 796 2252 ΙΙ.
858 2203 930 2251 Μ
950 2201 1164 2248 Licinius
1185 2170 1392 2247 Crussus
1410 2199 1483 2249 II.

396 2303 443 2335 a.
466 2286 518 2335 C.
541 2286 622 2335 55.
703 2287 901 2349 Virgilii
926 2283 990 2333 15
1011 2311 1073 2318 —
1107 2283 1186 2331 16.

138 2376 230 2415 Hoc
249 2392 356 2417 anno
375 2378 534 2418 virilem
552 2386 687 2432 togam
704 2379 849 2419 sumsit
865 2377 1056 2430 Virgilius
1068 2406 1080 2426 ‚
1111 2375 1144 2414 si
1165 2388 1310 2414 verum
1330 2379 1412 2425 est,
1442 2373 1555 2426 quod

25 2447 50 2472 8
73 2433 233 2474 Donato
260 2434 304 2489 ὃ.
323 2440 349 2479 6
378 2444 650 2487 memoratur,
687 2438 853 2487 iisdem,
893 2436 1040 2488 quibus
1066 2441 1190 2473 natus
1221 2439 1330 2482 erat,
1367 2433 1476 2472 Coss.
1511 2432 1558 2471 id

25 2492 178 2532 factum
200 2506 295 2534 esse.
353 2495 406 2534 Et
439 2511 545 2535 anno
571 2497 656 2535 sere
683 2497 762 2536 XV
786 2496 853 2535 vel
867 2495 964 2534 XVI
980 2507 1026 2531 ea
1055 2492 1304 2532 sumebatur.
1324 2491 1407 2531 vid
1425 2491 1556 2530 Noris.

25 2550 250 2605 Genetaph.
286 2553 416 2593 Pisan.
441 2569 482 2607 p.
515 2554 652 2598 1150
634 2568 694 2607 sq.
720 2560 763 2594 et
787 2554 936 2608 passim
964 2552 1087 2602 alios,
1131 2555 1178 2590 ut
1202 2549 1375 2589 Masson.
1406 2548 1558 2588 invita

25 2606 188 2649 Horafii
205 2616 246 2649 et
264 2611 415 2652 Ovidii.

636 2691 699 2742 U.
738 2691 794 2742 C.
829 2694 948 2742 701.

0 2810 4 2812 -
49 2858 53 2860 Ἴ
124 2784 209 2833 Cn.
244 2786 487 2834 Domitius
529 2787 771 2835 Calvinus.
859 2786 933 2835 M.
977 2785 1202 2831 Valerius
1235 2783 1472 2830 Messala.

382 2885 428 2917 a.
471 2869 523 2917 C.
560 2869 642 2918 53.
720 2868 918 2930 Virgilii
957 2869 1195 2916 17—18.

144 2956 416 3011 Hieronymus
437 2961 587 3001 Chron.
607 2961 753 3000 Euseb.
775 2961 828 2999 ad
846 2960 1008 3013 Olymp.
1031 2961 1128 3008 181,
1151 2957 1178 3000 4
1204 2957 1409 3008 Virgilius
1428 2962 1562 2993 sumta

32 3021 131 3066 toga
142 3015 432 3057 Mediolanum
442 3020 757 3072 transgreditur:
779 3027 917 3070 etpost
928 3017 1043 3057 breve
1057 3026 1215 3068 tempus
1227 3016 1408 3053 Romam
1415 3012 1564 3064 pergit.
