1734 3320
374 205 1071 298 2>mc1301m100N
1106 247 1246 298 ΜΒ.
1278 250 1303 297 1
1528 256 1629 304 389

110 384 172 417 est
185 378 320 427 δοκεῖ,
349 382 393 416 et
416 375 496 416 alio
526 375 651 416 modo
675 375 954 426 construitur,
987 389 1081 415 cum
1099 375 1283 427 infinito;
1312 376 1346 414 si
1372 383 1510 418 tamen
1531 380 1629 420 mis-

109 449 201 476 sum
222 433 268 474 id
295 433 442 485 sacius,
482 434 742 488 grammatice
778 448 863 473 non
898 439 1036 488 potest
1071 432 1213 472 obtusa
1244 435 1376 486 repeti
1412 436 1469 475 sic
1497 438 1628 489 nude3

110 488 398 534 unwan
425 507 552 546 neque
568 492 728 532 vedetur
738 494 848 531 acies
868 492 996 531 stellis
1019 491 1178 541 obtusa,
1211 491 1331 530 debet
1366 493 1467 532 adeo
1494 497 1627 548 sequi:

108 565 238 605 acque
265 550 426 591 uidetur
442 553 552 589 acies
574 550 714 589 obtusa
736 552 884 589 Lunae
898 580 910 600 ,
953 563 1051 589 casu
1075 550 1223 601 tertio,
1253 553 1307 607 τῇ
1329 548 1516 608 Σελήνῃς
1546 567 1630 592 non

109 614 246 650 autem
258 639 270 659 ,
299 622 372 649 nec
391 610 519 647 Luna
537 609 696 649 videtur
723 621 911 660 „surgere
929 608 1087 648 obtusa.
1098 611 1122 630 “

210 665 436 719 ‹Aggressus
454 680 563 707 eram
579 680 674 706 cum
691 666 791 706 viris
813 666 942 706 doctis
961 667 1099 706 locum
1122 665 1457 719 interpretatione
1480 667 1628 708 altera:

110 733 148 765 et
168 726 296 764 Luna
313 725 473 764 videtur
492 738 652 778 surgere
674 723 873 778 (cernitur
891 723 1073 779 surgens)
1095 727 1212 775 oriri,
1235 739 1316 763 non
1338 724 1511 764 obnoxia
1534 726 1630 776 fiu—

109 783 347 833 tristatas,
379 783 474 834 soli3
504 783 617 835 quasi
635 789 756 822 esset:
784 783 845 822 ita
864 789 915 822 ut
931 797 1015 823 non
1035 783 1088 822 sit
1109 782 1305 833 obnoxia,
1336 795 1419 822 non
1437 783 1630 823 videatur

109 853 193 880 esse
215 840 412 892 obnoxia5
442 847 489 880 ut
504 855 643 880 sensus
665 847 785 880 esset:
822 842 921 881 luna
947 848 1034 880 tam
1053 841 1161 880 clara
1190 847 1232 880 et
1251 855 1355 894 pura
1372 842 1463 880 luce
1485 842 1629 892 oritur,

107 899 239 950 lucet,
269 905 319 939 ut
338 913 424 938 non
445 899 520 938 soli
539 899 685 938 debere
701 900 856 950 lucem,
887 899 959 938 sed
973 900 1140 953 propria
1159 899 1250 938 luce
1278 899 1413 938 lucere
1426 899 1628 939 videatur.

107 956 165 998 At
181 971 284 1010 quae
302 957 471 996 tandem
492 958 672 1011 argutiae
687 956 766 997 hae
781 958 901 997 simt!
931 972 984 996 an
1001 958 1100 997 luna
1119 957 1330 997 clariorem
1357 958 1489 997 lucem
1510 957 1630 997 habi-

108 1023 204 1055 tura
232 1021 354 1066 esset,
394 1015 428 1055 si
457 1016 624 1069 propria
652 1016 744 1056 luce
774 1016 957 1056 luceret?
986 1015 1097 1055 unde
1112 1015 1192 1055 hoc
1212 1016 1407 1069 suspicari
1423 1017 1548 1055 licet?
1578 1031 1630 1055 an

108 1088 194 1114 non
214 1088 237 1112 a
253 1073 336 1112 sole
354 1073 487 1113 lucem
503 1075 739 1114 foeneratur
756 1074 853 1113 satis
874 1074 1025 1114 claram
1048 1088 1096 1112 ac
1119 1088 1286 1127 puram,
1325 1074 1447 1113 modo
1480 1075 1630 1113 iustum

109 1138 270 1186 tempus
294 1131 491 1172 redierit?
530 1133 707 1188 Venerat
731 1132 777 1171 in
805 1131 1003 1183 mentem,
1034 1133 1254 1172 sententias
1272 1132 1414 1172 melius
1435 1132 1511 1171 sibi
1529 1147 1631 1171 con—

108 1197 240 1241 stare,
271 1189 306 1229 si
338 1203 397 1230 vs.
421 1192 507 1233 396
531 1204 609 1244 pro
638 1192 731 1230 Nec
741 1190 894 1243 fratris
922 1190 1124 1243 legeretur
1150 1193 1207 1230 Ec
1232 1190 1387 1230 adscita
1414 1191 1543 1230 altera
1569 1191 1630 1229 le-

110 1249 245 1288 ctione
272 1247 439 1287 meliore
466 1249 616 1299 videri,
655 1247 737 1288 hoc
767 1248 911 1287 modo:
953 1250 1075 1287 Nam
1103 1264 1231 1302 neque
1258 1258 1345 1287 tum
1377 1250 1502 1287 stellis
1521 1251 1630 1287 acies

109 1306 251 1347 obtusa
266 1306 397 1346 videri
407 1336 418 1356 ,
452 1307 508 1345 Et
522 1307 675 1359 fratris
705 1307 834 1345 radiis
860 1305 1034 1346 obnoxia
1063 1322 1224 1360 surgere
1242 1309 1368 1346 Luna
1381 1323 1395 1345 .·
1426 1306 1629 1346 infinitivo

108 1364 316 1415 historico,
346 1370 396 1404 ut
413 1364 484 1403 sit:
514 1379 611 1404 nam
628 1373 667 1403 et
686 1364 894 1404 stellarum
914 1365 1017 1404 acies
1034 1371 1139 1415 tum,
1168 1365 1202 1404 si
1219 1366 1412 1404 serenitas
1430 1365 1629 1414 redditur,

109 1423 291 1463 oernitm-
312 1436 393 1462 non
413 1422 556 1462 obtusa
573 1454 584 1474 ‚
614 1424 672 1462 Et
689 1423 840 1476 surgit,
870 1423 1025 1473 oritur,
1056 1423 1099 1462 in
1118 1429 1376 1478 conspectum
1393 1423 1525 1474 venit,
1546 1424 1630 1461 Lu·-

109 1496 184 1532 na,
214 1493 319 1535 quae
336 1493 390 1519 ex
405 1486 554 1521 natura
571 1495 643 1520 sua
662 1487 724 1520 est
757 1481 936 1520 obnoxia
953 1482 1093 1520 fratris
1111 1481 1248 1521 radiis.
1307 1482 1460 1534 Lapsus
1479 1482 1522 1520 in
1545 1481 1630 1519 dis—

109 1539 304 1580 iunctivis
329 1538 466 1578 similis
493 1540 730 1579 observatus
754 1545 815 1577 est
843 1545 884 1577 et
910 1539 997 1578 aliis
1022 1540 1066 1578 in
1085 1540 1205 1591 locis,
1236 1546 1279 1580 et
1299 1540 1446 1593 legitur
1468 1553 1630 1592 quoque

111 1597 324 1651 Etsi-anie
346 1596 458 1650 apud
474 1597 608 1637 Schol.
626 1597 745 1637 Statii
765 1595 891 1636 Theb.
914 1598 968 1647 X,
990 1596 1086 1640 146.

223 1652 435 1696 manebam
452 1655 552 1695 mihi
565 1656 609 1695 in
625 1654 703 1695 his.
760 1655 861 1695 Mox
874 1660 1013 1695 tamen
1027 1654 1115 1695 vidi
1132 1656 1298 1709 reliqua,
1330 1669 1433 1708 quae
1451 1669 1629 1708 sequun-

110 1722 204 1766 tur,
231 1726 318 1754 non
346 1712 472 1766 magis
503 1715 563 1754 sic
590 1726 674 1753 esse
709 1713 895 1768 apposita
922 1719 964 1752 et
992 1714 1296 1754 accommodata
1319 1714 1452 1753 sensui
1473 1720 1629 1766 poetae.

109 1773 317 1826 Negantur
337 1772 519 1813 enimin
543 1772 623 1811 illis
653 1785 720 1823 ea,
751 1785 854 1824 quae
873 1772 1101 1812 serenitatis
1118 1773 1378 1826 prognostica
1402 1785 1486 1811 esse
1506 1772 1630 1810 debe-

109 1832 233 1872 bant:
277 1830 437 1870 Tenuia
461 1845 536 1870 nec
560 1852 621 1862 -
649 1832 753 1869 Non
781 1829 976 1882 tepidum.
1045 1832 1148 1869 Non
1175 1845 1240 1870 one
1273 1846 1308 1870 s.
1371 1831 1435 1870 [ta
1462 1830 1631 1870 tandem

109 1888 299 1945 persperi
316 1902 340 1927 a
356 1893 447 1928 toto
468 1894 611 1942 poetae
630 1888 796 1928 consilio
818 1888 996 1928 aberrari
1009 1901 1082 1942 per
1097 1889 1217 1928 istam
1233 1889 1630 1943 interpretationem3

111 1956 154 1989 et
179 1949 305 1988 latere
332 1945 520 1986 fraudem
544 1947 588 1986 in
614 1960 683 1997 eo,
714 1946 826 1999 quod
845 1946 1177 1987 animadversum
1194 1947 1308 1987 haud
1329 1954 1439 1998 erat,
1468 1953 1630 2000 poetam

110 2007 249 2062 ptimo
257 2018 346 2044 rem
363 2005 568 2045 declarare
585 2005 791 2058 negative,
823 2004 922 2044 dum
940 2005 1080 2055 docet,
1110 2006 1246 2045 abesse
1261 2019 1319 2055 ea,
1350 2019 1453 2058 quae
1472 2006 1631 2044 instan—

110 2072 195 2107 tem
222 2069 503 2117 tempestatem
530 2064 722 2103 nuntiare
744 2062 901 2116 possint
926 2069 967 2102 et
994 2064 1173 2115 soleant3
1211 2070 1302 2102 tum
1327 2078 1388 2103 vs.
1419 2062 1499 2106 401
1539 2077 1631 2102 eum

112 2121 308 2164 subiicere
331 2134 398 2172 ea,
439 2135 544 2174 quae
562 2135 661 2161 vere
689 2121 737 2160 iis
767 2127 858 2160 tum
891 2122 1175 2161 successerint:
1212 2126 1270 2160 Ac
1300 2121 1469 2160 nebulae
1494 2123 1631 2173 magst

112 2184 201 2220 ima
210 2187 370 2232 petunt.
434 2179 559 2229 Quod
575 2186 617 2218 et
634 2179 787 2219 Plinius
803 2178 929 2218 habet
948 2179 1094 2229 XVIII,
1118 2194 1150 2231 s,
1172 2182 1228 2222 83
1259 2179 1429 2218 nebulae
1445 2194 1466 2218 e
1483 2181 1630 2217 monti—

113 2238 187 2278 bus
217 2237 518 2287 descendentes,
562 2245 636 2276 aut
665 2238 780 2276 caelo
808 2237 1018 2288 cadentes,
1058 2239 1126 2278 vel
1148 2237 1193 2276 in
1230 2237 1409 2277 vallibus
1445 2237 1630 2286 sidentes,

113 2298 364 2336 serenitatem
377 2298 628 2347 promittunt.

228 2354 370 2406 Itaque
394 2353 437 2392 in
467 2367 546 2393 vss.
578 2353 662 2396 395
683 2376 733 2382 —-
753 2351 839 2395 400
855 2353 1040 2405 negative
1067 2359 1188 2406 poeta
1205 2353 1375 2407 exponit
1393 2352 1630 2392 sententiam

114 2418 318 2464 suam,et
335 2424 610 2451 successuram
629 2411 726 2450 caeli
747 2411 1003 2450 serenitatem
1024 2412 1230 2451 ominatur
1250 2412 1381 2464 primo
1405 2425 1456 2450 ex
1485 2411 1631 2449 absen-

113 2471 172 2511 tia
191 2484 355 2520 eorum,
386 2483 488 2522 quae
505 2470 653 2509 imbres
670 2469 947 2521 impendentes
968 2475 1009 2508 et
1027 2475 1187 2522 tempus
1212 2470 1446 2523 pluviosum
1472 2469 1630 2507 denun—

113 2530 218 2569 fiare
236 2529 405 2582 possint.
446 2530 554 2567 Sunt
571 2534 707 2567 autem
722 2526 826 2565 haec
845 2527 943 2567 ista:
973 2528 1181 2567 stellarum
1206 2530 1315 2567 acies
1332 2527 1472 2566 obtusa
1486 2558 1497 2576 ‚
1531 2527 1632 2564 luna

114 2589 263 2637 latens,
293 2586 415 2626 nubes
433 2595 631 2640 tanquam
643 2586 854 2638 gregale-5,
886 2581 1125 2640 (ἀγεληδόν)
1152 2601 1230 2638 per
1246 2600 1379 2625 aerem
1398 2594 1531 2634 actae,
1564 2585 1632 2622 al-

114 2660 255 2698 cyones
288 2660 338 2683 ex
357 2659 475 2683 sen-su
491 2646 678 2683 instantis
694 2645 869 2695 pluviae
892 2644 1160 2695 expandentes
1195 2645 1288 2682 alas
1304 2674 1316 2694 ,
1349 2658 1439 2682 sues
1459 2650 1633 2680 ementes

102 2703 283 2756 frugum
302 2703 550 2754 manipulos.
613 2702 760 2740 Omnia
785 2700 906 2752 haec,
941 2702 1128 2753 pluvium
1147 2708 1306 2754 tempus
1338 2699 1634 2748 denuntiantia,

115 2774 228 2800 nunc
242 2774 326 2799 non
344 2761 455 2799 cerni
474 2761 551 2811 ait,
582 2774 693 2799 nunc
717 2760 864 2798 abesse.
924 2759 1076 2798 Contra
1103 2773 1201 2799 vero
1223 2775 1283 2799 VS.
1303 2758 1382 2801 401
1418 2758 1540 2796 nubes
1559 2756 1632 2793 de-

115 2818 307 2857 scendunt
324 2820 366 2856 in
385 2826 531 2868 terras,
564 2833 654 2856 aere
674 2826 858 2867 ienuam,
888 2825 925 2855 et
947 2818 1158 2856 demittunt
1183 2832 1224 2855 se
1254 2820 1297 2855 in
1326 2817 1455 2854 valles
1468 2846 1479 2864 ‚
1517 2820 1557 2851 ct
1578 2813 1634 2851 sic

115 2889 254 2929 porro.
310 2875 427 2914 Nunc
446 2876 552 2915 enim
574 2876 814 2915 affirmative
841 2876 1046 2928 praesagia
1073 2875 1296 2914 serenitatis
1325 2872 1512 2912 instantis
1530 2884 1632 2910 enu-

115 2939 259 2973 merat.
316 2934 619 2973 Sententiarum
636 2933 788 2973 veritas
807 2933 849 2971 in
874 2932 936 2971 his
955 2933 1162 2985 elucescit,
1194 2940 1234 2972 et
1262 2938 1390 2971 totam
1408 2930 1490 2969 loci
1504 2930 1632 2968 inter—

116 2991 386 3046 pretationem
402 3004 513 3031 nunc
529 2991 572 3030 in
594 2991 710 3031 Notis
728 2991 786 3030 sic
804 2990 964 3030 refinxi.
