1734 3320
307 205 796 261 GEORGIC‘ON
832 209 975 260 LIB.
1009 210 1059 273 Ι,
1096 213 1389 264 855-365

1509 217 1609 268 357

15 316 18 318 ¹
83 337 200 386 Iam
241 335 344 386 sihi
382 343 503 385 tum
538 352 567 386 a
604 335 777 385 curvis
808 334 950 386 male
988 343 1258 403 temperat
1292 338 1439 389 unda
1480 342 1610 391 cari-
1640 344 1644 347 '

874 406 956 455 nis
968 447 982 470 ,
1505 417 1609 464 360

86 477 270 539 Quum
289 461 479 526 ¹medio
507 473 712 525 celeres
733 475 977 526 revolant
1000 492 1062 526 ex
1085 491 1322 543 aequore
1343 480 1531 543 mergi,

85 544 473 613 Clamoremqu

475 561 505 595 e
527 542 714 595 ferunt
746 545 814 596 ad
840 546 1023 608 litora;
1062 559 1344 614 quumque
1371 549 1609 600 marinae

81 617 147 666 In
170 614 311 666 sicco
332 614 530 666 ludunt
555 613 774 679 fiilicae3
812 625 1076 684 notasque
1099 615 1327 683 paludes

79 685 293 737 Deserit
319 694 480 754 atque
506 685 665 736 altam
687 703 847 754 supra
869 685 1012 736 volat
1037 686 1197 736 ardea
1221 686 1442 739 nubem.

83 757 258 823 Saepe
282 756 444 806 ctiam
469 755 668 821 stellaS‚
705 766 870 807 vento
892 756 1244 824 inpendente,
1278 756 1484 807 videbis
1506 762 1609 811 365

151 854 269 902 360.
305 865 421 900 ‘rum
448 864 639 901 cuav1s
711 865 943 903 manus:

1043 855 1160 905 364.
1195 854 1457 915 Damnum,

126 990 200 1026 360
221 1002 246 1023 a
263 991 392 1025 curvis
407 989 518 1024 Pierii
543 992 738 1034 Romanus,
765 999 912 1038 uterque
928 991 1075 1026 Mentel.
1093 993 1200 1026 Voss.
1225 997 1261 1026 et
1279 992 1386 1037 neg„
1422 991 1487 1025 sed
1506 1003 1607 1025 eraso

80 1049 116 1070 a.
137 1036 352 1071 illustratum
370 1038 415 1071 ab
431 1038 600 1079 Heinsio5
632 1050 698 1072 nec
717 1045 815 1072 recte
835 1046 952 1073 tamen
973 1039 1018 1073 ab
1041 1051 1084 1073 eo
1103 1046 1303 1085 receptum,
1327 1051 1405 1073 cum
1423 1050 1495 1072 non
1516 1039 1608 1073 scri-

83 1084 236 1118 bendum
255 1084 321 1118 aed
339 1084 676 1130 subintelligendum
700 1086 757 1119 sit.
806 1086 899 1131 (Sed
917 1086 1079 1120 nimirum
1098 1085 1285 1131 exemplis,
1310 1085 1415 1119 etiam
1434 1085 1470 1119 in
1486 1093 1608 1132 poeta,

81 1137 160 1164 erat
178 1131 423 1178 probandum,
455 1133 602 1166 verbum
622 1141 829 1180 temperare
848 1145 924 1167 cum
950 1133 1046 1167 nudo
1069 1133 1223 1167 ablativo
1243 1132 1343 1166 strui.
1391 1134 1468 1167 Nec
1487 1140 1609 1178 potest

79 1177 220 1212 dativus
243 1190 322 1212 esse
336 1180 462 1214 curvi-5
476 1181 634 1221 carinis,
659 1191 783 1225 quum,
808 1179 840 1213 si
860 1180 1015 1226 iungitur
1032 1180 1114 1214 huic
1132 1181 1244 1214 verbo
1262 1180 1418 1221 dativus,
1448 1191 1519 1214 non
1539 1180 1607 1214 ad-

79 1224 220 1260 iiciatur
235 1224 318 1260 sibi.
348 1226 441 1260 Hinc
460 1238 480 1260 e
496 1227 600 1261 codd.
620 1227 707 1260 satis
726 1227 829 1261 bonis
850 1227 977 1261 reduxi
994 1227 1307 1273 praepositionem,
1327 1227 1483 1272 agnitam
1500 1227 1607 1261 etiam

79 1272 125 1306 ab
146 1275 248 1307 Arna.
268 1271 421 1316 messio,
453 1273 514 1320 qui
532 1274 603 1308 hoe
622 1274 700 1318 ipso
734 1286 839 1308 versu
859 1274 987 1319 utitur,

78 1319 232 1355 iunctam
251 1320 387 1355 habere
404 1333 429 1354 a
446 1320 764 1366 praepositionem.
795 1324 851 1356 W
845 1323 892 1366 r.)

1022 1286 1091 1321 quo
1117 1275 1265 1317 doceat,
1298 1283 1503 1322 temperare
1519 1275 1607 1308 sub-

988 1324 1069 1356 Iam
1087 1334 1127 1355 se
1146 1322 1256 1356 Goth.
1274 1334 1346 1355 sec.
1380 1334 1461 1355 cum
1482 1323 1607 1356 curvis

77 1367 171 1402 ven.
218 1369 300 1401 Iam
328 1367 397 1402 eibi
411 1368 560 1408 Guietus
584 1374 621 1402 et
641 1368 853 1402 Gebhardus
882 1369 1162 1403 emendaverant.
1205 1369 1315 1414 (quod
1342 1367 1479 1414 recepit
1499 1369 1605 1403 Voss.

84 1416 143 1449 W
136 1415 183 1459 r.)
230 1415 312 1448 Iam
329 1414 400 1449 sibi
413 1424 491 1448 tum
511 1423 549 1448 et
565 1417 692 1449 curvis
710 1416 800 1449 alius
818 1416 873 1450 vir
893 1416 1019 1451 doctus
1039 1416 1075 1449 in
1096 1416 1196 1450 Misc.
1215 1417 1316 1449 Obss.
1336 1414 1419 1449 Vol.
1439 1416 1481 1457 11,
1499 1416 1543 1449 T.
1562 1417 1606 1458 11,

44 1495 49 1500 .
76 1473 115 1507 p.
136 1463 215 1503 171,
230 1461 334 1496 male.

429 1463 497 1499 361
524 1464 639 1505 Quom
660 1463 790 1497 Medic.
812 1475 832 1496 a
851 1476 899 1497 m.
921 1476 975 1510 pr.

0 1533 7 1543 .
77 1505 288 1543 θᾶσσον-ται
304 1505 573 1554 πτερύγεσσινς
604 1510 698 1543 unde
721 1509 909 1544 coniicias:
946 1511 1237 1565 Clangorefnque
1250 1509 1391 1557 serunt
1409 1510 1460 1542 ad
1480 1509 1605 1544 litom-

1069 1464 1141 1499 362
1164 1465 1203 1496 In
1224 1466 1353 1497 Arato:
1375 1464 1532 1506 χερσαῖα
1551 1475 1606 1498 τι·

76 1556 173 1600 Ergo
202 1555 375 1601 Virgilius
402 1556 518 1590 noluit
548 1557 859 1604 Clangoremque,
899 1569 988 1603 quae
1015 1569 1162 1604 propria
1188 1569 1256 1590 vox
1280 1557 1397 1599 foret,
1427 1556 1607 1599 scribere?

79 1603 246 1684 iu—e-nffi
288 1662 419 1684 ormam
446 1650 555 1695 genit.
577 1650 704 1695 plural.

729 1652 923 1698 paludium
935 1665 943 1692 3

76 1697 150 1733 364
172 1697 353 1731 Laudatur
373 1709 494 1731 versus
516 1710 537 1731 a
557 1700 692 1732 Seneca
713 1700 779 1739 Qu.
800 1700 885 1732 Nat.
904 1700 981 1741 Vll,
1003 1699 1061 1734 28.

302 1603 448 1646 aludis,
473 1615 545 1637 non
560 1604 741 1650 paludes,
764 1605 913 1645 Medic.;
943 1605 1036 1638 nude
1055 1604 1170 1649 gravis
1188 1603 1377 1638 auctoritas
1398 1602 1537 1637 accedit
1559 1603 1607 1638 ad

974 1652 1130 1699 paludis
1156 1650 1259 1685 etiam
1279 1650 1377 1695 Lips.
1397 1649 1470 1684 obl.
1508 1650 1605 1695 Wr.)

1108 1698 1229 1732 altum
1249 1698 1384 1732 volitat
1401 1709 1514 1744 super
1530 1699 1605 1731 Zu-

76 1743 220 1778 liehem.
267 1744 386 1778 altum
404 1757 517 1791 super
532 1745 660 1778 avolat
676 1746 803 1779 Mox-et.
824 1751 939 1791 quart.
956 1752 993 1779 et
1002 1744 1147 1779 vratisl.
1196 1744 1414 1792 supervolat
1429 1744 1604 1787 Parthas„

76 1791 171 1826 unde
186 1792 303 1825 Burm.
332 1791 424 1826 coni.
450 1804 565 1839 super
581 1791 718 1826 evolat.

813 1793 884 1828 365
907 1793 1119 1840 impellente
1134 1793 1297 1826 Parrhas.
1324 1798 1361 1824 et
1381 1790 1437 1824 ed.
1457 1791 1603 1825 Mediol.

76 1850 164 1872 nnus
181 1837 309 1880 Mead„
325 1838 477 1872 notabili
496 1838 743 1874 aberratione:
768 1839 957 1874 dummodo
975 1839 1135 1874 codicum
1151 1838 1343 1873 auctoritas
1361 1837 1481 1884 aliqua
1498 1844 1603 1873 esset.

77 1885 230 1933 (recepit
244 1885 314 1920 hoc
328 1886 436 1921 Voss.
466 1887 519 1922 W
516 1887 563 1932 r.)

73 2007 145 2057 gis
173 2004 462 2044 membr-escunt
494 2005 640 2045 Catull.
674 2005 811 2058 Epith.

75 2063 158 2103 Pel.
179 2062 277 2106 275.
318 2061 391 2116 (De
408 2076 671 2102 numerorum
691 2078 814 2117 prae-

77 2120 229 2160 stantia
254 2134 316 2160 νε.
338 2121 566 2164 357-59.
594 2121 680 2161 vid.
702 2123 813 2162 Voss.

82 2180 154 2219 W
145 2194 180 2218 r.

135 2176 235 2278 36)Ο.
249 2236 334 2275 Iam
347 2242 438 2275 tum
450 2235 546 2274 satis
559 2237 693 2289 gravis
704 2243 813 2276 tem-

76 2300 211 2348 pestas
226 2294 270 2333 in
288 2294 391 2343 alto,
421 2299 470 2332 ut
487 2295 602 2333 navis
620 2295 692 2334 vix
709 2296 813 2335 resi-

76 2358 159 2391 stat
170 2352 266 2391 satis
276 2352 479 2402 fluctibus,
490 2352 812 2393 increbrescente

75 2411 277 2464 procellae
293 2411 349 2460 vi,
368 2424 461 2449 cum
481 2416 557 2451 etc.
607 2414 705 2453 361.
723 2412 812 2451 Ex-

75 2482 213 2522 pressa
230 2468 332 2508 haec
350 2482 400 2507 ex
413 2468 562 2519 Ara103
581 2482 657 2508 nec
674 2475 811 2508 tamen

76 2541 171 2566 cum
189 2527 271 2566 fide
297 2541 344 2565 ac
369 2526 598 2579 diligenter,
628 2527 701 2566 sed
714 2541 813 2581 per-

75 2585 240 2624 mutatis
266 2585 403 2624 avium
425 2585 673 2635 nominibus,
703 2587 812 2625 forte

77 2642 191 2695 quod
209 2643 433 2682 communis
450 2657 590 2682 earum
608 2643 688 2682 hac
703 2644 748 2683 in
766 2657 811 2683 re

78 2706 140 2738 est
157 2706 317 2740 natura.
370 2701 495 2750 Quod
512 2702 649 2753 itaque
667 2701 718 2740 de
738 2717 811 2740 ar-

76 2758 157 2796 dea
170 2788 181 2808 ,
237 2758 391 2815 ἐρωδιῷ
402 2789 414 2809 ,
462 2759 625 2798 dixerat
658 2758 810 2799 Aratus

77 2830 118 2855 v.
153 2817 235 2857 182
262 2816 432 2855 Diosem.
478 2816 548 2858 καὶ
580 2819 604 2859 δ
616 2813 627 2830 ’
661 2814 714 2859 ὂν
741 2817 810 2859 ἐπὶ

78 2870 211 2927 ξηρὴν
241 2868 308 2914 ὅτ’
340 2872 507 2927 ἔρωδιὸς
534 2871 585 2916 οὕ
614 2873 717 2917 aava?
743 2871 810 2917 κό-

78 2944 183 2984 σμον
199 2926 266 2980 Ἐξ
289 2928 383 2979 ἆλὸς
399 2930 560 2985 ἔρχηται
576 2936 699 2990 φωνῇ
717 2932 810 2988 περὶ

77 2986 208 3031 πολλοὶ
228 2986 420 3041 λεληκώς,
435 2989 488 3028 ad
499 3004 656 3042 mergor
672 2997 811 3030 trans-

868 2005 966 2045 tulit
979 2005 1189 2058 Virgilius:
1227 2005 1364 2057 Quum
1383 2005 1515 2044 medio
1534 2019 1603 2043 ce-

869 2065 968 2102 leres
992 2065 1173 2102 revolant
1194 2079 1243 2102 ex
1263 2077 1434 2116 aequore
1453 2065 1598 2115 mergi,

873 2122 1175 2175 Clamoremque
1187 2122 1334 2174 serunt
1362 2121 1421 2159 ad
1446 2121 1597 2159 littora.

869 2178 926 2219 At
956 2179 1117 2229 Cicero,
1161 2179 1231 2231 qui
1258 2178 1429 2217 Arateos
1460 2192 1603 2218 versus

869 2237 998 2277 vertit
1023 2237 1075 2276 de
1101 2237 1190 2276 Div.
1206 2237 1237 2286 1,
1258 2239 1307 2287 8,
1322 2236 1502 2289 salicem
1531 2249 1602 2276 seu

868 2296 1033 2335 fulicam
1049 2295 1289 2335 nominavit.
1336 2293 1601 2333 Callimachus

870 2349 1033 2406 ὁύπτην
1069 2354 1113 2392 in
1155 2354 1295 2406 fragm.
1330 2352 1505 2392 CLXVII
1549 2365 1602 2391 ex

869 2411 1044 2464 Etymol.
1088 2412 1242 2451 contra
1270 2409 1421 2450 Aratus
1443 2424 1601 2462 mergos

871 2467 962 2523 (τᾶς
983 2468 1170 2524 αἰθυίας)
1195 2471 1239 2508 ἰη
1254 2470 1381 2507 littore
1404 2467 1599 2522 (χερσαῖα,

868 2527 910 2567 h.
936 2524 1039 2568 κατοὶ
1065 2525 1116 2568 τοὶ
1140 2544 1198 2579 χ.,
1236 2526 1281 2568 ἐν
1302 2526 1454 2583 χέρσῳ,
1484 2533 1534 2565 ut
1555 2525 1599 2567 ἔν

869 2587 998 2642 ξηρῷ,
1027 2585 1215 2638 Virgilius
1242 2585 1286 2623 in
1309 2585 1435 2633 sicco,
1465 2584 1508 2622 in
1526 2584 1600 2622 lit-

867 2650 978 2693 tore,
1015 2650 1065 2682 ut
1095 2649 1136 2682 et
1160 2642 1260 2682 Aen.
1286 2644 1350 2693 X,
1381 2641 1483 2695 301)
1519 2642 1600 2679 alis

862 2703 1063 2754 plangere
1081 2707 1388 2741 memoraverat.
1417 2699 1598 2738 Tandem

867 2774 908 2799 v.
926 2760 1012 2802 364
1042 2774 1135 2799 cum
1153 2758 1281 2798 Arato
1306 2757 1498 2798 convenit
1520 2771 1598 2795 no—

869 2824 981 2856 ster:
1030 2817 1264 2870 Κινυμένου
1302 2832 1345 2857 τε
1382 2809 1598 2855 θ’άλασσαν

867 2873 1164 2929 ὖπερφορέοιτ’
1188 2872 1357 2927 ἀνέμοιο
1376 2873 1526 2911 ardea:
1560 2878 1598 2908 et

868 2941 975 2972 moto
1021 2942 1138 2973 vento
1180 2931 1409 2984 supervolat
1456 2942 1566 2966 mare
1577 2943 1594 2975 ;

867 2989 949 3030 hoc
974 2990 1205 3030 exornavit:
1244 2997 1436 3041 notasque
1464 2986 1597 3038 palu-
