1768 3320
382 159 551 208 VITA
583 158 638 206 P.
665 156 971 222 ,VIRGILJI
1005 158 1325 212 MARONIS

1536 177 1631 211 (3111

15 277 26 310 '¹
97 288 258 328 ferunt.
308 288 416 327 Sunt
439 286 546 327 enim
558 280 581 337 ,⁶
600 286 671 338 qui
697 300 720 325 a
748 285 1076 338 Lacedaemoniis
1104 287 1335 339 pastoribus
1366 289 1513 328 Dianae
1539 291 1628 343 pri-

14 382 24 391 .
97 360 212 386 mum
246 357 410 385 carmen
440 344 521 384 hoc
555 344 766 384 redditum
803 344 965 395 dicant,
1007 358 1100 384 cum
1130 344 1260 384 eidem
1295 345 1415 396 deae,
1459 355 1628 401 propter

95 403 413 456 belluasquod
439 403 520 443 toti
547 403 739 443 Graeciae
760 402 830 442 illo
860 408 1044 456 tempore
1070 403 1214 442 Persae
1236 403 1485 454 inserebant,
1515 405 1630 444 exhi-

95 461 275 515 bmssper
292 462 469 515 virgines
486 461 537 501 de
553 475 668 502 more
690 475 804 501 sacra
823 475 905 500 non
924 468 1102 514 possent.
1160 461 1242 500 Alii
1261 462 1312 499 ab
1339 462 1496 512 Oreste,
1522 463 1629 502 circa
1640 466 1685 501 85

94 515 272 569 ‚Siciliam
296 534 423 573 vago,
453 520 500 559 id
522 533 648 573 genus
671 519 862 559 carminis
891 520 1042 559 Dianae
1069 519 1281 559 redditum
1309 520 1539 572 loquuntur
1554 534 1628 574 per

91 578 228 632 ipsum
249 584 371 631 atque
386 584 584 632 pastores:
614 593 696 631 quo
714 585 898 631 tempore
919 578 969 616 de
984 578 1149 632 Scythia
1176 592 1268 618 cum
1285 577 1438 631 Pylade
1458 579 1627 631 fugerat,

93 643 284 690 surrepto
317 637 496 679 numinis
526 637 765 687 simulacro,
806 642 849 675 et
884 637 1013 676 celato
1044 638 1087 676 in
1116 637 1222 676 sasce
1254 636 1474 689 lignorum3
1517 637 1628 676 unde

90 694 340 738 Fascelidem
355 695 524 739 Dianam
542 709 615 749 pel
616 695 760 735 hibent
785 701 1083 748 nuncupatam:
1123 695 1236 748 apud
1258 696 1373 734 cuius
1401 709 1492 734 aras
1521 695 1626 734 Ore—

91 758 173 792 stes
189 766 265 806 per
287 754 540 794 sacerdotem
566 754 744 793 eiusdem
774 753 952 792 numinis
979 753 1224 807 Iphigeniam
1254 766 1435 792 sororem
1459 767 1574 792 suam
1603 767 1627 791 a

88 811 309 865 parricidio
336 813 474 853 suerat
498 813 697 866 expiatus.
756 811 838 851 Alii
865 811 1043 866 Apollini
1065 812 1234 862 Nomio,
1262 806 1460 866 pastorali
1474 812 1626 851 scilicet
1637 820 1683 854 86

0 856 24 894 ff&
0 808 15 840 ιι
0 686 19 797 ...κγ’-ξς·
3 571 15 675 »ν-...ω
19 507 22 511 ,

0 923 16 1021 “symm-'-
0 896 13 918 »ς-

90 899 340 971 memorantur,
355 926 515 973 reperias
535 927 572 962 in
590 928 702 983 princ.
721 927 829 962 Com-

90 981 199 1009 ment.
214 974 346 1018 servii,
370 987 390 1009 e
414 975 538 1021 quibus
568 975 736 1009 videntur
758 975 828 1009 huc

89 1021 188 1056 male
198 1029 366 1057 revocata
383 1034 472 1057 esse.
497 1025 587 1057 Sunt
605 1029 723 1056 autem
744 1022 828 1068 ple—

56 1089 60 1095 ·
89 1080 211 1123 taque
219 1081 240 1103 e
257 1071 395 1104 Graeco
413 1069 651 1104 Grammatico
677 1081 829 1105 conver-

63 1137 68 1139 >
90 1128 142 1158 sa,
151 1115 212 1162 qui
232 1117 277 1151 ab
286 1116 416 1152 Aldina
435 1117 518 1151 inde
537 1117 687 1163 praefigi
699 1117 830 1151 Theo-

89 1163 181 1198 crito
200 1163 314 1200 solet:
337 1163 425 1210 περὶ
446 1164 539 1222 τοῦ,
563 1164 643 1200 ποῦ
661 1162 727 1200 καὶ
744 1163 829 1205 παῖς

90 1206 233 1257 εὖρέθη
251 1209 301 1247 τὰ
319 1213 546 1246 Βονκολικα.

135 1260 474 1293 aLacedaemonim
488 1256 717 1313 pastoribus.
740 1257 827 1291 Bel-

88 1305 126 1340 lo
152 1305 295 1341 Persico
325 1318 401 1340 cum
428 1306 560 1340 festum
588 1305 725 1338 Dianae
756 1305 827 1338 Ca-

18 1356 22 1363 '
72 1353 238 1398 *tyatidis
258 1353 428 1398 instaret,
454 1354 550 1388 cuius
570 1352 718 1387 fanum'
707 1364 744 1385 m
752 1353 827 1386 La-

88 1400 212 1437 conica
238 1407 338 1444 erat,
369 1401 406 1434 in
438 1412 508 1446 quo
537 1400 691 1455 virgines
711 1401 828 1433 Lace-

86 1447 355 1482 daemoniorum
388 1447 663 1482 anniversarium
697 1447 826 1480 festum

87 1495 243 1551 agebant
274 1502 312 1529 et
341 1508 383 1529 ex
415 1506 516 1528 more
547 1494 666 1540 patrio
694 1494 826 1527 choros

86 1541 342 1585 instituebant,
374 1542 449 1576 vid.
484 1543 633 1576 Pansan.
660 1542 730 1583 ΙΙΙ,
768 1543 825 1583 10,

36 1620 51 1635 ί,
87 1590 185 1624 bello
216 1590 338 1635 itaque
367 1589 530 1631 Persico,
565 1588 661 1635 quod
682 1589 824 1622 Xerxes

86 1637 257 1677 Graeciae
268 1636 399 1680 intulit,
417 1649 494 1671 cum
502 1644 652 1682 propter
667 1634 825 1669 hostium

83 1691 217 1719 metum
242 1684 385 1730 puellae
409 1683 678 1718 Lacedaemone
700 1682 825 1727 egredi

0 1727 7 1732 “
50 1750 52 1752 -
84 1743 157 1766 non
173 1732 358 1774 auderent,
379 1738 542 1786 pastores
562 1729 730 1765 Laconici
746 1729 823 1774 agri

83 1791 184 1814 sam-a
200 1778 328 1813 fecisse
358 1786 394 1813 et
412 1778 563 1812 Dianam
591 1777 662 1811 suis
690 1777 822 1811 carmi-

83 1826 186 1860 nibus
214 1826 415 1860 celebrasse
439 1831 698 1865 memorantur5
731 1836 822 1870 quae

83 1873 238 1909 carmina
274 1885 353 1908 cum
383 1873 539 1919 probata
565 1850 737 1914 fuissent,
774 1871 820 1906 ab

83 1933 127 1956 eo
145 1927 310 1968 tempore
332 1933 467 1955 morem
484 1921 613 1954 horum
631 1919 822 1953 carminum

83 1980 162 2002 esse
189 1975 375 2002 servatum.
422 1969 540 2010 Haec,
584 1967 652 2000 etsi
676 1966 734 2000 vix
762 1966 822 2000 vi-

81 2015 167 2050 deas
195 2015 373 2061 quomodo
395 2015 480 2049 inde
508 2013 664 2048 bucolici
689 2013 821 2048 carmi-

80 2062 135 2096 nis
153 2063 255 2108 origo
288 2062 408 2109 repeti
435 2061 572 2108 possit,
603 2061 735 2095 iactata
762 2061 820 2094 vi-

82 2110 170 2149 deas
197 2110 259 2144 ubi
283 2122 346 2144 ue:
398 2109 470 2144 vid.
497 2109 754 2143 Grammaticus
781 2108 819 2141 in

78 2157 200 2192 fronte
338 2157 438 2191 criti·
472 2156 641 2191 Serviana
667 2168 722 2201 pr.
743 2157 818 2189 Bu-

81 2194 560 2250 colicor.1;e.1‹'10r.01-igg.1‚
586 2204 690 2239 c.38.
725 2202 818 2237 Dio-

79 2252 201 2286 medes
218 2251 284 2286 lib.
301 2253 370 2294 111,
403 2263 440 2308 p.
457 2251 528 2288 483
559 2250 702 2284 Putsch.
725 2251 818 2284 Pro-

79 2299 146 2333 bus
181 2299 227 2333 dc
262 2278 417 2334 bucolici
458 2297 621 2333 carminis
656 2297 816 2339 ratione,

124 2346 256 2380 aefixua
294 2345 376 2381 edd.
407 2345 607 2387 nonnullis,
643 2351 684 2379 ut
710 2345 816 2379 Basil.

76 2357 450 2448 fflnrioopetr.1575,
470 2393 507 2427 in
528 2404 598 2438 quo
624 2391 731 2430 multa
749 2403 816 2426 co—

105 2440 213 2475 osius
230 2440 390 2487 exposita
406 2447 505 2475 sunt:
530 2442 613 2475 vet.
627 2440 814 2473 Gramma-

76 2452 137 2523 ἢ.
164 2489 439 2534 Apospasmatia
467 2488 512 2522 ad
538 2487 671 2522 calcem
699 2487 815 2521 Mallii

77 2534 122 2569 ab
141 2536 362 2580 Heusingero
385 2535 534 2580 editap.
552 2535 610 2570 93.
628 2533 686 2570 94.

124 2583 156 2628 §.
173 2583 231 2618 85.
255 2582 302 2618 ab
319 2585 460 2616 Oreste.
506 2583 547 2616 ln
565 2582 697 2623 Sicilia,
720 2581 814 2615 inter

77 2629 191 2675 Mylas
220 2636 256 2663 et
285 2630 527 2672 Naulochum,
558 2641 631 2662 non
654 2628 762 2674 longe
792 2640 814 2663 a

77 2677 326 2721 promontorio
353 2676 504 2717 Peloro,
534 2676 704 2721 templum
722 2675 814 2709 Dia-

76 2735 142 2757 nae
168 2724 367 2758 Facehnae
394 2724 468 2758 sive
485 2724 713 2764 Faceliti'dts,
738 2720 812 2767 Ἀρ-

76 2768 227 2813 τέμιδος
242 2770 494 2815 φαιιελίτιδος,
511 2776 607 2811 erat3
633 2769 729 2804 cuius
751 2783 812 2804 sa-

78 2828 174 2852 crum
188 2829 229 2851 ac
245 2829 373 2854 nomen
391 2831 411 2852 a
427 2817 717 2852 Lacedaemoniis
743 2830 813 2863 pe-

77 2863 182 2899 titum
201 2871 293 2898 erat.
317 2878 348 2899 v.
364 2866 513 2900 Pausan.
528 2866 589 2906 ΙΙΙ,
599 2866 655 2907 16,
673 2877 710 2910 Ρ.
700 2864 811 2906 .249;

76 2921 154 2944 cum
194 2917 309 2944 autem
341 2912 381 2945 hi
409 2912 583 2965 originem
619 2924 642 2945 a
675 2911 811 2945 Dianae

76 2955 248 2991 Tauricae
265 2957 449 2994 simulacro
471 2972 538 3004 per
565 2961 728 2993 Orestem
742 2959 812 2993 de-

888 933 1035 982 portato
1061 933 1286 974 repeterent:
1321 927 1465 962 fabulae
1480 926 1626 962 lieentia

888 974 1019 1009 deinde
1045 987 1186 1008 errores
1205 974 1343 1021 aliquos
1369 975 1504 1009 Orestis
1531 975 1624 1010 circa

886 1021 1040 1057 Siciliam
1059 1022 1274 1056 comminisci
1294 1029 1511 1068 coeperuut5
1531 1023 1626 1056 unde

885 1069 987 1103 fluxit
1013 1069 1172 1104 narratio
1207 1070 1252 1103 de
1281 1069 1435 1104 bucolici
1461 1069 1624 1104 carminis

886 1117 1207 1199 ...ι’
1225 1116 1512 1200 }·121‘÷;2¹:.2-.-.¹32
1530 1119 1623 1198 ”sa

887 1222 969 1244 vero
996 1210 1208 1252 Fasoelide,
1243 1224 1276 1245 v.
1301 1210 1395 1258 inpr.
1423 1212 1560 1246 Cluver.
1586 1211 1622 1245 in

885 1258 982 1292 sicil.
1016 1265 1090 1292 ant.
1115 1269 1152 1303 Ρ.
1179 1258 1251 1295 304
1269 1271 1346 1305 sqq.
1364 1259 1553 1293 Muucker.
1575 1259 1621 1293 ad

884 1305 1016 1351 Hygin.
1053 1305 1126 1339 fab.
1162 1306 1313 1340 CCLXI.
1346 1306 1515 1343 Antonin.
1540 1306 1620 1340 Lib.

884 1354 944 1389 27.
967 1353 1069 1387 Adde
1079 1353 1233 1386 Probum
1256 1365 1362 1400 supra
1378 1360 1622 1395 memoratum,

885 1402 1076 1434 Grammat.
1096 1400 1284 1434 Theocrit.
1296 1401 1319 1434 l.
1329 1401 1353 1435 l.
1363 1401 1483 1436 Schol.
1494 1401 1621 1434 Horat.

884 1448 1013 1492 Cruqu.
1039 1448 1055 1480 Ι
1073 1447 1185 1480 Carm-
1204 1449 1240 1489 7,
1267 1450 1322 1483 10.
1347 1449 1462 1494 Intpp.
1483 1448 1530 1481 ad
1550 1447 1620 1483 Vi-

887 1495 980 1529 bium
1007 1507 1044 1541 p.
1070 1495 1150 1530 170.
1191 1495 1370 1529 Traducta
1399 1506 1539 1541 quoque
1568 1502 1622 1529 est

882 1541 1003 1576 fabula
1037 1541 1075 1574 in
1102 1541 1260 1582 Italiam3
1301 1555 1381 1576 nam
1417 1548 1455 1575 et
1480 1541 1620 1576 Ariciae

880 1590 951 1623 fuit
968 1588 1102 1622 Dianae
1121 1589 1295 1623 Tauricae
1319 1587 1475 1635 βρέτας·
1507 1589 1620 1623 Solin.

882 1650 946 1718 {Zp
950 1635 1618 1738 Zgfforisscnss‘ss‘ssmvffiffl‘ffi?

883 1731 928 1767 13
948 1743 1001 1776 sq.
1023 1737 1060 1764 et
1077 1730 1209 1775 Rhegii
1234 1730 1308 1764 eius
1326 1731 1455 1776 religio
1475 1731 1617 1764 habita:

880 1791 914 1812 v.
933 1777 1106 1812 Morisani
1125 1778 1306 1825 Inscriptt.
1332 1777 1485 1823 Rhegin.
1502 1790 1540 1823 Ρ.
1559 1779 1617 1813 91

880 1827 938 1862 92.
985 1825 1125 1859 Probus
1149 1825 1175 1858 l.
1194 1838 1224 1860 c.
1253 1825 1377 1859 laudat
1398 1837 1521 1859 versus
1538 1826 1616 1858 Lu-

879 1872 973 1907 cilii:
990 1893 1036 1898 -
1053 1880 1091 1905 et
1112 1884 1244 1920 saepe,
1269 1874 1368 1919 quod
1387 1882 1477 1906 ante
1497 1875 1615 1920 Opta-

879 1922 949 1963 sti,
985 1918 1095 1967 freta
1131 1922 1333 1954 Messanae
1367 1928 1404 1953 et
1439 1920 1616 1967 Rhegma

877 1965 1020 2002 videbis
1037 1968 1205 2010 Maenia,
1232 1975 1309 2001 tum
1327 1968 1512 2015 Liparas,
1536 1970 1615 2001 Fa-

878 2015 1021 2048 celinae
1040 2013 1101 2059 (et)
1121 2015 1259 2062 templa
1279 2016 1445 2055 Dianae3
1471 2014 1547 2048 scil.
1569 2014 1614 2047 ad

877 2061 995 2107 Mylas
1015 2061 1168 2096 Siciliae.
1218 2063 1308 2096 Tam
1321 2061 1395 2095 late
1416 2074 1539 2107 sparsa
1560 2068 1614 2094 est

876 2109 967 2143 haec
984 2108 1125 2150 fabula,
1149 2116 1191 2143 ut
1211 2109 1334 2143 eadem
1350 2109 1418 2143 hac
1433 2109 1511 2143 face
1528 2108 1614 2162 plu-

875 2168 915 2190 ra
933 2157 1145 2202 scriptorum
1160 2156 1241 2190 loca
1258 2156 1466 2190 collustrare
1484 2155 1616 2202 possis,

876 2203 997 2245 Quid?
1030 2204 1126 2248 quod
1143 2204 1189 2238 ad
1207 2203 1344 2249 Syriam
1364 2203 1487 2237 eadem
1505 2203 1613 2236 fabu-

873 2250 909 2284 la
926 2250 996 2283 fuit
1021 2244 1175 2284 deducta
1201 2252 1245 2285 ab
1268 2250 1501 2285 Antiochenis
1518 2249 1610 2284 scri-

873 2297 1049 2342 ptofibus,
1067 2298 1128 2343 qui
1147 2298 1288 2332 omnino
1300 2298 1400 2331 sibi·
1388 2310 1427 2331 ιιι
1438 2298 1507 2331 hoc
1526 2297 1610 2342 pla-

874 2357 999 2387 cuere,
1034 2351 1075 2378 ut
1097 2352 1236 2380 veteres
1267 2345 1406 2380 fabulas
1435 2345 1481 2378 ad
1511 2357 1610 2378 suum

874 2394 1043 2426 Orontem
1069 2393 1308 2427 traducerent.
1351 2405 1385 2426 v.
1414 2392 1544 2426 Malala
1571 2404 1607 2436 Ρ.

873 2441 953 2476 176.
988 2439 1138 2474 cedrea.
1203 2439 1311 2476 ‚134
1344 2452 1386 2485 sq
1390 2439 1608 2484 .Lamprid.

869 2487 1017 2532 Elagab.
1037 2488 1072 2529 7,
1098 2495 1135 2521 et
1159 2453 1212 2521 ibi
1224 2452 1386 2522 Salmasq
1401 2487 1482 2520 add.
1513 2486 1608 2520 Eck—

870 2534 932 2567 hel
937 2513 1123 2568 ”Doctrina
1140 2546 1275 2568 numor.
1292 2536 1326 2567 V
1329 2534 1376 2568 ol.
1397 2536 1455 2576 ΠΙ,
1476 2547 1513 2580 Ρ.
1524 2534 1606 2569 317.

870 2581 1107 2615 Clarissimum
1124 2582 1259 2615 Dianae
1277 2581 1451 2616 Tauricae
1469 2581 1606 2626 signum

869 2628 939 2662 fuit
958 2629 997 2662 in
1023 2629 1162 2663 Atticae
1186 2640 1280 2674 pago
1304 2630 1508 2669 Braurone;
1531 2629 1606 2661 Eu-

872 2676 939 2721 rip.
958 2675 1073 2722 Iphig.
1090 2676 1126 2709 in
1144 2678 1250 2710 Taur.
1267 2683 1355 2709 extr.

919 2724 950 2768 §.
970 2724 1027 2758 86.
1051 2723 1140 2757 Alii.
1168 2723 1287 2757 Facile
1303 2729 1461 2769 apparet,
1477 2724 1606 2755 Gram-

870 2770 1020 2804 maticos
1049 2769 1139 2804 haec
1157 2783 1200 2804 ex
1225 2771 1269 2804 iis
1287 2777 1474 2824 poetarum
1491 2771 1605 2802 buco—

869 2816 1019 2851 licorum
1045 2817 1136 2852 locis
1161 2817 1371 2863 collegisse,
1403 2817 1439 2850 in
1468 2816 1604 2861 quibus,

870 2864 1014 2910 poetico
1028 2875 1149 2907 more,
1181 2865 1288 2899 modo
1311 2865 1405 2898 hunc
1424 2863 1531 2896 modo
1554 2861 1603 2893 il—

869 2912 944 2945 lum
968 2912 1073 2945 deum
1104 2923 1221 2946 rernm
1251 2912 1457 2945 rusticarum
1494 2920 1603 2953 prae-

871 2958 983 2993 sidem
1005 2959 1198 3006 propitium
1224 2959 1292 2992 sibi
1320 2970 1397 2992 esse
1423 2955 1603 2997 volebant,
