1768 3320
186 216 258 250 xx
682 188 1231 243 PRAEFATIO

187 327 538 386 iiciendum.
622 323 902 380 Poteram
954 320 1131 396 igitur
1177 327 1335 373 certe
1390 332 1495 384 ea,
1561 331 1720 390 quae

189 429 376 488 super
420 427 491 463 63
533 426 597 461 re
642 412 1080 460 commentatus
1123 400 1389 465 sueram,
1433 395 1519 450 ita
1551 413 1722 452 com-

189 490 507 548 municare
538 506 678 542 cum
712 483 1061 551 lectorib11S,
1104 490 1170 534 ut
1211 476 1366 532 nihil
1406 487 1613 531 tamen
1653 475 1721 538 in

189 571 336 649 ipsis
383 579 597 646 poetae
640 564 837 620 verbis
881 564 1281 634 immutarem.
1368 556 1492 612 Sed
1533 568 1721 612 terre-

191 653 295 707 bat
336 671 433 705 me
479 643 816 704 communis
859 646 981 698 sere
1025 659 1150 696 sors
1181 638 1398 694 talium
1431 637 1718 716 ‘scriptio-

190 751 369 801 num,
415 747 569 803 quae
615 728 689 781 ab
734 743 855 779 uno
890 724 1146 779 alterove
1179 721 1493 796 leguntur,
1539 730 1622 788 et,
1667 718 1720 773 si

192 811 494 887 quaedam
518 807 612 863 vel
638 824 885 883 operose
920 813 1231 879 congesta,
1274 800 1370 855 vel
1401 799 1716 878 ingeniose

190 902 437 948 tractata
476 889 599 944 visa
632 885 883 952 fuerint,
917 884 1097 939 etiam
1125 881 1482 951 laudantur,
1516 900 1552 937 a
1587 880 1718 958 ple«

193 973 395 1045 risque
449 967 832 1045 negliguntur
889 976 945 1019 et
1001 973 1505 1033 contemnuntur,
1569 981 1718 1018 mox

193 1050 478 1108 oblivioni
516 1046 733 1103 tradita
781 1046 845 1100 in
889 1045 1006 1100 situ
1061 1055 1116 1099 et
1166 1044 1451 1118 squalore
1505 1042 1718 1099 delite-

191 1143 381 1188 scunt.
463 1129 668 1202 Itaque
712 1126 948 1204 putavi,
993 1136 1053 1180 ut
1084 1125 1335 1180 tandem
1366 1123 1486 1202 ipsi
1514 1123 1717 1180 homi-

188 1231 340 1267 num
376 1210 535 1266 oculi
565 1207 783 1263 veriori
810 1206 1211 1262 adsuelierent
1239 1205 1493 1276 rationi,
1523 1224 1716 1284 pecu—

188 1293 403 1347 liarem
435 1289 588 1345 mihi
617 1287 956 1366 parandam
994 1307 1122 1343 esse
1156 1287 1511 1358 editionem,
1553 1305 1713 1363 quae

191 1384 246 1428 et
288 1370 661 1446 quaestiones
704 1368 846 1423 istas
891 1368 1392 1444 orthographicas
1438 1368 1716 1424 contine*

186 1463 275 1507 ret
309 1462 373 1506 et
413 1451 544 1527 ipsa
585 1450 769 1504 verba
819 1461 1034 1526 poetae
1081 1449 1161 1505 ad
1204 1468 1304 1519 ea,
1358 1467 1516 1523 quae
1560 1448 1716 1504 mihi

185 1530 576 1608 probabiliter
600 1529 935 1606 disputasse
960 1530 1216 1601 viderer,
1258 1530 1580 1586 constituta
1607 1549 1714 1586 ex-

185 1611 431 1667 hiberet.
512 1609 727 1690 Delevi
756 1610 933 1686 igitur
961 1623 1133 1668 notas
1164 1611 1351 1667 huius
1384 1610 1619 1687 generis
1646 1609 1714 1665 in

189 1690 723 1761 commentarium,
780 1712 961 1767 quem
1016 1691 1534 1771 conscripseram,
1585 1692 1713 1747 iam

185 1771 410 1842 illatas3
452 1790 826 1847 quamquam
867 1773 950 1829 ita
990 1774 1222 1830 factum
1255 1785 1372 1845 est,
1415 1785 1481 1830 ut
1519 1791 1713 1849 quae-

190 1851 364 1922 dam,
424 1870 579 1925 quae
624 1854 939 1910 oculorum
982 1855 1181 1911 aciem
1225 1854 1589 1932 effugerant,
1646 1853 1713 1908 in

186 1931 382 2008 primo
427 1932 540 1987 1106
581 1931 906 1990 Volumine
948 1937 1372 1992 remanserint.
1456 1936 1714 1992 Paucis-

188 2011 340 2066 sima
380 2010 558 2088 igitur
598 2013 714 2069 hoc
758 2015 822 2070 in
851 2036 1068 2093 genere
1101 2017 1335 2073 videbis
1367 2035 1404 2074 a
1437 2037 1536 2073 me
1577 2036 1711 2073 cor*

187 2102 378 2160 recta,
437 2111 550 2147 nec
603 2107 792 2150 vertes
846 2096 1000 2152 mihi
1051 2097 1224 2168 vitio,
1284 2098 1449 2175 quod
1503 2098 1709 2155 adhuc

190 2170 489 2244 quaedam
542 2172 787 2230 diversis
842 2177 1037 2234 modis
1091 2179 1317 2257 scripta
1371 2180 1713 2259 deprehen-

190 2249 325 2320 des,
367 2263 429 2306 ut
471 2271 640 2328 quum
677 2267 733 2311 et
764 2276 919 2323 cum,
964 2260 1156 2314 laevia
1188 2274 1243 2316 et
1275 2262 1460 2328 levia,
1496 2261 1707 2320 labsus

190 2341 247 2384 et
289 2331 516 2403 lapsus,
561 2345 615 2389 et
656 2336 868 2412 siqua
911 2351 1050 2396 sunt
1093 2340 1159 2395 id
1201 2361 1390 2419 genus
1434 2342 1575 2398 alia.

347 2410 467 2466 Sed
510 2414 616 2468 etsi
663 2436 792 2472 rem
835 2420 1107 2476 criticam
1150 2423 1215 2477 in
1259 2423 1490 2501 potiore
1533 2423 1709 2479 labo—

187 2490 269 2544 ris
297 2491 419 2544 mei
441 2505 604 2568 parte
631 2495 979 2555 habendam
1011 2502 1163 2557 mihi
1196 2504 1552 2574 existimavi,
1583 2523 1710 2559 non

109 2646 115 2653 ἡ
186 2581 392 2624 13111611
433 2572 770 2662 111161Ἰ116115
824 2579 1094 2636 officium
1134 2585 1316 2661 plane
1370 2585 1710 2641 detrectan-

189 2649 336 2704 dum
366 2652 531 2739 ‘VltlL
624 2655 827 2730 ltaque
880 2660 986 2716 ubi
1043 2665 1135 2718 vel
1191 2665 1574 2722 dissentirem
1628 2665 1717 2721 ab-

186 2728 708 2821 Heyn1.0,-causas
755 2737 1146 2798 dissentiendi
1188 2765 1374 2820 quam
1415 2747 1550 2803 fieri
1590 2765 1707 2824 po-

186 2819 299 2863 tmt
327 2810 671 2868 brevissime
704 2818 990 2894 explicui,
1034 2825 1128 2878 vel
1168 2817 1278 2882 ubi
1319 2828 1709 2905 praetermis..

186 2907 322 2944 sum
355 2890 583 2965 aliquid
610 2906 915 2970 putarem,
956 2901 1180 2976 adieci,
1225 2909 1392 2982 quod
1427 2927 1580 2987 opus
1616 2906 1708 2964 vi-
