1768 3320
348 223 447 276 AD
486 220 863 271 CARMINA
918 221 1345 273 BUCOLICA
1540 230 1607 278 35

87 364 294 399 versam
329 347 534 398 Italiam
570 345 776 412 fameS,
841 365 1011 414 quum
1052 345 1325 398 frumenta
1368 364 1608 402 arcerent

84 417 375 485 Pompeius
406 427 460 468 et
497 418 551 467 in
572 418 727 468 Ionio
751 418 887 467 mari
905 418 1174 467 Domitius
1201 418 1606 472 Ahenobarbus,

83 492 271 540 Mense
310 487 604 538 Februario
664 487 983 538 Octavianus
1020 487 1270 555 repudiat
1315 489 1607 556 ΟΙιυάἰεΠῐι,

82 558 298 610 Fulviae
322 555 501 609 filiam.
572 562 701 609 Post
731 557 838 608 hoc
870 557 1162 625 repudium
1194 557 1390 609 infensi
1417 561 1608 610 Lucius

84 638 139 679 et
167 627 374 693 Fulvia,
423 629 515 696 qui
548 637 702 678 antea
727 637 777 677 tr
780 627 995 696 inqullll
1024 626 1159 678 fuer
1151 637 1239 678 {nt
1271 637 1324 678 ct
1353 630 1525 679 amico
1554 631 1608 680 in

84 699 438 750 Octavianum
473 699 669 751 animO.
710 701 899 749 Mense
919 699 1112 748 Martio
1140 699 1458 749 Octavianus
1483 699 1605 750 Gal-

83 769 210 818 liam
235 768 554 836 Cisalpinam
584 770 664 819 sui
688 768 813 819 iuris
835 768 948 818 vult
980 768 1250 818 declarare
1284 769 1338 818 in
1359 769 1610 820 fraudem

82 839 315 890 Antonii.
383 839 599 889 Eodem
638 856 829 888 mense
864 838 1185 888 divisionem
1229 855 1481 904 agrorum
1522 855 1609 905 ag-

81 908 335 975 greditur,
356 910 595 976 primum
617 909 840 977 quidem
861 926 974 959 non
997 911 1182 961 XVIII.
1203 909 1417 960 illarum
1436 909 1608 959 modo

79 979 313 1044 urbium,
325 996 462 1047 quae
486 986 692 1032 ao,711.
706 979 1008 1045 designatae
1026 978 1255 1044 fuerant,
1275 980 1372 1030 sed
1392 980 1608 1030 adiectis

83 1049 192 1099 aliis
210 1066 311 1117 per
329 1058 500 1099 totam
518 1050 722 1100 Italiam
738 1050 861 1115 (Dio
886 1051 1024 1102 Cass,
1038 1052 1146 1113 IIL,
1173 1056 1217 1102 6.
1238 1056 1309 1115 7.)
1326 1075 1338 1112 ;
1362 1067 1463 1100 nec
1481 1067 1609 1100 son-

80 1120 215 1170 tium
241 1119 439 1184 modO,
474 1119 571 1170 sed
601 1129 915 1171 senatorum
945 1120 1107 1170 etiam
1146 1129 1199 1170 et
1231 1120 1460 1170 aliorum
1492 1121 1607 1170 sine

79 1189 194 1240 ullo
228 1189 551 1243 discrimine.
607 1189 776 1241 Multa
798 1189 934 1257 spoli
939 1190 1032 1239 atis
1054 1190 1268 1257 templis
1288 1192 1490 1259 rapuit,
1513 1190 1608 1240 alia

79 1269 287 1325 mutuo,
308 1261 386 1310 uti
414 1261 601 1325 aiebat,
624 1261 812 1311 sumsit
854 1261 1097 1327 (Appian.
1121 1264 1184 1326 V,
1202 1266 1371 1313 13.14.
1389 1267 1470 1314 23
1486 1265 1606 1326 40..)

77 1330 216 1380 Hmc
229 1345 386 1396 grave
408 1331 611 1384 odium.
649 1334 884 1382 Romam
899 1331 1089 1380 turbae
1115 1331 1461 1398 expulsorum
1484 1347 1607 1381 con-

79 1399 345 1465 fluebant,
382 1401 627 1466 iuvenes,
670 1418 849 1465 561195,
885 1400 1253 1468 mulieresque
1276 1419 1399 1451 cum
1434 1399 1607 1451 infan-

77 1471 242 1535 tibus,
282 1479 334 1520 et
353 1471 408 1520 in
434 1470 558 1521 foro
580 1480 632 1520 et
651 1488 751 1538 per
773 1470 976 1537 templa
999 1471 1472 1538 conquerebantur
1494 1472 1606 1521 eiu—

80 1540 405 1609 labantque,
452 1558 510 1591 se
545 1541 679 1591 nihil
729 1541 1059 1591 commisisse
1108 1540 1420 1606 clamanteS,
1476 1540 1605 1608 pelli

80 1620 260 1660 autem
283 1612 441 1676 agriS,
476 1620 538 1661 ut
559 1611 709 1661 bello
738 1611 988 1661 devictos
1062 1612 1355 1662 Condoluit
1373 1611 1605 1678 populus

79 1682 358 1731 universus
389 1683 625 1746 Romae,
697 1680 843 1731 fame
895 1682 1054 1731 etiam
1108 1698 1322 1748 pressus
1360 1682 1603 1748 (Appian.

80 1754 143 1815 V,
172 1757 289 1816 12).
363 1752 682 1802 Octavianus
711 1769 1037 1819 quamquam
1058 1751 1413 1803 vehementer
1433 1769 1460 1800 a
1480 1768 1605 1818 spo-

77 1821 330 1871 liatorum
358 1822 606 1872 conviciis
632 1821 818 1887 laesus,
829 1821 949 1872 tulit
968 1831 1150 1872 tamen
1174 1821 1526 1872 contumelias
1550 1822 1604 1870 in

77 1892 299 1956 gratiam
322 1893 578 1942 exercitus
594 1934 606 1957 ,
646 1909 816 1960 quum
841 1893 936 1942 ista
958 1892 1217 1942 divisione
1236 1892 1470 1941 militum
1493 1892 1604 1941 ani-

76 1978 200 2011 mos
231 1962 329 2011 sibi
354 1962 689 2028 obstringere
710 1962 872 2012 vellet
908 1963 1152 2029 (Appian.
1189 1966 1252 2026 V,
1298 1968 1425 2027 13.);
1467 1978 1602 2028 quos

77 2048 263 2082 revera
285 2032 383 2081 sibi
407 2033 565 2082 etiam
592 2032 898 2084 conciliavit.
965 2035 1047 2083 De
1076 2032 1387 2083 vehementi
1422 2041 1603 2081 autem

81 2102 274 2152 civium
299 2102 426 2152 odio
449 2101 538 2155 cfr.
573 2103 677 2153 Dio
706 2105 842 2154 Cass,
871 2105 1174 2167 XXXXVII,
1213 2109 1258 2155 6.
1295 2109 1341 2155 7.
1381 2108 1425 2154 8.
1468 2104 1602 2151 Sue-

78 2181 188 2224 ton.
223 2173 403 2225 Octav
438 2189 479 2225 c.
519 2179 596 2225 13.
667 2174 813 2223 Dum
846 2171 981 2221 adeo
1016 2173 1158 2223 male
1188 2172 1437 2223 audiebat
1469 2189 1496 2220 a
1531 2171 1603 2220 ci-

76 2242 256 2306 vibuS,
293 2246 417 2294 Luc,
452 2243 716 2293 Antonius
742 2252 794 2292 et
821 2241 1004 2292 Fulvia
1034 2252 1151 2292 tum
1179 2251 1404 2310 propter
1437 2258 1601 2307 repu—

80 2311 275 2362 diatam
303 2313 367 2362 ab
391 2313 680 2363 Octaviano
708 2311 1009 2377 Claudiam,
1034 2322 1176 2377 tum,
1199 2330 1270 2363 ne
1290 2311 1482 2362 milites
1502 2309 1600 2359 soli

80 2383 370 2433 Octaviano
389 2382 495 2432 hoc
506 2381 836 2433 beneficium
848 2392 1127 2449 acceptum
1136 2382 1405 2433 referrent
1429 2390 1481 2430 et
1490 2382 1599 2430 An-

78 2453 258 2502 tonius
297 2470 489 2503 eorum
526 2451 712 2503 favore
746 2453 1076 2520 privaretur,
1123 2454 1360 2520 primum
1393 2450 1599 2501 differri

48 2569 52 2572 .
78 2521 334 2572 volebant
360 2523 677 2574 divisionem
702 2539 953 2588 agrorum
974 2524 1028 2573 in
1054 2524 1272 2574 Antonii
1293 2522 1597 2572 adventum

82 2592 245 2654 Quod
276 2610 446 2660 quum
478 2611 578 2661 per
607 2592 949 2643 festinantem
987 2593 1243 2643 militum
1237 2591 1599 2659 cupiditatem

83 2670 135 2710 et
171 2663 443 2712 Octaviani
475 2663 712 2713 studium
742 2663 859 2712 illos
890 2662 1166 2712 beneficiis
1196 2681 1253 2714 ac
1282 2660 1596 2711 muneribus

82 2729 180 2779 sibi
215 2733 529 2783 conciliandi
565 2732 682 2782 fieri
717 2749 832 2782 non
864 2749 1023 2799 posse
1063 2733 1447 2799 intelligerent3
1495 2745 1595 2795 po-

83 2799 432 2867 stulaverunt,
467 2812 529 2853 ut
551 2803 867 2853 Octavianus
896 2819 967 2853 ne
996 2803 1139 2853 solus
1175 2802 1462 2863 divideret,
1500 2796 1596 2846 sed

83 2870 188 2918 suis
212 2870 325 2950 ipse
347 2872 568 2939 quidem
599 2872 744 2922 solus
775 2871 1051 2933 militibus,
1096 2871 1382 2923 Antoniani
1416 2877 1593 2917 autem

86 2941 339 2990 exercitus
375 2951 655 2993 veteranos
685 2941 901 2993 lantonii
936 2943 1113 2994 amicis
1139 2944 1193 2993 in
1230 2939 1460 2992 colonias
1498 2935 1592 2984 de-

1232 3039 1313 3082 3*
