1734 3320
17 243 48 271 1!
300 215 400 266 GE
413 176 791 267 ORGICON
826 218 1083 285 LIB.1V‚
1110 228 1403 279 394—405
1510 234 1613 283 665

86 337 310 404 Tende3
356 339 470 391 doli
511 340 716 392 circum
754 341 889 394 haec
931 343 1156 398 demum
1186 348 1501 418 frangentur
1529 356 1612 406 in-

18 419 39 482 3·
291 471 294 474 .
882 430 1023 467 aneS.
1509 429 1613 478 400

16 508 26 542 ς
82 481 112 533 1
149 496 207 531 sa
228 494 331 546 ego
348 488 430 545 te,
465 479 681 531 medios
706 499 877 550 quum
894 484 978 534 sol
1002 485 1316 538 adcenderit
1336 502 1523 558 aestus,

174 566 274 602 um
305 550 492 602 sitiunt
520 550 750 618 herbae,
803 562 858 604 et
891 557 1079 622 pecori
1112 556 1219 607 iam
1258 561 1457 624 gratior
1489 581 1612 615 um-

27 668 29 670 .
876 624 974 675 bra
1006 635 1086 676 est

82 691 150 743 In
171 699 379 742 secreta
401 690 544 742 senis
565 690 786 756 ducam,
824 710 935 761 quo
960 667 1131 746 fessu’s
1154 696 1219 746 ab
1243 697 1405 749 undis

16 760 29 825 ]
86 763 160 813 Se
181 762 404 830 recipit;
440 759 597 812 facile
621 771 682 812 ut
700 779 895 816 somno
921 764 1234 832 adgrediare
1257 768 1536 823 iacentem.

17 865 18 868 =
82 834 293 886 Verum
335 831 433 884 ubi
481 841 807 901 conreptum
842 836 1091 887 manibus
1126 836 1422 907 vinclisque
1459 849 1613 892 tene-

878 905 984 971 bis,
1510 915 1613 966 405

154 973 272 1026 405.
307 974 508 1026 Vnum
518 1014 532 1039 ‚

10 1135 20 1158 χ
128 1112 204 1150 4oe
235 1113 317 1149 doli
345 1114 490 1149 demum
518 1116 654 1150 circum
681 1117 774 1151 haec
796 1116 906 1151 fuisse
930 1115 969 1151 in
990 1116 1071 1151 edd.
1100 1128 1144 1150 ex
1158 1116 1277 1151 Pierio
1306 1127 1467 1164 apparet.
1515 1121 1614 1156 dolis

5 1177 28 1208 j*
81 1161 219 1196 circum
236 1161 309 1196 luae
324 1161 468 1196 demum
475 1161 722 1211 franguntur
742 1166 888 1198 Roman.
936 1165 1005 1200 401
1031 1163 1212 1198 accederit
1226 1177 1313 1199 nnus
1335 1167 1454 1202 Mead.
1540 1167 1614 1204 402

18 1250 22 1251 ⁷
82 1215 141 1243 est
157 1208 262 1243 abest
284 1220 306 1243 a
325 1209 478 1244 Gudian.
507 1222 528 1244 a
558 1223 604 1244 m.
635 1223 689 1257 pr.
718 1212 849 1245 Moret.
878 1218 991 1258 quart-
1012 1211 1084 1245 vid,
1113 1210 1158 1244 ad
1184 1211 1257 1246 Eel.
1285 1214 1380 1257 vm,
1406 1215 1461 1250 15.
1510 1215 1614 1249 unda

6 1254 21 1287 '5
81 1255 190 1300 Gud„
213 1255 312 1302 qnod
330 1257 546 1291 Burmannus
567 1258 714 1292 defendi
732 1270 839 1305 posse
857 1259 1024 1304 putabat;
1057 1264 1095 1292 at
1110 1257 1211 1292 fluxit
1230 1259 1293 1293 illa
1319 1272 1362 1293 ex
1383 1262 1495 1296 undis
1518 1274 1611 1296 vers.

3 1306 11 1318 ‘
78 1314 182 1350 nequ.
274 1302 349 1340 403
370 1306 412 1339 in
428 1305 542 1339 undis
560 1306 651 1339 Ven.
744 1305 816 1342 404
839 1306 1062 1354 adgrediere
1080 1305 1227 1339 Mentel.
1245 1319 1301 1352 pr.
1348 1320 1486 1343 summo
1502 1322 1613 1356 egre-

10 1366 19 1381 ⁴:
81 1350 191 1386 dian
206 1350 319 1386 Goth.
337 1363 393 1398 pr.
488 1352 560 1388 405
584 1354 741 1387 manicis
761 1354 894 1387 Moret.
927 1365 994 1399 pr„
1019 1359 1056 1386 et
1084 1352 1135 1386 sic
1160 1353 1364 1388 coniecerat
1379 1355 1446 1389 Vir
1472 1356 1611 1391 doctus.

2 1399 7 1432 f
80 1399 131 1434 At
143 1399 290 1446 ‘corripi
304 1397 499 1442 manibus,
530 1412 603 1434 non
622 1402 794 1443 manicis,
827 1400 918 1443 dici,
954 1399 1139 1434 contendit
1156 1401 1272 1434 Bnrm.
1295 1402 1331 1435 h.
1351 1401 1376 1435 l.
1398 1409 1435 1436 et
1453 1403 1521 1437 Vir
1540 1403 1612 1437 do-

4 1450 19 1490 ξ
81 1450 165 1480 ctus
181 1445 286 1480 obss.
303 1445 456 1481 Miscell.
473 1446 557 1481 Vol.
575 1449 603 1490 1,
628 1461 664 1493 p.
685 1448 730 1488 3;
756 1447 879 1493 quidni
898 1454 1016 1481 tamen
1040 1453 1077 1480 et
1098 1446 1167 1481 hoc
1182 1454 1280 1481 recte
1303 1448 1460 1483 dicatur!
1485 1456 1525 1483 nt
1546 1450 1611 1485 inf.

11 1505 15 1510 “
80 1491 154 1530 489
172 1493 401 1541 manicisque
419 1494 600 1529 iacentem
622 1498 795 1542 Occupat.
845 1496 937 1528 Turn
955 1505 1042 1528 vero
1060 1494 1145 1540 quid
1161 1493 1257 1528 viros
1273 1495 1398 1530 doctos
1418 1496 1551 1542 adegit,
1574 1505 1613 1532 nt

72 1539 272 1586 'iungerent
289 1550 500 1596 correptum
519 1542 700 1577 manicis?
746 1542 928 1588 Iungenda
946 1548 1047 1575 erant
1064 1543 1219 1575 manicis
1233 1543 1435 1589 vinclisque
1453 1543 1611 1579 tenebis:

80 1587 183 1634 atqui
199 1587 290 1622 haee
310 1588 382 1622 dno
400 1589 499 1635 iungi
520 1589 659 1624 solent:
686 1596 727 1623 ut
747 1593 833 1624 Aen.
851 1590 895 1631 Π,
922 1589 1000 1624 146.
1022 1588 1101 1625 147.
1125 1588 1188 1623 Sil.
1208 1589 1286 1623 Ital.
1306 1591 1391 1633 XV,
1417 1590 1498 1626 141.
1532 1592 1611 1626 Ve-

34 1678 37 1681 .
79 1647 160 1670 rum
187 1634 226 1670 h.
253 1634 404 1690 Inunius
426 1636 562 1671 codicis
592 1636 701 1671 lectio
730 1636 976 1671 auctoritatem
1003 1647 1075 1669 non
1103 1635 1214 1669 habet
1241 1636 1327 1670 satis
1352 1649 1515 1682 gravem,
1544 1650 1612 1672 nec

15 1728 17 1731 .
80 1681 270 1729 quicqum
295 1681 453 1730 ‘impedit
476 1697 612 1719 manus
637 1684 783 1731 proprie
811 1684 849 1717 h.
876 1683 901 1717 l.
927 1683 1052 1717 dictas.
1096 1683 1288 1727 (Moretani
1315 1696 1370 1730 pr.
1387 1685 1502 1730 gravis
1527 1698 1611 1719 sane

9 1732 17 1748 ⁴³
80 1730 299 1772 auctorita„
331 1742 456 1765 verum
476 1733 631 1766 manicis
652 1744 696 1765 ex
722 1743 772 1765 vs.
792 1731 874 1767 439.
893 1730 964 1764 hnc
986 1736 1138 1764 tractum
1157 1730 1317 1772 videtur3
1348 1731 1399 1765 sic
1416 1732 1542 1766 eodem
1560 1745 1611 1767 vs.

78 1776 165 1815 439.
184 1789 248 1812 sex
266 1777 372 1812 codd.
386 1790 407 1812 e
424 1785 551 1813 nostro
574 1779 655 1813 loco
669 1790 736 1824 pro
757 1779 911 1812 manicis
927 1777 1109 1811 adscivere
1129 1778 1273 1820 vinclis,
1298 1790 1386 1811 nnus
1406 1778 1512 1812 etiam
1530 1792 1611 1813 ma-

79 1822 202 1860 nibus.
248 1828 342 1861 Sane
360 1825 392 1859 si
411 1826 587 1860 adiectum
607 1833 703 1860 esset
724 1826 913 1872 epitheton
939 1824 1045 1858 alteri
1061 1823 1214 1866 nomini,
1246 1825 1379 1859 vinclis
1399 1826 1499 1868 dico,
1533 1839 1612 1860 am-

10 1893 19 1907 1
79 1871 242 1918 plifienre
260 1871 447 1908 notionem
467 1873 596 1920 prioris
609 1900 619 1916 ,
655 1875 827 1913 manicis,
861 1871 1015 1906 voluisse
1040 1878 1149 1918 poeta
1169 1871 1367 1914 videretur3
1399 1880 1439 1906 ut
1454 1876 1541 1907 Aen.
1567 1875 1612 1916 11,

12 1923 25 1959 ,g
81 1919 176 1956 146.:
208 1919 387 1964 ,mnicas
406 1927 513 1966 atque
542 1928 644 1955 arta
666 1920 778 1954 levari
795 1919 923 1954 Vincla
939 1918 1040 1952 iubet
1058 1918 1269 1961 Priamus;“
1292 1918 1316 1953 i.
1336 1932 1367 1955 e.
1386 1926 1479 1955 artas
1496 1921 1612 1955 mani—

78 2081 266 2128 tempore
282 2087 371 2113 eam
386 2073 559 2128 Aegypti
577 2080 737 2128 partem
759 2087 822 2112 es·-

78 2146 123 2173 se
155 2133 366 2183 debuisse,
410 2147 504 2172 cum
533 2132 689 2186 phocae
717 2131 822 2171 illud

0 2216 3 2220 -
63 2192 196 2232 'littus
223 2189 398 2246 (insulae
433 2191 552 2230 Phari
575 2191 611 2230 ei
641 2191 822 2230 obiectae

79 2256 133 2290 ut
166 2249 322 2289 dictum
347 2249 401 2288 ad
429 2250 534 2304 387)
564 2250 823 2302 frequentare

79 2308 295 2349 auderent.

81 2715 270 2758 ciderant
290 2717 409 2767 mala,
431 2717 633 2764 secundet,
670 2715 715 2754 in
734 2727 823 2753 me—

79 2775 161 2816 lius
206 2781 361 2825 mutet,
410 2773 679 2813 monstrando
722 2786 823 2812 cau-

79 2848 187 2885 sam,
232 2847 312 2886 qua
342 2833 503 2872 sublata
529 2845 624 2885 apes
651 2843 829 2886 repara-‘

79 2898 149 2932 tae
182 2898 293 2931 sunt.
319 2913 379 2920 —-
419 2894 518 2933 399.
547 2892 715 2929 vincula
735 2898 824 2928 ten-

79 2951 173 2990 dere
191 2951 324 2989 alicui
342 2954 403 2987 est
434 2950 617 2998 iniioeoe)
646 2950 823 2986 innecte-

79 3024 122 3048 re
141 3024 181 3049 ν.
221 3007 415 3047 Similiter
433 3005 534 3046 Aen.
542 3006 593 3058 11,
612 3009 712 3050 236⁶
732 3007 824 3045 vin-

80 1978 152 2002 ens.
198 1967 273 2003 Sed
287 1967 382 2002 nude
400 1967 576 2002 adiectum
592 1968 728 2002 vinclis
743 1967 832 2002 ferri
851 1978 925 2000 non
942 1972 1077 2011 posset.
1105 1967 1164 2001 W
1158 1967 1204 2012 r.)

881 2073 977 2111 cula
1006 2072 1109 2110 collo
1134 2073 1357 2112 intendunt.
1418 2073 1499 2112 Sed
1527 2076 1612 2112 vim

881 2131 1036 2169 tendere
1070 2144 1162 2169 cum
1201 2144 1297 2170 casu
1338 2132 1464 2170 tertio
1493 2138 1610 2170 notat

880 2190 967 2228 vim
1002 2187 1205 2227 adhibere.
1276 2189 1409 2229 Verba
1448 2189 1609 2229 diverso

881 2246 1106 2298 significatu
1121 2247 1165 2285 in
1180 2246 1322 2286 eadem
1332 2247 1500 2300 periodo
1519 2248 1610 2300 plu-

879 2304 995 2344 ribus
1055 2305 1282 2358 iunguntur
1334 2305 1609 2344 substantivis.

877 2711 1047 2765 Pythiae
1065 2719 1107 2752 et
1131 2714 1306 2766 Sibyllae
1318 2743 1329 2762 ‚
1370 2711 1609 2750 adumbrata

881 2776 941 2809 est
988 2784 1040 2810 ex
1089 2772 1270 2824 spasticis
1315 2769 1607 2817 affectionibus,

0 2368 24 2433 ἒξ·
139 2370 320 2419 396sqq.
330 2365 423 2406 Vid.
435 2365 581 2419 Odyss.
591 2365 628 2415 δ,
641 2367 726 2407 388
736 2378 822 2417 sqq.
862 2363 972 2404 rvid.
997 2362 1089 2402 Not.
1120 2363 1173 2401 ad
1200 2364 1346 2403 Tibull.
1372 2363 1445 2413 III,
1466 2366 1509 2413 3,
1539 2366 1609 2405 21.

0 2431 15 2485 ξ
80 2427 180 2469 897.
209 2433 449 2477 eventusque
467 2424 666 2474 secundet,
696 2436 823 2462 even-
885 2423 957 2461 W
950 2420 1037 2474 elz.)
1097 2419 1195 2464 400.
1234 2425 1386 2467 cimam
1410 2421 1532 2470 haec,
1557 2421 1610 2459 ad

0 2482 35 2526 Ξ
78 2490 150 2524 tm
165 2482 365 2523 secundos
383 2488 595 2532 monstret,
616 2480 822 2533 quomodo
880 2478 993 2529 haec,
1014 2478 1078 2518 his
1097 2479 1269 2519 vinculis
1289 2479 1491 2519 adhibitis.
1509 2477 1609 2533 (vid.

0 2526 23 2596 ᾗ·
78 2542 111 2582 ii
131 2542 420 2592 obtineantur3
448 2540 491 2580 h.
524 2540 704 2580 remedia
731 2540 822 2578 for-
880 2538 973 2577 Not.
995 2537 1048 2576 ad
1068 2538 1138 2577 Ge.
1167 2538 1216 2588 H,
1233 2538 1330 2581 424.
1365 2536 1483 2591 Wr.)
1514 2539 1610 2575 ina-
1669 2550 1674 2552 ·

0 2585 25 2655 {J
79 2606 226 2652 tunae,
266 2599 412 2639 modos
450 2598 668 2652 reparandi
698 2598 822 2636 amis-
877 2610 971 2645 nes,
1014 2602 1064 2634 ut
1087 2596 1226 2636 inanes
1260 2597 1353 2636 sint.
1423 2596 1610 2634 ceterum

0 2651 26 2707 ζ
80 2672 280 2713 εοεΛΡεε.
313 2656 492 2712 (eventus
506 2688 518 2708 ‚
562 2670 666 2709 quae
692 2657 729 2695 ei
750 2669 822 2694 ac-
878 2654 1096 2693 reluctatio
1128 2654 1230 2694 haec
1276 2661 1440 2703 vatum,
1490 2653 1610 2692 etiam

0 2715 34 2741 ,μ

0 2747 23 2767 *³ss

0 2769 23 2791 *f-

882 2829 1029 2882 quibus
1057 2830 1206 2883 corripi
1233 2828 1426 2868 videbant
1446 2825 1610 2865 ecstati-
1679 2869 1682 2873 ,

882 2901 1023 2927 corum
1040 2887 1213 2927 istorum
1230 2899 1412 2939 corpora.
1433 2885 1537 2923 conf.
1557 2882 1610 2922 ad

881 2944 979 2985 Aen.
1000 2946 1065 2996 VI,
1084 2944 1152 2987 46.
1209 2946 1287 2983 Res
1306 2957 1390 2982 non
1408 2942 1541 2981 minus
1558 2941 1609 2980 de

880 3003 1090 3058 prophetis
1100 3003 1379 3043 Hebraeorum
1395 3006 1503 3040 nota.
1533 3000 1609 3038 Re-
