1734 3320
165 202 269 250 364
495 202 553 252 Ρ.
588 201 948 254 VIRGILII
983 203 1362 256 MARONIS

165 325 374 376 Tenuia
396 342 498 376 nec
520 326 672 378 lanae
694 345 795 396 per
817 329 1032 381 coelum
1055 330 1251 382 vellera
1274 330 1430 393 ferri3

161 400 287 449 Non
310 395 557 463 tepidum
587 397 654 448 ad
678 398 854 449 solem
876 418 1083 467 pennas
1105 402 1160 452 in
1182 401 1340 452 litore
1364 400 1611 470 pandunt

161 466 400 519 Dilectae
423 466 642 519 Thetidi
668 468 942 534 alcyones3
979 488 1094 522 non
1123 489 1218 523 ore
1244 472 1451 523 solutos

161 579 221 607 tur
249 585 391 619 quoque
419 575 469 607 Ec
493 572 532 607 in
558 573 678 608 Schol.
708 574 813 608 Statii
839 575 956 610 Theb.
984 578 1038 620 ΙΙ,
1066 575 1145 613 146.
1193 578 1346 612 Versum
1373 584 1494 612 tamen
1521 576 1690 611 emenda-

160 620 258 654 tione
277 632 351 654 non
368 620 550 665 indigere,
576 628 779 666 comparato
798 622 879 656 loco
897 623 1016 666 Arati,
1051 636 1154 669 quem
1171 631 1281 668 poeta
1305 632 1386 658 ante
1412 624 1534 659 oculos
1554 623 1690 666 habuit,

161 667 267 702 docui
293 668 331 701 in
348 669 504 702 Excursu
534 667 579 702 ad
595 668 632 702 h.
653 681 686 703 v.
734 670 785 703 Io.
812 669 999 704 Schrader.
1019 671 1231 705 conficiebat
1250 670 1407 719 fulgere
1432 683 1499 717 pro
1523 684 1690 720 surgere,

159 715 260 749 nullo
287 727 364 749 cum
387 715 516 749 fructu.
566 714 702 750 obnixa
727 717 857 750 Moret.
882 729 937 762 pr.
983 719 1111 752 Potest
1130 729 1270 764 quoque
1287 718 1525 765 interpunctio
1546 718 1689 753 mutari:

160 775 247 797 nam
273 775 392 809 neque
414 770 492 796 tam
520 762 641 796 stellis
667 764 765 797 acies
792 762 942 806 obtusa3
975 765 1126 799 videtur
1146 778 1214 799 nec
1230 764 1375 812 fratris
1391 767 1511 800 radiis
1532 764 1691 801 obnoxia

159 821 316 858 surgere
332 811 455 843 Luna.
486 811 620 845 Verum
637 809 811 850 sententia
828 811 881 844 ita
896 822 971 845 non
990 818 1156 853 mutatur,
1179 824 1266 858 quae
1285 819 1398 847 esset:
1420 813 1546 848 stellae
1561 813 1691 855 lucent,

158 856 243 891 luna
265 868 337 890 non
361 856 485 891 oritur.
581 857 652 893 397
682 859 851 891 Tenuaia
868 871 888 892 e
903 858 1053 902 Medic.,
1078 860 1141 893 sed
1158 859 1273 893 altero
1294 873 1318 894 ιι
1342 866 1379 893 et
1395 859 1451 908 τῷ
1469 874 1489 894 e
1506 860 1601 895 linea
1619 860 1691 894 ob-

160 904 280 939 ducto.
374 904 446 940 398
469 903 549 938 Nec
564 903 666 938 Leid.
687 916 743 949 pr.
766 911 802 938 et
821 916 908 938 unus
928 906 1046 941 Mead.
1093 908 1191 941 ,Nam
1217 907 1272 941 ed.
1295 909 1385 942 Ven.
1429 909 1570 962 pinnas
1588 909 1690 943 Rom.

159 952 284 999 tepide
302 950 412 985 Goth.
432 963 503 986 sec.
552 952 680 996 (litora
703 952 834 986 Medic.
873 954 969 997 Wr.)
1066 954 1137 990 399
1164 966 1226 988 ore
1242 954 1365 989 soluto
1391 954 1454 989 ahi
1478 955 1573 1000 apud
1591 958 1688 989 Serv.

161 999 377 1045 (halcyones
389 999 495 1034 Voss.
515 1005 551 1032 et
567 999 665 1032 Iahn.
685 999 870 1041 exhibent3
895 1000 1012 1034 verius
1030 1008 1116 1045 puto
1136 1001 1322 1044 alcyones.
1356 1001 1414 1036 Sic
1438 1002 1554 1044 etiam,
1572 1002 1689 1037 demta

159 1045 395 1091 aspiratione,
430 1045 501 1079 hoc
522 1057 652 1079 nomen
672 1046 822 1080 Romani
840 1053 970 1092 poetae
996 1048 1160 1082 videntur
1179 1048 1384 1094 scripsisse;
1414 1061 1481 1084 nec
1500 1049 1573 1084 ulla
1594 1050 1690 1096 apud

157 1093 340 1127 Heinsium
358 1091 523 1126 lectionis
542 1093 694 1127 varietas
714 1100 867 1136 notatur,
890 1107 956 1129 nec
975 1095 1053 1138 hic,
1075 1108 1140 1130 nec
1159 1095 1251 1130 infra
1268 1097 1327 1138 111,
1346 1097 1427 1133 338.
1477 1097 1562 1140 Qui,
1584 1109 1689 1144 quum

117 1141 123 1150 ⁹
158 1140 315 1175 Danielis
336 1139 447 1186 patris
472 1140 665 1174 editionem
677 1167 686 1183 ,
710 1140 747 1174 in
766 1154 834 1187 qua
851 1148 906 1175 est
923 1143 1119 1187 alcyones,
1151 1155 1227 1177 cum
1245 1143 1388 1189 scriptis
1406 1143 1507 1178 libris
1525 1144 1689 1179 contule—

157 1187 222 1231 rit,
247 1188 284 1221 in
305 1187 466 1221 omnibus
483 1187 622 1222 videtur
640 1187 836 1231 invenisse,
862 1190 958 1235 quod
980 1195 1016 1223 et
1031 1190 1110 1236 ipse
1132 1197 1167 1224 et
1183 1191 1339 1236 Heynius
1359 1191 1556 1226 ediderunt.
1604 1192 1688 1226 Fir-

157 1243 253 1269 mant
281 1235 373 1269 hanc
403 1234 611 1281 scripturam
629 1236 781 1279 Medic.,
816 1237 953 1281 Fragm.
973 1238 1058 1272 Vat.
1088 1238 1133 1271 ad
1152 1239 1211 1280 111,
1235 1239 1341 1281 338„
1367 1246 1423 1281 et,
1450 1245 1618 1285 quantum
1645 1252 1688 1274 ex

156 1282 306 1316 Bottarii
325 1281 468 1316 silentio
488 1282 658 1328 colligere
673 1283 776 1326 licet,
801 1284 990 1318 Romanus.
1032 1285 1138 1330 Apud
1158 1286 1315 1319 Graecos
1334 1285 1527 1332 scriptores
1543 1286 1686 1321 invenio

158 1336 195 1364 et
215 1326 392 1374 Ἀλκνών,
418 1325 604 1375 Ἀλκυόνη,
625 1337 662 1365 et
675 1326 857 1377 ‘Ast-nvm'v,
880 1326 1053 1378 Ἀλκυόνη
1073 1339 1250 1367 exaratum
1262 1359 1272 1376 ‚
1295 1333 1397 1378 illud,
1423 1340 1569 1379 praeter
1585 1333 1687 1379 alios,

155 1377 250 1423 apud
265 1378 469 1412 Homerum.
496 1377 594 1424 Wr.)

154 1474 346 1528 pretandi
361 1474 504 1514 modos
519 1475 802 1528 grammaticae
816 1474 893 1516 ad-

154 1539 365 1573 versantes
401 1533 486 1573 vid.
523 1533 567 1572 in
612 1534 799 1574 Excursu
839 1534 892 1573 ad

154 1589 196 1631 h.
221 1605 261 1631 v.
283 1591 488 1644 Expedire
506 1605 592 1632 rem
620 1592 720 1632 mihi
747 1593 891 1633 videor

155 1662 207 1689 ex
223 1649 342 1689 Arati
362 1651 509 1701 verbis,
541 1665 643 1703 quae
658 1657 780 1705 poeta
791 1652 891 1691 red-

155 1708 301 1747 didisse
330 1708 497 1748 videtur
529 1723 580 1748 ex
611 1724 690 1750 vss.
721 1712 802 1752 281
831 1724 888 1763 sq.

155 1780 256 1818 quos
287 1767 331 1805 in
360 1767 458 1807 Exc.
491 1769 671 1821 apposui.
731 1769 891 1808 Scilicet

153 1824 308 1864 Aratus
355 1826 609 1879 tempestatis
665 1826 891 1879 ingruentis

153 1883 312 1936 signum
349 1885 534 1937 apponit:
583 1885 786 1936 „quando
822 1899 891 1925 re·-

152 1948 274 1995 pente
295 1942 502 1982 stellarum
527 1943 602 1982 lux
633 1943 891 1995 obtunditur,

154 1999 388 2051 offuscatur,
401 2002 518 2040 nulla
536 2011 757 2053 apparente
775 2017 891 2041 caas-

152 2073 226 2109 sa,
257 2072 332 2098 nec
360 2060 537 2099 nubibus
567 2060 775 2111 obductis,
814 2074 890 2100 nec

153 2117 319 2169 caligine
346 2117 444 2168 alia,
475 2132 552 2157 nec
577 2119 678 2157 luna
706 2119 886 2170 suborta,

152 2190 257 2228 qaae
282 2178 475 2214 nimirum
502 2177 590 2215 lace
620 2192 698 2215 sua
723 2192 793 2216 eas
820 2178 887 2230 of·-

139 2233 303 2286 sascet,
345 2236 397 2272 15st
422 2235 594 2288 officiat.
654 2235 760 2288 Ergo
789 2250 887 2275 ver-

150 2291 204 2331 ba
235 2291 438 2343 Maronis,
480 2294 572 2345 qui,
614 2306 635 2332 e
665 2294 885 2345 contrario,

152 2349 287 2389 abesse
315 2352 566 2403 tempestatis
589 2353 795 2405 praesagia
814 2353 889 2392 de-

151 2409 306 2448 clarare
323 2409 428 2460 vult,
451 2411 628 2449 naturali
646 2411 688 2450 vi
709 2417 749 2450 et
768 2425 888 2450 sensu

148 2469 283 2521 posita
301 2473 416 2506 sunt:
447 2481 524 2507 nec
539 2468 719 2519 videtur,
752 2470 887 2509 cerni-

148 2532 240 2576 tm·,
272 2525 374 2564 acies
394 2526 603 2565 stellarum
625 2528 791 2578 obtusa,
812 2541 888 2566 nec

150 2584 334 2623 cernitur
352 2598 524 2636 surgere,
555 2599 631 2624 nec
650 2586 789 2638 surgit,
810 2586 888 2624 ori-

148 2648 242 2693 tur,
281 2644 406 2681 Lana
418 2672 428 2691 ‚
469 2643 597 2681 radiis
624 2644 775 2695 fratris
814 2643 885 2682 ob—

147 2704 295 2751 noxia,
328 2700 462 2740 lucem
490 2714 605 2739 suam
636 2716 659 2739 a
685 2701 767 2740 sole
791 2715 884 2740 mu-

147 2759 257 2798 tuari
287 2758 422 2808 solita,
461 2757 502 2797 h.
543 2772 575 2797 e.
608 2773 691 2798 non
732 2760 885 2809 oritur,

146 2817 301 2872 prodit,
331 2825 374 2856 ut
390 2817 476 2855 lace
496 2832 572 2855 sua
591 2818 729 2855 stellas
742 2817 885 2856 obsca-

148 2891 237 2916 rare
261 2877 405 2928 possit.
468 2875 573 2928 Ergo
599 2875 734 2913 abesse
762 2881 885 2928 poeta

148 2935 206 2974 ait
225 2934 291 2985 id,
323 2932 435 2987 quod
454 2933 704 2986 tempestatis
725 2932 884 2973 instan-

148 2993 201 3033 tis
220 2993 377 3046 signum
395 3005 478 3031 esse
496 2998 644 3045 posset,
676 3004 769 3031 cum
791 3005 883 3031 cae-

949 1475 1036 1515 lum
1066 1482 1234 1530 repente
1259 1507 1270 1528 ‚
1308 1477 1422 1517 nulla
1460 1476 1511 1516 de
1546 1491 1687 1517 caussa

950 1541 1191 1588 apparente,
1230 1542 1440 1588 tamquam
1473 1549 1563 1574 aere
1582 1535 1685 1576 den-

949 1600 1037 1632 sato
1059 1624 1070 1644 ,
1113 1594 1369 1634 obscuratur.
1416 1592 1615 1649 (Frustra
1644 1609 1685 1634 se

947 1652 1112 1691 torsisse
1138 1652 1378 1706 interpretes
1406 1651 1507 1693 mihi
1537 1652 1685 1692 viden-

948 1716 1032 1749 tur.
1074 1711 1155 1763 Ego
1187 1711 1267 1750 dici
1289 1717 1392 1764 puto
1410 1711 1684 1751 rubicundam

946 1768 1084 1807 Lunae
1105 1770 1269 1819 faciem,
1299 1775 1557 1822 tempestates
1581 1784 1684 1823 por-

946 1827 1204 1878 tendentem,
1236 1827 1363 1880 qualis
1381 1827 1590 1867 interdum
1608 1829 1684 1869 sub

948 1885 1042 1923 solis
1064 1900 1251 1925 occasum
1279 1886 1539 1939 conspicitur.
1599 1887 1684 1927 Oc—

948 1943 1117 1983 cidentis
1136 1945 1229 1984 solis
1248 1944 1354 1983 radii
1370 1945 1565 1996 rutilant;
1587 1945 1684 1985 hinc

947 2001 1007 2040 ita
1036 2003 1156 2042 fratri
1185 2003 1363 2042 obnoxia
1391 2002 1600 2043 interdum
1621 2011 1683 2044 est

946 2059 1082 2111 Luna,
1114 2067 1162 2101 ut
1187 2061 1274 2114 ipsa
1294 2061 1445 2101 rutilet.
1505 2061 1681 2114 Iahnius,

946 2118 1133 2159 Vossium
1170 2126 1216 2162 et
1247 2120 1460 2159 Wunderl.
1497 2127 1682 2160 secutus:

943 2178 1085 2227 „Luna
1111 2179 1170 2217 ita
1191 2192 1331 2217 serena
1371 2184 1449 2229 est,
1491 2185 1541 2218 ut
1577 2193 1677 2230 non,

945 2236 1051 2275 sicut
1088 2238 1233 2289 vulgo,
1272 2237 1404 2276 lucem
1438 2250 1462 2274 a
1484 2238 1566 2276 sole
1585 2251 1680 2277 mu-

943 2300 1061 2334 tuata
1099 2309 1182 2334 esse
1210 2295 1448 2334 videatur.“
1489 2294 1681 2351 Wr.)—

944 2354 1062 2392 Nunc
1080 2368 1140 2393 vs·
1153 2356 1250 2396 397.
1281 2355 1437 2392 Tenuia
1452 2368 1524 2392 nec
1544 2354 1678 2393 lanae.

945 2412 1007 2450 Ex
1027 2412 1156 2451 Arato
1179 2411 1276 2451 ibid.
1299 2425 1338 2451 v.
1357 2414 1454 2454 206.
1474 2414 1561 2454 207
1582 2415 1680 2453 πολ-

944 2467 1038 2511 λάκι
1063 2466 1107 2511 δ’
1134 2468 1363 2523 ἐρχομένων
1388 2467 1521 2510 ’ὑετῶν
1551 2468 1680 2522 νέφεα

943 2524 1231 2582 προπάροιθεν
1271 2522 1338 2569 οἷα
1382 2524 1556 2576 μάλιστα
1595 2523 1679 2570 πό-

943 2599 1078 2627 κοισιν
1102 2583 1256 2627 ἐοικότα
1289 2581 1560 2626 ἰνδάλλονται.
1589 2587 1679 2625 νεί-

944 2644 1028 2682 lera
1055 2645 1177 2682 lanae
1195 2673 1206 2692 ,
1250 2642 1468 2682 nubeculas
1500 2643 1602 2683 lanis
1622 2645 1678 2684 si-

943 2702 1076 2750 miles,
1102 2700 1253 2740 nostris
1279 2699 1511 2741 hominibus
1536 2705 1677 2741 ovicu-

943 2760 1007 2798 las
1042 2760 1193 2809 dictas,
1233 2760 1459 2799 serenitatis
1496 2761 1675 2811 nuntias,

943 2818 1204 2871 accipiebam,
1235 2823 1285 2856 ut
1306 2818 1393 2869 alii;
1422 2819 1527 2857 male
1554 2832 1675 2859 vero:

941 2890 1037 2915 nam
1055 2890 1107 2915 ex
1126 2883 1270 2929 poetae
1287 2876 1488 2916 sententia
1507 2890 1589 2916 esse
1603 2878 1676 2916 de-

941 2934 1011 2973 bet
1028 2935 1331 2988 prognosticum
1360 2935 1550 2974 instantis
1569 2941 1682 2974 tem-v

941 2993 1107 3046 pestatis
1144 2993 1375 3046 pluviosae3
1424 2993 1536 3046 quod
1565 3007 1676 3034 nunc
