1734 3320
168 247 271 295 696
651 240 1094 293 EXCURSUS
1147 242 1222 290 III

164 387 290 427 regno
326 373 508 413 diversas
545 365 779 426 Provincias
797 402 808 423 ,
847 371 1030 425 regiones
1051 403 1062 423 ,
1105 379 1287 423 tractus,
1327 386 1401 427 per
1424 386 1715 414 cavernarum

164 432 379 472 vastitates
416 437 626 485 patentes,
675 437 716 471 et
760 432 870 470 inter
907 429 982 470 has
1022 438 1126 485 puta
1171 433 1292 472 fuisse
1332 445 1550 472 cavernam
1587 433 1711 481 illam.

165 505 290 544 quam
317 491 486 532 tenebat
513 491 682 531 Peneus.

546 663 1169 716 EXCURSUS
1241 664 1319 714 III

162 792 240 834 De
284 793 499 850 Isionis
542 797 666 834 rota
714 790 785 833 ad
821 790 1040 847 Orphei
1073 796 1298 832 cantum
1342 790 1705 836 subsistente.

263 893 407 944 Georg.
425 892 492 943 IV,
505 889 592 934 484
603 892 739 945 Atque
757 891 916 929 Ixionii
933 898 1049 928 vento
1062 898 1152 929 rota
1170 891 1348 929 constitit
1362 889 1481 930 orbis.
1525 891 1706 932 vexatus

161 951 287 991 locus.
348 953 497 990 Sensus
526 963 601 1004 per
628 963 670 989 se
692 955 858 1003 apertus
888 954 967 987 est:
999 948 1149 987 Ixionis
1177 955 1312 988 rotam
1343 949 1593 1002 substitisse3
1633 951 1706 990 sed

160 1009 375 1049 haeremus
394 1010 439 1050 in
468 1009 625 1059 verbis,
663 1008 816 1063 partim
844 1013 1017 1061 propter
1040 1021 1161 1046 usum
1193 1008 1418 1047 verborum
1437 1009 1645 1063 tropicum
1664 1017 1707 1049 et

160 1069 386 1120 incertum,
415 1068 565 1122 partim
583 1068 840 1121 ignoratione
860 1065 1013 1120 mythi,
1045 1066 1170 1107 variis
1192 1067 1324 1106 modis
1346 1081 1368 1105 a
1386 1068 1519 1121 poetis
1543 1069 1704 1108 narrari

161 1134 202 1166 et
232 1128 371 1167 ornari
405 1127 528 1166 soliti.
588 1129 780 1167 Ixion-iae
807 1134 919 1164 rotae
950 1125 1017 1164 alii
1046 1131 1191 1178 poetae
1220 1126 1439 1176 turbinem,
1482 1133 1531 1166 ut
1554 1129 1704 1167 Seneca

159 1187 280 1226 Herc.
304 1187 395 1226 Oet.
418 1189 544 1235 1069,
562 1188 732 1225 vortices
746 1216 757 1235 ,
787 1190 837 1224 ut
859 1185 1015 1223 Statius
1037 1183 1165 1223 Theb.
1185 1184 1287 1237 VIII,
1310 1184 1380 1242 5Q.
1400 1186 1469 1236 51,
1488 1186 1702 1239 tribuunt3

159 1254 323 1285 ventam
356 1258 478 1284 nemo
506 1244 671 1295 tribuit,
703 1250 752 1284 ut
785 1257 837 1283 ne
866 1259 1016 1282 auram
1042 1243 1228 1295 quidem,
1261 1257 1365 1296 quae
1381 1245 1580 1284 rotationi
1600 1259 1702 1299 pro-

157 1304 248 1358 prie
279 1304 462 1343 daretur.
522 1305 570 1344 V
563 1312 678 1342 entus
709 1309 849 1342 autem
882 1303 950 1342 vel
984 1318 1007 1341 a
1038 1309 1132 1342 rota
1167 1309 1306 1343 motus
1335 1315 1419 1341 esse
1448 1303 1593 1355 debet,
1635 1306 1703 1344 vel

159 1377 300 1402 caussa
321 1376 406 1402 esse
430 1367 547 1402 rotae
572 1368 722 1402 motae.
782 1362 867 1401 Iam
887 1367 1024 1401 autem
1047 1370 1180 1400 rotam
1207 1361 1523 1414 ventumsacere
1536 1393 1547 1413 ,
1583 1377 1701 1413 nemo

155 1422 272 1462 facile
296 1421 468 1471 dixerit,
502 1435 576 1460 nec
607 1427 779 1461 ventum
798 1427 914 1460 rotae
935 1421 1149 1471 tribuerit,
1182 1421 1257 1459 etsi
1276 1434 1353 1474 per
1375 1434 1416 1459 se
1434 1427 1546 1461 recte
1564 1421 1702 1474 fieret5

157 1495 252 1521 nam
270 1487 389 1521 motu
410 1494 484 1520 suo
501 1479 617 1520 haud
638 1480 761 1520 dubie
783 1486 877 1520 rota
895 1493 1030 1519 aerem
1054 1479 1227 1533 impellit
1248 1486 1289 1519 et
1308 1485 1480 1520 ventum
1501 1480 1702 1521 hactenus

155 1547 309 1581 movet.
368 1539 499 1579 Possis
530 1553 693 1592 quoque
723 1538 808 1578 huc
834 1552 985 1579 vocare
1006 1539 1210 1592 Propertii
1238 1538 1341 1579 illud
1362 1539 1430 1590 IV,
1455 1543 1522 1591 11,
1544 1543 1600 1583 23
1632 1549 1701 1580 ta-

155 1608 244 1638 cent
270 1601 430 1639 Ixionis
458 1597 588 1648 orbes,
622 1612 723 1651 quos
744 1598 1060 1638 concitatissimo
1086 1612 1161 1651 per
1180 1611 1315 1637 aerem
1344 1603 1462 1638 motu
1481 1599 1700 1653 strepitum

154 1659 285 1698 facere
303 1658 469 1697 credere
486 1657 591 1697 licet.
651 1658 804 1697 Verum
824 1657 918 1696 usui
938 1663 979 1696 et
1000 1657 1134 1696 sensui
1153 1657 1314 1710 poetico
1332 1664 1545 1710 repugnat,
1564 1658 1698 1698 nescio

154 1730 236 1770 quo
258 1717 400 1768 modo,
431 1722 582 1756 ventus
605 1730 628 1754 a
646 1722 740 1756 rota
758 1722 907 1756 motus.
967 1717 1111 1755 Restat
1132 1717 1271 1769 itaque
1291 1716 1485 1766 alterum,
1525 1723 1576 1756 ut
1592 1731 1698 1757 ven-

153 1783 223 1816 tus
244 1791 395 1815 caussa
413 1783 546 1814 motas
574 1775 642 1824 sit,
676 1782 806 1828 utque
819 1775 972 1827 aliquid
990 1781 1206 1815 narratum
1224 1775 1349 1815 fuerit
1369 1775 1419 1814 de
1439 1782 1558 1815 motu
1581 1783 1699 1816 rotae

154 1835 336 1874 Ixioniae
374 1848 426 1873 ex
450 1833 564 1874 venti
597 1833 791 1887 impulsu.
861 1834 987 1883 Quod
1031 1834 1063 1873 si
1095 1835 1217 1887 plura
1248 1841 1436 1874 veterum
1457 1865 1468 1885 ,
1500 1834 1698 1888 ,inprimis

155 1895 431 1942 G1aecorum,
466 1898 684 1946 poetarum
707 1893 798 1931 loca
824 1892 904 1931 hac
927 1892 977 1931 de
1001 1906 1046 1932 re
1069 1892 1336 1944 haberemus,
1367 1906 1407 1931 v.
1431 1907 1464 1932 c.
1490 1893 1697 1947 Euripidis

153 1953 338 1992 Ixionem
366 1949 483 2007 (nam
513 1957 555 1990 et
580 1951 613 1990 is
644 1965 737 1990 eum
766 1957 881 1991 rotae
910 1951 1119 2001 affixerat,
1170 1968 1226 1993 τω
1271 1953 1404 2006 τροχῷ
1430 1956 1698 2006 προςηλωσαι

153 2013 287 2051 fertur
301 2011 413 2064 apud
432 2008 640 2050 Plutarch.
661 2010 712 2049 de
731 2011 804 2063 leg.
829 2016 937 2064 poet.
961 2024 1047 2063 cap.
1065 2008 1092 2052 4
1116 1995 1421 2064 Opp.Tom.11,
1439 2023 1529 2063 pag.
1546 2013 1598 2054 19
1616 2010 1694 2067 E.,)
1724 2008 1727 2009 ⁷

154 2071 329 2110 certiora
357 2085 430 2109 nos
447 2069 570 2109 huius
585 2069 646 2108 rei
673 2075 915 2122 argumenta
939 2068 1110 2108 habitui
1114 2084 1157 2109 os
1185 2082 1268 2108 esse
1287 2068 1400 2108 haud
1419 2068 1585 2121 dubit03
1616 2084 1695 2110 no-

151 2143 254 2170 vum
272 2135 361 2168 erat
378 2134 418 2167 et
442 2129 547 2168 illud
567 2129 638 2167 Ge.
658 2128 726 2178 III,
745 2131 800 2171 38
818 2137 938 2168 torlos
958 2130 1116 2167 Ixionis
1137 2142 1297 2181 angues
1307 2143 1324 2177 ;
1363 2134 1537 2181 potuere
1554 2128 1694 2181 itaque

153 2189 273 2227 etiam
293 2188 408 2228 venti
437 2188 595 2240 aliquae
619 2193 759 2240 partes
795 2201 879 2226 esse
906 2201 951 2226 ea
974 2187 1018 2226 in
1046 2200 1103 2227 re.
1162 2187 1251 2226 Etsi
1280 2186 1388 2226 enim
1408 2186 1522 2227 Iliad.
1539 2192 1585 2238 θ,
1606 2187 1689 2231 481

159 2250 354 2287 Tartarus
375 2249 460 2286 sine
482 2255 599 2286 vento
621 2260 705 2295 esse
723 2253 999 2285 memoratur.
1019 2246 1091 2285 ubi
1109 2246 1274 2285 Titanes
1292 2241 1385 2288 οὔτ’
1402 2241 1537 2303 αυγῇς
1552 2245 1693 2301 υπερί-

153 2323 250 2356 ονος
291 2302 448 2360 ηἐλίοιο
494 2301 702 2360 Τέρποντ’
747 2301 842 2347 οὔτ’
880 2301 1090 2358 οἷνέμοισις
1131 2305 1269 2358 potuit
1292 2310 1430 2343 tamen
1447 2318 1513 2343 res
1539 2305 1695 2345 variari

152 2366 202 2404 ab
225 2365 324 2405 aliis.
383 2364 445 2403 Ita
464 2364 599 2404 ventis
620 2379 704 2403 non
725 2370 849 2404 vacat
869 2365 1065 2403 Tartarus
1095 2364 1205 2417 apud
1221 2363 1382 2403 Platon.
1401 2362 1553 2403 Phaed.
1574 2378 1614 2418 p.
1635 2366 1692 2407 83

152 2425 194 2464 C.
215 2424 313 2474 Frf„
345 2429 387 2462 et
401 2423 447 2462 in
464 2423 552 2476 ipso
572 2423 754 2462 Homero
781 2423 927 2477 Odyss'.
947 2426 989 2474 λ,
1022 2423 1119 2466 590.
1142 2423 1223 2466 591
1239 2453 1251 2474 ,
1282 2422 1354 2462 ubi
1379 2422 1551 2462 Tantalo
1569 2437 1694 2476 poma

152 2488 343 2536 captante
379 2479 459 2531 Τοὲς
486 2478 531 2523 δ’
555 2479 709 2534 ἄνεμος
739 2483 935 2535 ῥίπτασκε
968 2481 1061 2523 ποτὶ
1085 2480 1215 2533 νέφεα
1238 2477 1438 2523 σκιόεντα.
1498 2481 1622 2521 Venti
1649 2482 1693 2520 in

149 2541 308 2594 Elysio:
339 2540 439 2580 Aen.
465 2540 532 2591 VI,
565 2540 649 2583 740
685 2547 725 2579 et
755 2543 840 2583 888
872 2542 978 2579 aeris
1004 2542 1047 2579 in
1066 2542 1252 2592 campis,
1287 2546 1336 2580 ut
1363 2540 1409 2579 in
1427 2540 1545 2580 Pind.
1573 2540 1637 2579 01.
1648 2540 1687 2579 Π

152 2603 237 2644 128
253 2600 298 2639 in
313 2600 454 2639 insulis
471 2600 705 2639 fortunatis.
766 2601 801 2638 A
819 2606 945 2638 vento
966 2605 1075 2638 certe
1092 2613 1232 2638 caussa
1252 2613 1334 2638 non
1352 2599 1457 2638 male
1475 2600 1691 2652 repetitur,

149 2666 198 2699 ut
221 2659 271 2698 ab
292 2672 338 2698 eo
366 2658 599 2711 impellatur
614 2665 730 2708 rota,
762 2672 855 2698 cum
876 2659 1119 2697 circumacta
1138 2658 1321 2697 Ixionem
1343 2657 1548 2710 alligatum
1563 2664 1690 2708 rotat,

149 2725 278 2771 utque
295 2731 342 2757 eo
361 2723 543 2757 cessante
562 2723 656 2756 rota
674 2723 781 2755 stare
800 2717 948 2770 possit:
978 2716 1102 2756 modo
1123 2716 1205 2754 alas
1224 2723 1340 2755 rotae
1361 2716 1524 2755 additas
1541 2717 1692 2770 cogites

149 2777 203 2816 ad
235 2783 406 2817 ventum
440 2775 750 2829 excipiendum:
793 2789 873 2827 qua
907 2775 957 2814 de
987 2789 1031 2814 re
1062 2776 1105 2814 in
1126 2774 1271 2827 mytho
1291 2775 1350 2814 nil
1381 2775 1575 2814 occurrit.
1637 2777 1691 2814 In

148 2851 239 2875 aere
267 2843 360 2875 rota
388 2835 607 2887 circumagi
637 2834 805 2883 debuit,
849 2840 890 2873 et
921 2834 1108 2887 proxime
1140 2833 1315 2884 accedit,
1356 2834 1468 2885 quod
1485 2834 1690 2887 Euripidis

148 2894 389 2934 Scholiastes
420 2894 572 2934 Phoen.
605 2896 717 2935 1192
754 2892 866 2931 haud
895 2893 1017 2931 dubie
1048 2906 1069 2930 e
1098 2893 1322 2932 vetustiore
1362 2892 1497 2945 aliquo
1525 2899 1690 2932 auctore

147 2960 373 3004 memorat,
413 2953 553 2993 Iovem
586 2952 738 2991 iratum
768 2951 950 2990 Ixionem
977 2958 1092 2990 rotae
1125 2951 1324 3004 illigatum
1351 2951 1579 3004 permisisse
1607 2951 1690 2990 aeri

146 3012 373 3063 ferendum,
405 3019 446 3051 et
464 3013 507 3051 in
526 3025 618 3051 aere
636 3010 1014 3062 circumagendum:
1048 3006 1258 3064 ὀργισθεὶς
1272 3008 1316 3051 δὲ
1335 3010 1360 3052 ό
1380 3007 1484 3059 Ζεύς
1506 3009 1689 3052 ’ὑποπτέ-

148 3088 206 3129 ρῳ
226 3074 359 3129 τροχῷ
377 3068 450 3113 τὸν
460 3067 616 3122 Ἰξίονα
637 3065 768 3124 δήσας
785 3065 924 3123 ἀφῆκε
944 3071 1002 3125 τῷ
1020 3065 1112 3124 οἷέρι
1125 3069 1329 3124 φέρεσθαι
1338 3091 1408 3109 --.
1423 3069 1689 3124 Exscripsisse
