1734 3320
0 396 4 403 ⁶
0 348 11 373 1⁴·-
0 270 23 334 .ἱῖςᾶ

299 195 792 249 GEORGICON
821 198 963 250 LIB.
988 199 1080 263 m,
1103 203 1286 252 466—
1298 208 1398 254 477

1505 207 1608 259 579

79 327 240 376 Τιιιιι
246 325 400 389 sciat,
437 324 604 374 aerias
627 321 775 390 Alpis
802 331 857 373 et
879 324 1076 374 Norica
1099 326 1142 375 si
1174 328 1292 394 quis

78 393 342 447 Castella
327 409 383 444 m
408 393 656 457 tumuliS‚
696 401 750 443 et
772 393 984 460 Iapydis
1009 411 1129 444 arva
1155 397 1387 463 Timavi,

1504 405 1572 454 47
1574 405 1608 454 5

76 467 233 516 Nunc
268 473 492 532 quoque
519 473 644 531 post
666 471 818 513 tanto
845 464 1048 527 videat,
1087 465 1407 536 desertaque
1441 486 1606 537 regna

77 537 388 599 Pastorum,
427 543 482 584 et
507 533 671 600 longe
690 533 850 584 saltus
870 533 1087 602 lateque
1108 538 1352 589 vacantis,

122 652 196 689 474
222 654 327 699 Tunc
344 651 475 686 Medic.
508 653 614 697 (tunc

637 652 742 687 etiam
762 651 907 686 notulae
925 652 1117 687 Servianae
1135 654 1348 700 praefixum,
1381 661 1421 689 ut
1440 664 1553 691 exstat
1569 657 1607 692 in

1 719 5 724 ·
80 699 160 734 cod.
177 699 324 740 Dresd.;
346 699 419 733 vid.
439 701 484 742 Q.
503 701 549 734 V.
566 700 690 742 XXV,
714 700 748 741 5,
776 700 811 753 b.
841 700 959 746 Alpes
976 700 1071 734 idem
1091 701 1219 735 Medic.
1249 701 1348 746 Wr.)
1382 711 1451 736 aut
1467 705 1608 739 Norica

75 747 241 781 Pan-lias.
286 756 325 781 et
344 759 513 793 congrua
531 748 622 781 Ven.
665 749 770 781 Gnm·
784 759 829 780 ca
846 749 896 780 Zu
899 746 944 780 lic
946 747 982 780 h.
1026 761 1071 781 ac
1087 749 1169 783 Nor
1169 751 1228 783 ica
1246 749 1388 783 Goth.s
1373 762 1443 783 sec.

174 794 235 828 dis
250 794 486 828 scribendum.
527 794 599 828 vid.
626 795 767 828 Draken
770 794 805 827 b.

76 887 269 923 Gudianus.
315 854 411 922 Male
437 888 656 923 defendebat
673 889 713 923 Pi
701 901 754 922 ire
756 900 819 922 1.us

1537 752 1606 788 475

835 794 882 827 ad
900 793 1137 838 Liv.XL111,
1162 796 1196 831 5.
1246 796 1392 830 Graecis
1424 805 1504 832 sunt
1529 794 1607 833 Ἰά-

75 851 128 876 κο
155 851 205 882 ες
262 843 315 875 Ut
335 853 379 887 ap
383 841 430 875 ud
446 841 565 875 εἷται).
588 847 624 875 et
643 841 769 896 Ste'Ph
787 842 860 886 Byz
861 865 1025 934 {Foggim
1044 890 1194 936 Lapydi
1178 903 1211 924 ιε
1236 889 1276 923 in
1301 891 1433 925 Medic.
1459 891 1606 936 invenit,

919 843 1059 895 Iagygi
1058 855 1077 876 s
1104 822 1251 877 R’oman.
1284 850 1321 876 et
1339 843 1468 878 Medic.
1487 845 1606 888 Pierii,

75 935 142 969 sed
169 934 302 969 ultimis
330 935 442 974 tribus
467 935 581 969 literis
606 948 627 969 a
656 949 701 970 ιιι.
722 948 794 970 rec.
823 935 1011 969 restitutis.
1048 936 1147 982 Wr.)
1197 950 1303 971 arma
1330 938 1460 972 vitiose
1484 939 1605 985 vulgg.

75 982 277 1016 nonnullae.

370 982 443 1018 476
465 991 610 1017 tantam
638 983 749 1017 Goth.
779 995 850 1017 sec.

944 984 1015 1019 477
1049 984 1147 1017 laete
1127 997 1218 1030 eque
1247 984 1356 1019 Goth.
1382 997 1437 1031 pr.
1484 987 1608 1022 saltus

75 1029 190 1077 longe
209 1030 358 1076 lateque
375 1029 448 1064 Erf.
472 1031 652 1077 vagantis
668 1031 761 1065 Gud.
810 1038 994 1077 vagantes
1011 1037 1094 1065 tert.
1113 1032 1261 1068 Mentel.

66 1132 226 1176 pestes,
258 1125 404 1165 morbi.
434 1128 605 1175 aestiva,
636 1132 686 1165 ut
703 1141 743 1166 v.
756 1124 812 1168 64

65 1184 270 1235 pecuaria
283 1213 296 1234 ,
337 1197 413 1237 pro
445 1184 641 1236 gregibus.
713 1184 812 1243 473·

75 1240 278 1294 Spemque
317 1255 599 1294 gregemque,
653 1256 813 1295 „agnos

74 1311 169 1338 cum
198 1299 411 1339 matribus.
424 1303 448 1322 “
490 1300 669 1340 Servius.
712 1299 814 1357 (vid.

75 1356 127 1406 Q.
146 1357 194 1397 V.
214 1358 407 1408 XXXIII,
430 1361 470 1400 7.
506 1360 571 1399 W
570 1358 620 1411 r.)

132 1414 231 1458 474.
269 1418 373 1455 Tum
393 1418 499 1455 sciat
519 1417 674 1469 aliquiS‚
695 1430 811 1455 mor-

73 1473 138 1513 bis
158 1479 271 1513 totos
289 1487 426 1527 greges
445 1475 589 1528 abripi.
610 1475 811 1529 (Observa

72 1530 160 1572 hl.
198 1539 392 1572 ornatum
425 1546 478 1571 ex
512 1534 681 1586 copula;
725 1532 810 1572 vid.

74 1590 127 1640 Q.
151 1590 198 1630 V.
217 1591 410 1642 XXXIII,
429 1594 468 1633 7.
504 1590 623 1646 Wr.)
665 1591 811 1643 Sequi-

72 1655 147 1688 tm·
174 1649 290 1688 locus
329 1649 381 1689 de
418 1656 532 1702 peste
561 1649 811 1689 auctumnali

74 1713 355 1748 armentorum
380 1721 428 1746 ac
445 1722 610 1760 gregum
631 1708 811 1746 celeber-

72 1765 200 1805 rimus
218 1796 231 1816 ‚
269 1766 538 1806 adumbratus
583 1780 606 1805 e
647 1767 810 1805 Lucret.

72 1823 142 1874 VI,
163 1827 276 1867 1136
297 1839 383 1877 sqq.
443 1825 545 1864 Cum
569 1839 651 1876 quo
669 1825 810 1863 confe-

71 1881 224 1922 rendae
247 1890 347 1923 sunt
382 1897 406 1920 a
442 1883 634 1922 studiosis
661 1883 810 1923 harum

71 1954 213 1980 rerum
230 1941 550 1980 adolescentibus
562 1942 717 1980 nobiles
736 1955 810 1995 pe-

71 1998 274 2038 stilentiae
285 2000 574 2052 descriptiones
584 2001 694 2052 apud
704 2000 811 2052 Hip-

72 2063 227 2111 pocrat.
249 2058 430 2110 Epidem.
457 2059 522 2108 ΠΙ,
544 2064 637 2097 sect.
659 2061 699 2107 3,
720 2071 808 2110 pag.

76 2117 185 2157 1081
208 2129 295 2167 sqq.
312 2116 409 2154 edit.
428 2116 580 2155 Genev.
601 2114 692 2169 (etsi
708 2116 809 2154 haec

72 2187 156 2212 non
197 2174 320 2226 pestis
361 2174 527 2227 proprie
564 2174 696 2224 dicta,
738 2174 811 2212 sed

72 2230 191 2286 lues).
218 2231 406 2285 Thucyd.
432 2233 490 2282 Π,
522 2231 578 2274 47
604 2246 704 2284 sqq.‚
720 2238 810 2271 tum

73 2289 195 2329 Ovid.
213 2290 310 2330 Met.
340 2290 427 2339 VH,
447 2290 533 2333 518
550 2304 637 2342 sqq
667 2290 811 2329 Silium

71 2348 182 2397 XIV,
200 2349 282 2392 581
304 2362 389 2401 sqq.
404 2349 554 2388 Lucan.
566 2349 632 2398 VI,
652 2351 708 2391 80
723 2362 809 2400 sqq.

73 2407 266 2446 Senecam
312 2407 460 2459 Oedip.
497 2407 553 2450 35
592 2420 699 2458 sqq„
739 2407 811 2458 qui

73 2478 213 2504 omnes
237 2465 469 2515 Maronem,
507 2465 658 2504 mirum
684 2465 728 2504 in
747 2465 810 2503 af-

73 2523 246 2563 fectibus
263 2523 477 2563 movendis
494 2523 688 2562 artificem
698 2553 710 2573 ‚
740 2536 809 2561 ae-

73 2582 218 2621 mulati
244 2588 341 2622 sunt
360 2613 371 2632 ‚
412 2582 612 2621 varietate
640 2587 808 2620 ornatus

73 2640 271 2690 mirabili,
301 2641 541 2693 plerumque
561 2654 584 2678 a
601 2638 810 2692 phantasia

75 2703 117 2736 et
130 2698 175 2737 vi
207 2699 366 2751 poetica
391 2699 527 2751 petita.
588 2699 810 2751 Compara-

74 2756 200 2794 tionis
221 2755 345 2795 huius
377 2763 539 2808 gustum
565 2757 663 2795 dare
680 2762 814 2808 potest

75 2813 251 2866 Scaliger
273 2814 343 2853 lib.
369 2815 406 2853 V
428 2815 609 2854 Poetices
635 2829 721 2867 cap.
746 2817 812 2856 11.

75 2871 155 2911 Hie
199 2871 366 2923 quidem
395 2873 573 2923 mireris,
611 2873 712 2924 quid
741 2873 813 2911 In-

76 2936 211 2982 terpp.
233 2929 474 2979 adduxerit,
502 2936 574 2980 ut,
602 2937 697 2983 post
715 2932 812 2969 Ser-

77 2987 207 3038 vium,
235 2986 344 3026 hanc
361 2993 515 3040 pestem
530 2989 699 3027 eandem
718 3002 812 3027 cum

868 1125 957 1176 illa,
990 1139 1093 1177 quae
1109 1126 1398 1179 Peloponnesio
1415 1127 1523 1169 bello
1537 1128 1605 1168 in-

871 1190 994 1223 eunte
1019 1184 1199 1224 Atticam
1213 1186 1383 1235 invasit,
1414 1199 1498 1225 esse
1515 1188 1605 1226 exi-

870 1242 1082 1281 stimarent
1091 1257 1102 1293 ;
1132 1257 1233 1295 quae
1250 1243 1335 1296 ipsa
1350 1257 1417 1283 res
1435 1251 1475 1283 et
1491 1245 1606 1285 alteri

872 1301 1002 1339 errori
1035 1301 1172 1340 locum
1201 1301 1340 1352 dedit,
1385 1308 1433 1341 ut
1470 1303 1605 1343 omnia

871 1359 1036 1411 utrique
1061 1359 1205 1398 morbo
1232 1360 1342 1399 inter
1361 1358 1546 1400 homines
1565 1367 1605 1401 et

868 1417 1018 1455 bestias
1059 1418 1288 1459 communia
1321 1431 1404 1457 esse
1441 1420 1603 1460 vellent.

867 1476 1063 1528 Respexit
1082 1475 1196 1515 haud
1214 1476 1335 1515 dubie
1353 1483 1470 1528 poeta
1489 1478 1604 1517 simi-

866 1533 947 1572 lem
974 1534 1150 1585 aliquam
1179 1534 1472 1586 calamitatem,
1512 1542 1605 1575 tum

869 1591 1034 1643 quidem
1063 1593 1158 1631 satis
1187 1598 1349 1642 notam,
1380 1606 1484 1644 quae
1509 1601 1604 1633 ante

869 1650 1035 1702 aliquod
1056 1656 1216 1704 tempus
1243 1651 1418 1690 maxime
1444 1652 1603 1692 afflixe-

867 1715 934 1748 rat
964 1708 1180 1758 Noricum,
1222 1707 1264 1748 h.
1294 1715 1424 1748 terras
1442 1740 1453 1760 ‚
1502 1724 1602 1762 quas

867 1780 980 1805 nunc
1014 1767 1267 1820 episcopatus
1300 1767 1600 1821 Salzburgicus,

867 1838 1011 1877 magna
1033 1825 1220 1864 Austriae
1246 1839 1342 1877 pars
1370 1839 1464 1865 cum
1481 1827 1602 1866 Stiria

867 1889 910 1920 et
950 1882 1182 1934 carinthia,
1233 1890 1418 1937 occupat.
1467 1888 1602 1924 aerias

865 1940 988 1993 Alpes
1003 1948 1144 1991 vocat,
1184 1948 1381 1994 perpetuo
1400 1943 1602 1982 montium

866 1999 1058 2052 epitheto.
1117 1999 1217 2042 475.
1248 2001 1409 2039 Norica
1430 2003 1600 2040 castella

865 2060 909 2096 in
930 2058 1099 2095 tumulis
1117 2071 1202 2096 non
1220 2070 1302 2096 esse
1321 2065 1496 2111 possunt
1512 2059 1602 2098 loca

865 2116 1051 2165 munita,
1091 2129 1186 2153 nam
1219 2116 1354 2167 agitur
1391 2116 1442 2154 de
1469 2118 1601 2169 gregi-

867 2174 966 2223 bus,
1008 2173 1080 2211 sed
1117 2172 1386 2212 habitationes
1426 2175 1471 2213 in
1501 2175 1600 2214 locis

868 2203 1010 2280 editis,
1049 2231 1231 2283 adeoque
1261 2232 1403 2282 villae,
1440 2232 1521 2271 vici
1555 2233 1600 2271 in

866 2289 1088 2329 montibus.
1153 2291 1401 2340 Timavum,
1443 2290 1489 2329 in
1515 2291 1598 2330 Ve-

866 2354 1056 2387 netorum
1078 2347 1159 2387 oris
1183 2347 1386 2398 fluvium,
1417 2362 1442 2386 a
1457 2348 1599 2388 vicinis

866 2405 1117 2458 Iapydibus,
1146 2406 1296 2459 Illyrici
1320 2406 1494 2459 populo,
1524 2420 1599 2460 ap-

866 2464 1047 2518 pellavit.
1106 2464 1162 2502 De
1193 2477 1241 2503 eo
1267 2463 1363 2504 vide
1392 2464 1447 2503 ad
1462 2464 1562 2504 Aen.
1580 2465 1600 2504 I

866 2524 966 2562 Exn.
992 2522 1085 2572 vn,
1117 2522 1237 2561 etxde
1264 2522 1484 2575 Iapydibus
1513 2523 1597 2562 vid.

867 2582 922 2620 ad
941 2580 1089 2620 Tibull.
1110 2580 1178 2630 IV,
1201 2583 1239 2631 1,
1262 2583 1358 2623 108.
1416 2580 1514 2623 476.
1533 2595 1598 2619 re-

863 2654 954 2692 gna
978 2647 1194 2690 pastorum
1211 2668 1224 2688 ‚
1266 2652 1407 2691 agros,
1451 2645 1598 2678 notum

869 2698 936 2737 vel
963 2710 1016 2736 ex
1041 2697 1124 2735 Ecl.
1163 2696 1203 2746 I,
1232 2699 1301 2738 70.
1332 2705 1431 2749 post
1465 2704 1593 2745 tanto,

869 2762 986 2795 tanto
1010 2761 1195 2806 tempore
1219 2760 1313 2807 post
1320 2769 1334 2805 3
1371 2753 1453 2792 Ecl.
1480 2754 1518 2804 Ι,
1539 2756 1597 2795 30

870 2815 994 2866 longo
1015 2821 1114 2865 post
1140 2821 1325 2863 tempore.
1382 2812 1461 2850 Pro
1481 2810 1598 2850 salti-

868 2873 947 2911 bus
971 2878 1013 2910 et
1036 2870 1195 2924 pascuis
1225 2869 1328 2908 dixit
1358 2874 1497 2907 ornate
1521 2883 1596 2907 ea-

869 2931 988 2968 stella
1004 2932 1049 2967 in
1065 2928 1232 2967 tumulis
1243 2957 1255 2976 ‚
1290 2941 1393 2965 arva
1408 2956 1421 2977 ,
1453 2940 1594 2978 regna,

869 2988 1010 3027 saltus.

1195 3041 1262 3088 37
1283 3042 1314 3075 *
