1734 3320
164 223 269 271 672
507 217 563 266 P.
600 214 957 266 VIRGILH
1000 212 1377 266 MARole
1438 201 1442 202 ’
1480 229 1492 241 ›

167 344 307 408 Scis,
344 345 573 407 Proteu,
611 341 710 393 scis
741 341 880 409 ipse3
920 343 1103 409 neque
1137 349 1217 391 est
1243 349 1299 390 te
1330 337 1518 391 fallere
1549 339 1710 408 quid-

167 484 280 537 Sed
301 493 363 534 tu
390 482 576 534 desine
599 481 752 534 velle.
812 428 1302 549 Deurglp‘iglgcepta
1327 479 1496 531 secuti

165 555 455 619 VenimUS‚
491 553 621 604 hinc
644 552 803 620 lapsis
826 553 1131 620 quaesitum
1156 550 1370 606 oracula
1392 550 1571 604 rebus.

212 696 283 734 447
307 698 491 738 Proteus,
514 700 602 728 noto
623 693 823 735 atticismo‚
854 694 940 728 Mss.
959 693 1068 728 Pierii
1089 699 1126 727 et
1152 692 1327 728 Rufinian.
1350 692 1396 727 de
1416 693 1594 730 Schemat.
1619 691 1707 726 Lex.

165 758 250 792 pag.
279 745 337 781 31.
384 745 561 790 (Proteus
588 742 692 775 etiam
718 741 850 775 Medic.
877 755 898 776 a
924 754 971 775 m.
1002 755 1077 788 pr.;
1111 741 1253 775 scilicet
1280 739 1445 775 adhaesit
1464 752 1484 774 3
1505 752 1525 774 e
1543 740 1708 786 proximo

165 806 244 828 voc.
274 791 371 836 Wr.)
423 791 616 837 quicquam
639 789 769 822 Medic.
804 796 841 822 et
870 789 931 823 alii
963 790 1059 835 apud
1081 789 1225 832 Heins.,
1287 800 1367 821 uem
1383 787 1477 822 vide.
1523 788 1638 822 Etiam
1659 788 1710 822 sic

168 840 292 884 „alii“
326 839 423 885 apud
452 836 632 880 Servium,
673 836 769 870 liber
797 837 976 871 Romanus
998 844 1035 871 et
1067 836 1184 871 Colot.
1288 835 1339 869 ias
1358 834 1588 869 auctoritates
1608 834 1711 872 addit

166 891 284 922 Burm.
302 887 348 920 ad
366 884 561 929 Antholog.
578 897 614 931 p.
637 884 717 920 155.
749 885 922 930 praetulit
941 896 1084 930 quoque
1107 884 1323 926 Brunckius;
1350 889 1388 917 et
1403 882 1454 917 sic
1475 883 1607 917 dudum
1626 882 1708 917 edi-

167 937 271 970 derat
288 932 500 978 Naugerius.
550 944 755 979 quenquam
778 933 909 967 Moret.
934 933 1061 977 fragm.
1093 939 1131 966 et
1158 945 1222 966 ms.
1242 931 1414 973 Brunck‘.‚
1438 936 1479 964 ut
1497 930 1564 974 sit,
1590 943 1711 978 quen-

168 995 277 1031 quam
297 980 441 1028 fallere
473 988 520 1014 te.
569 980 775 1024 Legebatur
798 980 925 1025 vulgo:
957 982 1145 1027 cuiquam,
1171 991 1261 1026 quae
1287 978 1395 1013 lectio
1415 978 1512 1012 haud
1527 978 1635 1012 dubie
1654 984 1711 1012 est

167 1030 277 1075 magis
306 1028 512 1075 perspicua;
547 1027 660 1061 altera
688 1034 808 1061 tamen
845 1028 957 1062 habet
985 1027 1235 1062 auctoritatem
1265 1025 1435 1062 criticam.
1478 1026 1710 1073 (quidquam,

166 1090 234 1124 pro
257 1088 326 1123 quo
349 1075 411 1111 alii
431 1076 519 1108 dant
545 1076 736 1121 cuiquam,
761 1075 864 1109 unice
890 1088 1022 1110 verum.
1071 1076 1164 1110 Nam
1194 1075 1240 1108 ad
1272 1073 1434 1110 codicum
1459 1074 1712 1108 auctoritatem

169 1123 347 1170 elegantia
379 1122 517 1157 accedit
543 1129 760 1156 structurae:
791 1122 935 1170 fallere
962 1124 1122 1170 aliquem
1146 1122 1305 1169 aliquid,
1339 1121 1387 1156 ad
1407 1122 1581 1156 Graecam
1607 1132 1710 1155 com-

166 1173 319 1220 positae.
367 1170 553 1205 Demosth.
569 1170 614 1204 de
633 1172 725 1204 Pace
738 1184 774 1217 p.
784 1172 841 1206 59.
863 1171 958 1207 l.20.
985 1166 1131 1213 „0136522
1153 1167 1302 1205 τούτων
1324 1165 1568 1214 ἐξαπατήσας
1585 1165 1710 1215 φανή-

167 1220 322 1265 σομαι.“
371 1220 449 1254 Nec
474 1229 596 1252 verum
624 1224 698 1260 est,
732 1219 829 1264 quod
855 1218 1019 1252 nonnulli
1044 1226 1166 1253 contra
1193 1216 1386 1251 lectionem
1415 1217 1613 1263 quidquam
1628 1229 1710 1251 mo-

166 1274 340 1309 nuerunt,
377 1278 455 1300 esse
481 1265 520 1299 in
551 1278 593 1299 ea
625 1265 912 1311 ambiguitatem,
949 1279 1028 1300 cum
1055 1264 1212 1300 construi
1233 1271 1377 1311 posset:
1403 1277 1471 1298 nec
1487 1272 1564 1307 est,
1598 1265 1711 1311 quid-

168 1328 278 1364 quam
299 1313 445 1362 sallere
465 1334 510 1339 —
527 1313 648 1347 latere
667 1334 712 1339 —
732 1322 779 1347 te.
828 1315 921 1348 Nam
949 1314 1011 1360 qui
1032 1313 1160 1348 Latine
1181 1313 1314 1356 sciunt,
1338 1324 1411 1346 non
1431 1311 1618 1357 ignorant,
1654 1320 1712 1346 esc

166 1375 234 1410 pro
270 1362 356 1396 licet
383 1360 621 1395 accusativum
650 1373 729 1395 cum
755 1361 931 1395 infinitivo
973 1362 1080 1395 activi
1116 1373 1191 1395 non
1220 1360 1420 1395 adsciscere
1450 1355 1584 1394 solere.
1631 1360 1710 1393 De—

166 1411 273 1456 nique
294 1409 435 1456 saepius
458 1410 560 1442 Maro
582 1410 798 1443 Graecorum
819 1422 918 1443 usum
937 1408 1158 1455 pronominis
1179 1406 1217 1443 τὶ
1243 1407 1400 1442 imitatus
1421 1413 1490 1442 est.
1537 1406 1612 1442 Ecl.
1632 1408 1711 1451 vn,

170 1460 244 1494 10.:
272 1484 293 1501 „
306 1458 348 1492 Si
365 1457 455 1503 quid
472 1468 619 1490 cessare
639 1459 785 1504 potes.“
825 1458 931 1492 Wclz.
979 1457 1092 1491 Addit
1114 1455 1257 1490 Iahnius
1275 1457 1403 1490 Horat.
1432 1455 1498 1489 Od.
1517 1456 1544 1498 1,
1572 1456 1607 1498 6,
1634 1456 1709 1492 19.:

168 1506 275 1550 „sive
306 1504 421 1550 quid
444 1503 613 1538 urimur.“
661 1507 735 1539 Sat.
755 1506 799 1548 ΙΙ,
822 1506 857 1548 2,
881 1506 961 1541 27.:
996 1511 1195 1550 „tanquam
1217 1503 1263 1538 ad
1289 1515 1365 1537 rem
1394 1502 1550 1537 attineat
1573 1503 1711 1549 quid-

169 1555 334 1600 quam.“
375 1551 447 1586 vid.
478 1551 664 1596 inprimis,
698 1564 788 1598 quae
816 1552 943 1598 scripsi
972 1552 1009 1586 in
1036 1554 1123 1587 Not.
1155 1551 1201 1585 ad
1229 1554 1317 1586 Aen.
1349 1552 1410 1593 111,
1437 1550 1496 1586 56.
1544 1551 1713 1585 Ceterum

168 1601 298 1636 Medic.
328 1601 532 1655 quicquam.
570 1602 627 1635 W
624 1600 668 1645 r.)
764 1599 835 1636 449
859 1601 947 1634 hinc
970 1613 988 1634 e
1010 1601 1159 1634 Roman.
1189 1605 1226 1632 et
1243 1598 1321 1633 aliis
1347 1598 1417 1633 iam
1434 1598 1607 1644 probarat
1624 1598 1712 1633 Pie-

167 1649 252 1684 rius.
301 1647 509 1682 anabant
524 1647 693 1681 meliores
714 1648 902 1682 Heiusiani
920 1654 957 1681 et
971 1654 1046 1681 tres
1066 1646 1281 1682 Martiniani.
1334 1646 1512 1682 Venimus
1529 1647 1603 1681 huc
1628 1645 1712 1681 vul—

169 1709 227 1742 go.
277 1696 363 1730 huic
381 1694 479 1729 Toll.
529 1695 643 1729 lassis
660 1695 791 1730 Medic.
814 1702 851 1729 et
875 1695 987 1730 ceteri
1007 1693 1193 1729 Heinsiani
1209 1694 1384 1740 plerique.
1433 1693 1492 1728 Sic
1514 1699 1552 1728 et
1571 1694 1711 1728 Oblon—

171 1757 234 1790 gus
253 1742 363 1777 Pierii
388 1749 423 1776 et
444 1742 555 1777 Goth.
573 1755 643 1777 sec.
692 1744 779 1777 hinc
788 1741 910 1791 sessis
929 1743 1021 1777 Gud.
1048 1754 1115 1789 pro
1137 1754 1210 1776 var.
1239 1742 1323 1776 lect.
1372 1741 1446 1776 Sed
1472 1747 1571 1777 recte
1591 1741 1712 1790 lapsis

169 1791 358 1826 retinetur.
384 1790 516 1838 (lapsis
536 1793 634 1825 Serv.
652 1791 800 1833 Dresd.;
825 1791 897 1826 vid.
919 1793 963 1834 Q.
981 1792 1027 1827 V.
1046 1791 1148 1835 XVI,
1173 1791 1207 1826 1.
1236 1791 1295 1826 W
1290 1789 1335 1835 r.)

171 1913 266 1952 dem
294 1917 394 1950 noto
420 1923 501 1949 usu
526 1922 579 1948 ex
605 1910 678 1950 Gr.
697 1907 799 1965 γάρ,
829 1924 907 1963 pro

171 1966 239 2023 δή.
270 1971 319 2009 cs.
340 1969 475 2008 Clark.
495 1975 536 2007 et
556 1969 651 2009 Ern.
679 1969 732 2008 ad
746 1969 907 2022 Iliad.o,

170 2031 269 2072 201.
307 2027 438 2068 Aiunt
471 2027 594 2080 vulgo
613 2058 624 2078 ,
678 2028 911 2067 subintelli-

171 2087 344 2141 gendam
365 2099 448 2126 esse
463 2086 801 2139 propositionem,
833 2101 909 2127 cu-

169 2147 233 2186 ius
264 2160 406 2186 caussa
432 2144 657 2197 reddatur3
698 2146 803 2185 forte
820 2145 862 2185 h.
881 2146 909 2185 1.

169 2205 339 2260 perdam
365 2211 429 2255 te,
467 2218 565 2243 nam
581 2219 660 2256 —3
690 2218 794 2257 quae
815 2204 912 2243 ina—

170 2264 233 2304 nis
252 2270 355 2303 esset
381 2263 596 2302 subtilitas.
656 2263 749 2302 Hoc
767 2263 911 2302 saltem

170 2330 311 2362 tenere
329 2322 442 2362 licet:
473 2322 651 2375 primum
670 2323 778 2361 forte
798 2321 912 2361 hunc

170 2384 247 2424 τοῦ
267 2379 345 2437 γὰρ
365 2394 487 2430 usum
504 2381 563 2419 ita
586 2381 697 2420 nasci
718 2381 911 2433 potuisse,

171 2454 267 2479 cum
297 2439 526 2479 membrum
557 2440 749 2479 orationis
781 2440 913 2479 subti-

174 2496 349 2538 cesceret
368 2498 422 2549 is,
454 2498 523 2550 qui
543 2498 747 2537 concitate
767 2499 912 2551 loque—

171 2557 306 2596 batur.
365 2557 457 2596 Hoc
495 2556 585 2596 loco
621 2563 682 2596 est
710 2571 787 2611 pro
815 2558 913 2598 vul-

173 2616 260 2669 gari
283 2616 499 2667 Quisnam.
536 2613 602 2669 (ut
625 2615 727 2655 Aen.
744 2616 794 2666 II,
813 2619 912 2659 373.

178 2672 293 2730 Wr.)
333 2673 498 2712 Homer.
529 2674 608 2713 Od.
639 2676 687 2726 δ,
718 2673 804 2717 462
842 2675 914 2725 Τίς

171 2730 226 2775 νύ
265 2748 329 2773 τοι
357 2755 417 2763 -
449 2734 564 2773 θεῶν
616 2729 911 2787 συμφράσσατο

173 2786 350 2847 βουλάςς
379 2813 440 2821 --
458 2789 524 2832 τέο
548 2788 592 2832 σὲ
608 2787 715 2845 χρή,·

231 2848 331 2892 447.
350 2848 468 2889 Iliad.
491 2866 530 2900 oc,
548 2849 634 2892 365
660 2846 818 2890 Οἶσθα·
844 2849 911 2903 τίη

170 2924 234 2950 τοι
252 2904 374 2949 ταῦτ’
397 2908 531 2963 εἰδυίῃ
552 2903 681 2949 πάντ’
699 2903 912 2962 οἷγορεύως

170 2981 301 3019 neque
312 2975 370 3005 est
390 2975 426 3005 te
430 2966 587 3018 fallere
599 2966 837 3020 quidquam.
851 2972 912 3004 est

172 3038 269 3064 sane
300 3025 534 3078 ambiguum
563 3024 645 3065 hoc
671 3030 711 3066 et
740 3030 913 3080 propter

967 1917 1220 1950 structuram
1237 1917 1277 1951 et
1295 1911 1391 1964 quia
1407 1907 1453 1952 τὸ
1455 1909 1613 1963 fallere
1631 1908 1713 1948 du-

967 1969 1259 2023 plicembhabet
1274 1970 1487 2009 notionem
1509 1974 1551 2007 et
1577 1968 1712 2006 laten-

968 2028 1014 2066 di
1056 2034 1096 2067 et
1125 2028 1367 2081 decipiendi.
1437 2028 1575 2067 Potest
1608 2039 1712 2065 esse:

968 2100 1101 2139 neque
1121 2095 1178 2126 est
1196 2117 1207 2137 ‚
1243 2083 1424 2134 δυνατόν
1446 2085 1555 2144 ἔσῃ,
1586 2085 1712 2139 quid-

969 2161 1097 2200 quam
1128 2146 1252 2185 latere
1287 2154 1337 2186 te.
1378 2150 1514 2199 potest
1549 2156 1714 2196 quoque

970 2217 1054 2243 esse
1075 2217 1151 2244 nec
1168 2204 1257 2244 fieri
1276 2210 1427 2258 potest,
1457 2209 1507 2243 ut
1523 2204 1613 2255 quis
1633 2195 1721 2242 fal-⁸

969 2262 1026 2302 lat
1054 2270 1100 2317 te,
1127 2259 1233 2305 κατά
1254 2279 1315 2314 τι,
1346 2263 1602 2317 quidquam,
1637 2258 1714 2303 ali.-

971 2335 1051 2374 qua
1088 2322 1131 2361 in
1155 2335 1212 2362 re.
1283 2321 1431 2361 Similis
1475 2319 1714 2373 ambiguitas

972 2387 1034 2419 est
1068 2380 1112 2419 in
1159 2380 1383 2432 Pindarici-s
1430 2379 1482 2419 ‹le
1532 2379 1712 2432 Cyrene,

971 2438 1092 2493 Pyth.
1105 2439 1250 2491 IX,75,
1262 2439 1335 2479 ubi
1352 2437 1506 2478 Chiron
1519 2437 1572 2477 ad
1583 2435 1714 2490 Apol-

971 2498 1116 2548 linem,
1149 2496 1193 2539 σὲ
1203 2530 1216 2550 ,
1245 2495 1320 2539 τόν
1339 2493 1392 2539 ου’
1408 2493 1584 2551 θεμιτόν
1603 2491 1713 2549 ψεύ-

972 2557 1034 2598 δει
1061 2557 1210 2612 θίγειν.
1269 2556 1491 2595 Notionem
1524 2553 1712 2605 fallendi,

972 2615 1232 2668 decipiendi,
1272 2615 1468 2656 videntur
1502 2613 1713 2666 postulare

971 2674 1192 2726 sequentia.
1254 2671 1366 2728 (vid.
1410 2672 1458 2713 V.
1492 2671 1536 2712 L.
1579 2668 1710 2726 Wr.)

971 2731 1070 2775 448.
1102 2733 1237 2770 desine
1278 2732 1381 2771 velle
1396 2761 1407 2781 ‚
1452 2730 1536 2770 scil.
1570 2730 1712 2769 fallere

969 2804 1046 2830 me.
1096 2790 1282 2841 Servius,
1314 2795 1354 2828 et
1384 2802 1437 2828 ex
1468 2802 1514 2828 eo
1537 2788 1613 2828 Iul.
1636 2789 1712 2827 Sa-

968 2849 1075 2899 bin.,
1107 2854 1367 2902 acceperant:
1406 2847 1481 2886 sed
1506 2856 1551 2886 tu
1575 2846 1711 2885 desine

970 2908 1086 2957 velle,
1108 2922 1161 2947 sc.
1175 2907 1298 2959 scire3
1328 2919 1379 2946 ne
1398 2918 1546 2959 quaere
1564 2918 1617 2945 ex
1633 2917 1712 2944 me.

970 2965 1084 3018 quod
1101 2966 1286 3006 ieiunum
1316 2971 1388 3005 est.
1447 2963 1546 3007 449.
1580 2977 1712 3017 quae-

970 3026 1094 3064 situm
1126 3025 1223 3065 hinc
1257 3023 1427 3064 oracula
1439 3052 1452 3074 ‚
1500 3021 1543 3063 h.
1575 3034 1711 3062 reme-
