1768 3320
199 205 266 251 66

532 198 587 246 P.
632 194 981 246 VIRGILII
1023 188 1395 240 MARONIS

199 340 255 378 M.
289 325 579 373 Fortunate
598 337 781 385 senex,
819 333 945 383 ergo
963 326 1051 366 tua
1068 331 1191 364 rura
1208 313 1537 363 manebunt!
1594 344 1599 347 -

199 397 267 444 Et
283 392 378 442 tibi
394 407 585 456 magna
603 391 745 449 satis;
783 387 1021 456 quamvis
1037 385 1166 451 lapis
1186 384 1367 433 omnia
1385 382 1565 434 nudus

246 509 293 546 48
315 511 367 544 Ex
383 508 452 542 hoc
469 515 506 542 et
525 521 556 541 v.
573 508 621 544 52
639 517 821 551 expressus
844 517 875 540 v.
897 505 937 540 11
965 500 1001 535 in
1018 501 1138 547 Epigr·
1172 501 1240 537 177
1273 500 1419 535 Anthol.
1438 499 1500 534 lat.
1519 501 1547 543 Ι,
1565 501 1585 537 1
1613 502 1715 534 Haec

202 556 268 591 tibi
284 568 424 602 semper
439 564 568 596 erunt,
595 555 653 587 lu'c
670 555 768 587 inter
777 553 940 598 flunu'na
966 558 1059 584 noca
1087 555 1153 582 ete.
1202 550 1334 582 Totum
1359 559 1499 582 carmen
1523 560 1566 582 ex
1592 547 1711 592 Virgi-

201 603 302 637 lianis
320 601 476 638 versibus
496 607 550 635 est
569 606 777 635 contextum.

202 705 264 743 ius
281 703 364 742 Ecl.
383 717 441 742 VS.
463 704 530 744 71.
557 713 613 752 sq.
672 701 824 738 Tauros
850 711 925 736 au-

203 768 286 801 tem
302 760 522 799 submittere
542 758 695 798 dictum
728 757 822 796 volo
850 769 925 808 pro

203 820 365 859 domare
383 826 527 866 tauros,
544 830 596 854 sc.
606 821 654 854 ut
666 815 803 866 iugum
821 815 926 852 ferre

205 877 372 916 discant.
418 875 490 913 Cui
512 872 766 927 explicationi
788 873 927 911 favent

205 948 273 984 ea,
317 946 417 985 quae
445 932 633 983 leguntur
663 930 771 983 apud
799 929 925 968 Rutil.

205 992 339 1032 Itiner.
359 991 388 1040 I,
413 989 526 1031 142:
547 989 823 1039 „Submittant
839 994 926 1026 tre—

204 1050 290 1104 pidi
322 1048 477 1101 perfida
517 1047 618 1086 colla
643 1047 778 1085 Getae.
790 1049 813 1068 “
871 1046 928 1083 De

206 1106 426 1160 supplendo
454 1118 566 1158 grege
588 1105 621 1143 si
649 1105 791 1158 capias,
821 1103 927 1153 vide,

206 1179 256 1204 ne
273 1164 486 1203 dicendum
498 1163 618 1202 fuerit
633 1164 817 1202 iuvencos
834 1161 929 1200 snb-

205 1224 373 1271 mittere,
404 1235 486 1260 non
506 1229 640 1259 tauros
651 1237 667 1268 ,·
697 1220 806 1259 tauri
826 1220 931 1259 enim

204 1281 286 1319 iam
304 1279 444 1329 adulti,
473 1293 556 1317 non
574 1278 835 1318 submittendi
855 1278 931 1330 igi-

205 1344 296 1387 tur,
327 1337 397 1376 sed
414 1337 494 1375 iam
517 1336 708 1376 submissi.
772 1338 819 1377 V
813 1336 932 1374 italos

207 1394 428 1433 submittere
450 1395 518 1432 Ge.
535 1394 599 1444 ΙΙΙ,
635 1395 728 1437 159.
761 1396 824 1434 W
825 1392 872 1448 ν.)

262 1451 329 1494 47.
359 1453 470 1504 Ergo
499 1460 571 1490 tua
594 1466 689 1490 rura
717 1452 932 1490 manebant

204 1510 298 1560 tibi,
336 1524 419 1549 non
436 1510 676 1562 eripientur,
715 1519 752 1548 et
773 1524 820 1548 ea
841 1510 933 1562 qui-

207 1568 298 1606 dem
315 1570 413 1606 salis
439 1582 615 1619 magna,
657 1568 710 1606 ad
731 1567 931 1621 pascenda

207 1632 400 1664 armenta.
460 1623 607 1679 (Verba
631 1633 703 1664 tua
724 1641 817 1664 rura
837 1641 931 1664 ma—

207 1682 351 1720 nebunt
367 1683 603 1735 explicanda
623 1696 674 1722 ex
694 1684 867 1723 formula
887 1684 931 1722 in

207 1740 364 1778 iudiciis
380 1741 576 1780 sollemni:
597 1756 728 1779 meum
742 1751 807 1781 est.
837 1742 931 1782 Vid.

209 1797 379 1836 Brisson.
414 1798 463 1836 de
486 1798 620 1839 Form.
641 1806 681 1837 et
706 1800 799 1839 Soll.
818 1801 860 1839 P.
881 1801 930 1839 R.

209 1855 349 1894 Verbis
366 1855 391 1894 l.
407 1855 454 1895 V.
474 1854 515 1909 §.
541 1860 604 1898 19.
644 1858 708 1895 Sic
724 1858 829 1897 infra
848 1859 930 1897 Ecl.

209 1913 289 1962 IX,
320 1912 382 1954 4.:
412 1914 554 1963 „Haec
575 1928 684 1952 mea
713 1923 827 1955 sunt:
857 1930 932 1956 ve·-

210 1975 315 2009 teres
335 1970 500 2023 migrate
520 1972 701 2011 coloni!“
741 1975 788 2012 cf.
812 1974 933 2013 etiam

211 2027 292 2067 Ecl.
314 2027 388 2077 ΙΙΙ,
431 2032 499 2071 23.
529 2030 634 2069 Hinc
654 2032 813 2083 gravius
833 2047 934 2085 pro-

211 2085 484 2125 nunciandum
496 2101 717 2139 pronomen
737 2098 820 2140 tua,
851 2105 935 2130 non

211 2143 380 2182 verbum
402 2145 623 2185 manebunt.
659 2146 769 2202 Wfr.)
821 2149 935 2197 Quae

214 2208 460 2252 sequuntur,
491 2204 601 2242 varie
629 2204 855 2258 interpungi
895 2213 936 2245 et

211 2259 358 2311 exponi
391 2267 569 2311 possunt.
628 2261 712 2301 Aut
743 2270 792 2302 ut
828 2279 936 2303 nova

212 2316 408 2355 sententia
428 2318 519 2356 fiat:
555 2319 749 2370 Quamvis·
777 2344 834 2351 —
864 2322 935 2360 ob·-

212 2374 335 2412 ‹lucat
355 2389 513 2424 pascua
540 2378 681 2415 iunco:
721 2380 818 2417 IVon
852 2378 935 2433 (ta-

213 2430 321 2485 men)
347 2433 500 2471 insaela
524 2448 569 2485 g.
606 2432 682 2488 (Ita
700 2436 934 2477 Wakefield.

213 2489 283 2540 qui
314 2503 468 2527 comma
504 2498 596 2542 post
636 2494 751 2531 iunco
788 2497 935 2547 posuit.

222 2544 333 2600 Wt.)
386 2553 457 2585 aut
486 2555 535 2586 ut
567 2563 657 2587 011111
684 2553 936 2592 antecedenti

211 2604 372 2656 iungas:
430 2613 466 2642 et
506 2605 577 2643 libi
618 2622 772 2660 magna
819 2613 932 2661 satis,

213 2663 399 2714 quamvis
430 2662 538 2713 lapis
555 2686 613 2694 -
644 2667 775 2704 iunco.
838 2669 937 2707 Non

212 2721 242 2757 ι’.
262 2748 274 2768 ,
306 2724 355 2757 ut
374 2718 426 2757 sit
441 2732 598 2759 sensus:
626 2723 839 2762 manebunt
864 2734 935 2764 tua

209 2790 380 2827 pascua,
399 2779 497 2814 salis
510 2777 582 2815 tibi
595 2793 761 2830 magna,
788 2797 934 2833 qaam-

212 2835 274 2872 vis
305 2834 414 2885 lapis
446 2842 483 2872 et
506 2836 632 2885 palus
657 2840 790 2876 omnia
810 2839 934 2878 obcla-

212 2898 293 2929 cat.
373 2891 457 2930 Iam
503 2890 580 2930 hoc
618 2893 767 2946 duplici
802 2903 935 2948 potest

211 2947 334 2987 modo
364 2947 517 2988 dictum
546 2962 645 2999 esse,
684 2959 755 2991 aut
779 2960 826 2991 ut
844 2968 936 3006 ager

981 697 1048 736 ille
1079 694 1210 748 Tityri
1248 708 1416 734 saxosus
1458 701 1499 734 et
1524 695 1715 748 palustris

984 755 1055 804 sit3
1097 759 1169 792 aut
1191 758 1241 792 ut
1268 752 1377 792 inter
1406 753 1577 792 aliorum
1601 767 1715 805 agros

984 826 1147 851 saxosos
1181 817 1222 849 et
1250 812 1448 864 palustres
1476 825 1626 864 pascua
1645 811 1715 851 'ri-

984 877 1101 923 tyrus
1122 869 1272 908 habeat
1303 870 1398 910 satis
1416 869 1526 909 bona
1544 875 1587 909 et
1609 868 1716 908 tole-

983 928 1138 968 rabilia.
1197 928 1286 967 Hoc
1306 928 1543 982 praeferam,
1571 933 1622 967 ut
1641 940 1717 967 ne-

984 988 1158 1039 glectum
1189 986 1384 1034 culturae,
1401 998 1591 1039 agrorum
1605 985 1717 1025 colo-

984 1046 1046 1084 nis
1067 1045 1148 1083 suis
1167 1050 1400 1098 ereptorum
1419 1057 1466 1083 ea
1479 1057 1544 1084 res
1562 1049 1716 1098 arguat.

985 1104 1145 1143 Scilicet
1177 1102 1291 1142 haud
1325 1103 1446 1142 dubie
1481 1102 1583 1142 haec
1609 1102 1718 1142 dicta

986 1168 1083 1200 sunt
1102 1175 1195 1200 cum
1209 1167 1398 1214 respectu
1412 1162 1600 1200 fortunae
1616 1161 1718 1200 isto-

987 1234 1082 1260 rum
1107 1225 1350 1272 temporum.
1407 1219 1614 1258 Prioribus
1641 1218 1718 1257 do-

987 1278 1105 1316 minis
1120 1277 1248 1330 erepti
1263 1277 1346 1330 agri
1362 1291 1385 1315 a
1398 1277 1599 1317 veteranis
1615 1276 1720 1315 male

990 1336 1090 1375 culti
1124 1336 1304 1375 sentibus
1323 1334 1566 1384 horrebant,
1604 1335 1719 1373 lacu-

989 1395 1050 1433 nis
1081 1399 1122 1431 et
1139 1394 1356 1446 paludibus
1384 1399 1502 1432 erant
1532 1391 1718 1432 obducti:

988 1452 1032 1491 id
1052 1452 1163 1503 quod
1189 1452 1319 1490 multo
1349 1452 1471 1504 magis
1499 1451 1558 1490 ita
1586 1464 1626 1490 se
1643 1450 1720 1490 ha-

988 1509 1084 1548 bere
1109 1510 1249 1549 debuit
1269 1510 1312 1548 in
1332 1510 1434 1562 agris
1456 1509 1510 1548 ad
1528 1509 1721 1553 Mincium

988 1569 1030 1607 ss.
1064 1568 1167 1618 sitis,
1211 1568 1324 1607 cuius
1352 1573 1394 1606 et
1411 1567 1663 1620 stagnatione
1679 1573 1721 1604 et

987 1626 1189 1677 frequenti
1239 1625 1514 1665 exundatione
1553 1624 1721 1679 paludes

984 1685 1100 1723 facile
1135 1683 1306 1722 existere
1340 1690 1551 1737 poterant3
1605 1688 1723 1722 erant

988 1749 1123 1782 autem
1137 1742 1315 1782 Maronis
1343 1742 1427 1794 agri
1445 1756 1468 1780 a
1495 1742 1599 1781 clivo
1623 1741 1719 1780 inde

989 1801 1101 1840 collis
1118 1800 1170 1839 ad
1190 1813 1281 1839 eum
1300 1799 1474 1839 fluvium
1496 1800 1562 1838 siti
1574 1829 1585 1850 ,
1630 1798 1722 1851 qui-

987 1859 1063 1900 bus
1087 1859 1269 1897 adiacere
1293 1857 1468 1897 debuere
1492 1858 1559 1897 alii
1581 1857 1723 1896 eodem

989 1917 1071 1956 situ
1101 1917 1318 1969 eademque
1350 1915 1603 1956 conditione:
1638 1915 1721 1954 Ecl.

988 1975 1066 2025 IX,
1098 1978 1137 2017 7.
1161 1975 1235 2024 VI,
1270 1977 1335 2016 12.
1367 1974 1436 2013 Ge.
1459 1974 1531 2024 ΙΙΙ,
1566 1971 1631 2015 14.
1657 1973 1722 2016 15.

990 2033 1037 2082 Π,
1072 2035 1165 2075 198.
1188 2035 1281 2075 199.
1311 2031 1410 2072 Aen.
1428 2033 1482 2082 X,
1511 2031 1609 2075 205.
1625 2034 1722 2074 206.

991 2091 1110 2130 Nunc
1136 2091 1260 2144 igitur
1286 2090 1505 2130 Meliboeus
1532 2090 1662 2142 pergit
1680 2103 1722 2128 v.

994 2150 1049 2192 50
1062 2162 1295 2202 comparare
1315 2163 1429 2188 suain
1439 2147 1722 2187 calamitatem:

993 2221 1106 2257 cuin,
1136 2207 1291 2259 inquit,
1333 2221 1356 2245 a
1384 2206 1483 2246 meis
1514 2206 1617 2258 agris
1639 2205 1722 2244 dis-

993 2265 1219 2304 cedendum
1251 2264 1352 2304 mihi
1384 2265 1454 2304 sit:
1511 2276 1640 2316 neque
1672 2276 1724 2302 ex

990 2329 1115 2376 partu
1131 2323 1234 2362 male
1253 2323 1413 2362 affectas
1434 2323 1605 2375 capellas
1623 2335 1722 2360 con-

991 2382 1178 2421 veniente
1199 2382 1347 2434 pabulo
1365 2381 1550 2431 reficere,
1580 2393 1722 2431 neque,

993 2453 1085 2478 cum
1102 2438 1201 2478 mihi
1227 2440 1341 2490 illae,
1384 2453 1463 2491 qua
1489 2452 1575 2478 sors
1597 2437 1722 2487 dabit,

993 2498 1167 2549 agendae
1182 2498 1276 2548 sint,
1295 2497 1390 2536 satis
1406 2510 1547 2537 cavere
1563 2497 1610 2537 iis
1625 2509 1723 2549 pos·-

993 2569 1094 2605 sum,
1111 2569 1162 2594 ne
1179 2555 1222 2594 in
1243 2569 1377 2608 greges
1395 2554 1590 2607 contagio,
1613 2552 1723 2606 quod

991 2626 1032 2652 v.
1054 2614 1104 2656 51
1131 2614 1288 2652 malum
1307 2612 1349 2652 h.
1364 2613 1535 2651 noxium
1561 2611 1722 2661 dicitur,

991 2677 1145 2721 tactos,
1177 2677 1248 2710 aut
1264 2673 1308 2710 in
1328 2671 1477 2709 insecta
1495 2676 1632 2723 saepta
1655 2669 1722 2708 in-

992 2728 1140 2768 cidant.
1199 2729 1263 2768 Sic
1290 2729 1410 2767 etiam
1436 2729 1481 2767 in
1500 2741 1583 2780 sqq.
1606 2728 1723 2766 istius

992 2793 1142 2825 sortem
1161 2800 1253 2826 cum
1271 2801 1343 2826 sua
1359 2791 1578 2839 comparat.
1610 2783 1722 2839 (Vir-

991 2844 1157 2893 gilianus
1176 2858 1267 2897 ager
1290 2845 1544 2894 describitur,
1573 2843 1723 2896 partim

992 2901 1045 2938 ad
1071 2903 1225 2941 radices
1257 2903 1458 2942 montium
1486 2914 1723 2942 saxosorum

992 2964 1031 2995 et
1060 2960 1159 2999 silva
1188 2967 1391 3000 tectorum
1419 2960 1542 3008 situs,
1572 2959 1721 3012 partim
