<?xml version="1.0" encoding="UTF-8"?>
<!DOCTYPE html PUBLIC "-//W3C//DTD XHTML 1.0 Transitional//EN"
    "http://www.w3.org/TR/xhtml1/DTD/xhtml1-transitional.dtd">
<html xmlns="http://www.w3.org/1999/xhtml" xml:lang="en" lang="en">
 <head>
  <title>
</title>
<meta http-equiv="Content-Type" content="text/html;charset=utf-8" />
  <meta name='ocr-system' content='tesseract 3.04.00' />
  <meta name='ocr-capabilities' content='ocr_page ocr_carea ocr_par ocr_line ocrx_word'/>
</head>
<body>
  <div class='ocr_page' id='page_1' title='image "./publiusvirgilius01virguoft/publiusvirgilius01virguoft_0394.png"; bbox 0 0 1768 3320; ppageno 0'>
   <div class='ocr_carea' id='block_1_1' title="bbox 182 211 285 258">
    <p class='ocr_par' dir='ltr' id='par_1_1' title="bbox 182 211 285 258">
     <span class='ocr_line' id='line_1_1' title="bbox 182 211 285 258; baseline -0.01 0"><span class='ocrx_word' id='word_1_1' title='bbox 182 211 285 258; x_wconf 82' lang='grc'><strong>226</strong></span> 
     </span>
    </p>
   </div>
   <div class='ocr_carea' id='block_1_2' title="bbox 183 331 1558 399">
    <p class='ocr_par' dir='ltr' id='par_1_2' title="bbox 183 331 1558 399">
     <span class='ocr_line' id='line_1_2' title="bbox 183 331 1558 399; baseline 0.002 -17"><span class='ocrx_word' id='word_1_2' title='bbox 183 335 503 399; x_wconf 76' lang='lat' dir='ltr'><strong>spargeret?</strong></span> <span class='ocrx_word' id='word_1_3' title='bbox 540 341 630 383; x_wconf 86' lang='lat' dir='ltr'><strong>aut</strong></span> <span class='ocrx_word' id='word_1_4' title='bbox 653 333 810 383; x_wconf 81' lang='lat' dir='ltr'><strong>viridi</strong></span> <span class='ocrx_word' id='word_1_5' title='bbox 832 331 998 383; x_wconf 89' lang='lat' dir='ltr'><strong>fontis</strong></span> <span class='ocrx_word' id='word_1_6' title='bbox 1018 332 1303 383; x_wconf 80' lang='lat' dir='ltr'><strong>induceret</strong></span> <span class='ocrx_word' id='word_1_7' title='bbox 1323 333 1519 384; x_wconf 87' lang='lat' dir='ltr'><strong>umbra</strong></span> <span class='ocrx_word' id='word_1_8' title='bbox 1534 340 1558 386; x_wconf 85' lang='lat'><em>?</em></span> 
     </span>
    </p>
   </div>
   <div class='ocr_carea' id='block_1_3' title="bbox 534 206 1397 258">
    <p class='ocr_par' dir='ltr' id='par_1_3' title="bbox 534 206 1397 258">
     <span class='ocr_line' id='line_1_3' title="bbox 534 206 1397 258; baseline 0 -2"><span class='ocrx_word' id='word_1_9' title='bbox 534 208 590 257; x_wconf 92' lang='grc' dir='ltr'><strong>Ρ.</strong></span> <span class='ocrx_word' id='word_1_10' title='bbox 627 207 984 258; x_wconf 88' lang='lat' dir='ltr'><strong>VIRGILII</strong></span> <span class='ocrx_word' id='word_1_11' title='bbox 1018 206 1397 257; x_wconf 88' lang='lat' dir='ltr'><strong>MARONIS</strong></span> 
     </span>
    </p>
   </div>
   <div class='ocr_carea' id='block_1_4' title="bbox 1648 342 1717 388">
    <p class='ocr_par' dir='ltr' id='par_1_4' title="bbox 1648 342 1717 388">
     <span class='ocr_line' id='line_1_4' title="bbox 1648 342 1717 388; baseline 0 0"><span class='ocrx_word' id='word_1_12' title='bbox 1648 342 1717 388; x_wconf 83' lang='grc'><strong>20</strong></span> 
     </span>
    </p>
   </div>
   <div class='ocr_carea' id='block_1_5' title="bbox 178 403 1717 682">
    <p class='ocr_par' dir='ltr' id='par_1_5' title="bbox 180 403 1480 472">
     <span class='ocr_line' id='line_1_5' title="bbox 180 403 1480 472; baseline -0.001 -18"><span class='ocrx_word' id='word_1_13' title='bbox 180 403 282 455; x_wconf 91' lang='lat' dir='ltr'><strong>Vel</strong></span> <span class='ocrx_word' id='word_1_14' title='bbox 307 420 445 470; x_wconf 87' lang='lat' dir='ltr'><strong>quae</strong></span> <span class='ocrx_word' id='word_1_15' title='bbox 470 403 678 468; x_wconf 85' lang='lat' dir='ltr'><strong>sublegi</strong></span> <span class='ocrx_word' id='word_1_16' title='bbox 699 405 888 454; x_wconf 86' lang='lat' dir='ltr'><strong>tacitus</strong></span> <span class='ocrx_word' id='word_1_17' title='bbox 911 403 1007 453; x_wconf 91' lang='lat' dir='ltr'><strong>tibi</strong></span> <span class='ocrx_word' id='word_1_18' title='bbox 1030 405 1263 453; x_wconf 86' lang='lat' dir='ltr'><strong>carmina</strong></span> <span class='ocrx_word' id='word_1_19' title='bbox 1286 421 1480 472; x_wconf 81' lang='lat' dir='ltr'>nuper,</span> 
     </span>
    </p>

    <p class='ocr_par' dir='ltr' id='par_1_6' title="bbox 178 473 1717 682">
     <span class='ocr_line' id='line_1_6' title="bbox 182 473 1672 539; baseline 0.002 -17"><span class='ocrx_word' id='word_1_20' title='bbox 182 477 365 537; x_wconf 85' lang='lat' dir='ltr'><strong>Quum</strong></span> <span class='ocrx_word' id='word_1_21' title='bbox 387 483 441 523; x_wconf 90' lang='lat' dir='ltr'><strong>te</strong></span> <span class='ocrx_word' id='word_1_22' title='bbox 467 473 534 523; x_wconf 85' lang='lat' dir='ltr'><strong>ad</strong></span> <span class='ocrx_word' id='word_1_23' title='bbox 562 473 778 524; x_wconf 81' lang='lat' dir='ltr'>delicias</span> <span class='ocrx_word' id='word_1_24' title='bbox 803 473 1001 537; x_wconf 83' lang='lat' dir='ltr'><strong>serreS‚</strong></span> <span class='ocrx_word' id='word_1_25' title='bbox 1038 474 1362 539; x_wconf 79' lang='lat' dir='ltr'><strong>Amaryllida</strong></span> <span class='ocrx_word' id='word_1_26' title='bbox 1378 516 1390 539; x_wconf 89' lang='lat'><strong>,</strong></span> <span class='ocrx_word' id='word_1_27' title='bbox 1428 480 1672 525; x_wconf 85' lang='lat' dir='ltr'><strong>nostras?</strong></span> 
     </span>
     <span class='ocr_line' id='line_1_7' title="bbox 179 543 1717 612; baseline 0.001 -19"><span class='ocrx_word' id='word_1_28' title='bbox 179 585 208 605; x_wconf 73' lang='lat'><em>„</em></span> <span class='ocrx_word' id='word_1_29' title='bbox 223 545 427 609; x_wconf 85' lang='lat' dir='ltr'><strong>Tityre,</strong></span> <span class='ocrx_word' id='word_1_30' title='bbox 456 543 589 595; x_wconf 90' lang='lat' dir='ltr'><strong>dum</strong></span> <span class='ocrx_word' id='word_1_31' title='bbox 611 544 810 610; x_wconf 88' lang='lat' dir='ltr'><strong>redeo,</strong></span> <span class='ocrx_word' id='word_1_32' title='bbox 841 545 1021 595; x_wconf 86' lang='lat' dir='ltr'><strong>brevis</strong></span> <span class='ocrx_word' id='word_1_33' title='bbox 1045 554 1123 594; x_wconf 88' lang='lat' dir='ltr'><strong>est</strong></span> <span class='ocrx_word' id='word_1_34' title='bbox 1146 545 1252 609; x_wconf 80' lang='lat' dir='ltr'><strong>via,</strong></span> <span class='ocrx_word' id='word_1_35' title='bbox 1284 548 1441 612; x_wconf 86' lang='lat' dir='ltr'><strong>pasce</strong></span> <span class='ocrx_word' id='word_1_36' title='bbox 1465 544 1717 612; x_wconf 87' lang='lat' dir='ltr'><strong>capellas;</strong></span> 
     </span>
     <span class='ocr_line' id='line_1_8' title="bbox 178 615 1613 682; baseline 0.001 -18"><span class='ocrx_word' id='word_1_37' title='bbox 178 617 246 664; x_wconf 83' lang='lat' dir='ltr'><strong>Et</strong></span> <span class='ocrx_word' id='word_1_38' title='bbox 267 624 461 682; x_wconf 89' lang='lat' dir='ltr'><strong>potum</strong></span> <span class='ocrx_word' id='word_1_39' title='bbox 481 624 654 682; x_wconf 87' lang='lat' dir='ltr'><strong>pastas</strong></span> <span class='ocrx_word' id='word_1_40' title='bbox 679 631 800 680; x_wconf 83' lang='lat' dir='ltr'><strong>age,</strong></span> <span class='ocrx_word' id='word_1_41' title='bbox 839 617 1046 680; x_wconf 81' lang='lat' dir='ltr'><strong>Tityre3</strong></span> <span class='ocrx_word' id='word_1_42' title='bbox 1088 624 1141 664; x_wconf 92' lang='lat' dir='ltr'><strong>et</strong></span> <span class='ocrx_word' id='word_1_43' title='bbox 1172 616 1315 664; x_wconf 90' lang='lat' dir='ltr'><strong>inter</strong></span> <span class='ocrx_word' id='word_1_44' title='bbox 1339 615 1613 680; x_wconf 83' lang='lat' dir='ltr'><strong>agendum</strong></span> 
     </span>
    </p>
   </div>
   <div class='ocr_carea' id='block_1_6' title="bbox 181 685 1461 752">
    <p class='ocr_par' dir='ltr' id='par_1_7' title="bbox 181 685 1461 752">
     <span class='ocr_line' id='line_1_9' title="bbox 181 685 1461 752; baseline 0.001 -16"><span class='ocrx_word' id='word_1_45' title='bbox 181 687 477 736; x_wconf 79' lang='lat' dir='ltr'>Occursare</span> <span class='ocrx_word' id='word_1_46' title='bbox 500 702 688 752; x_wconf 90' lang='lat' dir='ltr'><strong>capro,</strong></span> <span class='ocrx_word' id='word_1_47' title='bbox 729 703 900 736; x_wconf 89' lang='lat' dir='ltr'><strong>cornu</strong></span> <span class='ocrx_word' id='word_1_48' title='bbox 919 685 1045 735; x_wconf 85' lang='lat' dir='ltr'><strong>ferit</strong></span> <span class='ocrx_word' id='word_1_49' title='bbox 1066 685 1180 749; x_wconf 91' lang='lat' dir='ltr'><strong>ille,</strong></span> <span class='ocrx_word' id='word_1_50' title='bbox 1221 692 1461 738; x_wconf 84' lang='lat' dir='ltr'><strong>cavet0.“</strong></span> 
     </span>
    </p>
   </div>
   <div class='ocr_carea' id='block_1_7' title="bbox 1628 687 1717 738">
    <p class='ocr_par' dir='ltr' id='par_1_8' title="bbox 1628 687 1717 738">
     <span class='ocr_line' id='line_1_10' title="bbox 1628 687 1717 738; baseline -0.022 0"><span class='ocrx_word' id='word_1_51' title='bbox 1628 687 1717 738; x_wconf 81' lang='grc'><strong>25</strong></span> 
     </span>
    </p>
   </div>
   <div class='ocr_carea' id='block_1_8' title="bbox 178 754 1718 825">
    <p class='ocr_par' dir='ltr' id='par_1_9' title="bbox 178 754 1718 825">
     <span class='ocr_line' id='line_1_11' title="bbox 178 754 1718 825; baseline -0.001 -20"><span class='ocrx_word' id='word_1_52' title='bbox 178 772 232 807; x_wconf 89' lang='grc' dir='ltr'><strong>Μ.</strong></span> <span class='ocrx_word' id='word_1_53' title='bbox 280 758 458 805; x_wconf 89' lang='lat' dir='ltr'><strong>Immo</strong></span> <span class='ocrx_word' id='word_1_54' title='bbox 495 755 654 819; x_wconf 88' lang='lat' dir='ltr'><strong>haee,</strong></span> <span class='ocrx_word' id='word_1_55' title='bbox 702 773 840 823; x_wconf 88' lang='lat' dir='ltr'><strong>quae</strong></span> <span class='ocrx_word' id='word_1_56' title='bbox 874 760 1018 808; x_wconf 88' lang='lat' dir='ltr'><strong>Varo</strong></span> <span class='ocrx_word' id='word_1_57' title='bbox 1054 772 1155 805; x_wconf 88' lang='lat' dir='ltr'><strong>nec</strong></span> <span class='ocrx_word' id='word_1_58' title='bbox 1192 755 1326 805; x_wconf 88' lang='lat' dir='ltr'><strong>dum</strong></span> <span class='ocrx_word' id='word_1_59' title='bbox 1357 754 1598 825; x_wconf 88' lang='lat' dir='ltr'><strong>perfecta</strong></span> <span class='ocrx_word' id='word_1_60' title='bbox 1633 773 1718 805; x_wconf 86' lang='lat' dir='ltr'><strong>ca-</strong></span> 
     </span>
    </p>
   </div>
   <div class='ocr_carea' id='block_1_9' title="bbox 931 826 1160 877">
    <p class='ocr_par' dir='ltr' id='par_1_10' title="bbox 931 826 1160 877">
     <span class='ocr_line' id='line_1_12' title="bbox 931 826 1160 877; baseline 0.009 -3"><span class='ocrx_word' id='word_1_61' title='bbox 931 845 933 848; x_wconf 74' lang='grc'><strong>’</strong></span> <span class='ocrx_word' id='word_1_62' title='bbox 974 826 1160 877; x_wconf 87' lang='lat' dir='ltr'><strong>nebat:</strong></span> 
     </span>
    </p>
   </div>
   <div class='ocr_carea' id='block_1_10' title="bbox 178 894 1715 964">
    <p class='ocr_par' dir='ltr' id='par_1_11' title="bbox 178 894 1715 964">
     <span class='ocr_line' id='line_1_13' title="bbox 178 894 1715 964; baseline -0.001 -17"><span class='ocrx_word' id='word_1_63' title='bbox 178 900 382 961; x_wconf 87' lang='lat' dir='ltr'><strong>„Vare,</strong></span> <span class='ocrx_word' id='word_1_64' title='bbox 420 905 576 945; x_wconf 89' lang='lat' dir='ltr'><strong>tuum</strong></span> <span class='ocrx_word' id='word_1_65' title='bbox 597 912 828 961; x_wconf 89' lang='lat' dir='ltr'><strong>nomen,</strong></span> <span class='ocrx_word' id='word_1_66' title='bbox 866 906 1087 964; x_wconf 86' lang='lat' dir='ltr'><strong>superet</strong></span> <span class='ocrx_word' id='word_1_67' title='bbox 1107 894 1280 945; x_wconf 88' lang='lat' dir='ltr'><strong>modo</strong></span> <span class='ocrx_word' id='word_1_68' title='bbox 1300 898 1520 946; x_wconf 82' lang='lat' dir='ltr'>Mantua</span> <span class='ocrx_word' id='word_1_69' title='bbox 1541 895 1715 959; x_wconf 72' lang='lat' dir='ltr'><strong>nobie,</strong></span> 
     </span>
    </p>
   </div>
   <div class='ocr_carea' id='block_1_11' title="bbox 246 994 851 1055">
    <p class='ocr_par' dir='ltr' id='par_1_12' title="bbox 246 994 851 1055">
     <span class='ocr_line' id='line_1_14' title="bbox 246 994 851 1055; baseline -0.008 -12"><span class='ocrx_word' id='word_1_70' title='bbox 246 996 328 1043; x_wconf 84' lang='grc'><strong>27.</strong></span> <span class='ocrx_word' id='word_1_71' title='bbox 364 1004 551 1039; x_wconf 81' lang='lat' dir='ltr'><strong>NOMEN</strong></span> <span class='ocrx_word' id='word_1_72' title='bbox 590 994 851 1055; x_wconf 74' lang='lat' dir='ltr'><strong>(SUPERET</strong></span> 
     </span>
    </p>
   </div>
   <div class='ocr_carea' id='block_1_12' title="bbox 222 1106 1714 1153">
    <p class='ocr_par' dir='ltr' id='par_1_13' title="bbox 222 1106 1714 1153">
     <span class='ocr_line' id='line_1_15' title="bbox 222 1106 1714 1153; baseline -0.002 -10"><span class='ocrx_word' id='word_1_73' title='bbox 222 1111 270 1145; x_wconf 85' lang='lat'><strong>20</strong></span> <span class='ocrx_word' id='word_1_74' title='bbox 294 1116 435 1142; x_wconf 75' lang='lat' dir='ltr'><strong>montes</strong></span> <span class='ocrx_word' id='word_1_75' title='bbox 454 1108 532 1142; x_wconf 86' lang='lat' dir='ltr'><strong>ind.</strong></span> <span class='ocrx_word' id='word_1_76' title='bbox 554 1108 687 1142; x_wconf 84' lang='lat' dir='ltr'><strong>Moreti</strong></span> <span class='ocrx_word' id='word_1_77' title='bbox 717 1108 865 1153; x_wconf 60' lang='lat' dir='ltr'><strong>fragm„</strong></span> <span class='ocrx_word' id='word_1_78' title='bbox 899 1106 1005 1140; x_wconf 82' lang='lat' dir='ltr'><strong>etiam</strong></span> <span class='ocrx_word' id='word_1_79' title='bbox 1023 1107 1125 1141; x_wconf 89' lang='lat' dir='ltr'><strong>male.</strong></span> <span class='ocrx_word' id='word_1_80' title='bbox 1166 1107 1238 1141; x_wconf 86' lang='lat' dir='ltr'><strong>vid.</strong></span> <span class='ocrx_word' id='word_1_81' title='bbox 1266 1106 1315 1141; x_wconf 87' lang='lat' dir='ltr'><strong>ib.</strong></span> <span class='ocrx_word' id='word_1_82' title='bbox 1342 1119 1376 1142; x_wconf 80' lang='lat' dir='ltr'><strong>v.</strong></span> <span class='ocrx_word' id='word_1_83' title='bbox 1394 1106 1453 1143; x_wconf 87' lang='lat'><strong>40.</strong></span> <span class='ocrx_word' id='word_1_84' title='bbox 1488 1107 1534 1141; x_wconf 85' lang='lat' dir='ltr'><strong>cf.</strong></span> <span class='ocrx_word' id='word_1_85' title='bbox 1554 1106 1604 1141; x_wconf 87' lang='lat' dir='ltr'><strong>ib.</strong></span> <span class='ocrx_word' id='word_1_86' title='bbox 1628 1108 1714 1142; x_wconf 82' lang='lat' dir='ltr'><strong>Var.</strong></span> 
     </span>
    </p>
   </div>
   <div class='ocr_carea' id='block_1_13' title="bbox 175 1152 730 1201">
    <p class='ocr_par' dir='ltr' id='par_1_14' title="bbox 175 1152 730 1201">
     <span class='ocr_line' id='line_1_16' title="bbox 175 1152 730 1201; baseline 0 -12"><span class='ocrx_word' id='word_1_87' title='bbox 175 1156 277 1189; x_wconf 90' lang='lat' dir='ltr'><strong>Lect.</strong></span> <span class='ocrx_word' id='word_1_88' title='bbox 304 1154 452 1201; x_wconf 74' lang='lat' dir='ltr'><strong>(jbntes</strong></span> <span class='ocrx_word' id='word_1_89' title='bbox 469 1152 598 1189; x_wconf 83' lang='lat' dir='ltr'><strong>Medic.</strong></span> <span class='ocrx_word' id='word_1_90' title='bbox 634 1157 730 1201; x_wconf 82' lang='lat' dir='ltr'><strong>Wr.)</strong></span> 
     </span>
    </p>
   </div>
   <div class='ocr_carea' id='block_1_14' title="bbox 828 1154 1484 1202">
    <p class='ocr_par' dir='ltr' id='par_1_15' title="bbox 828 1154 1484 1202">
     <span class='ocr_line' id='line_1_17' title="bbox 828 1154 1484 1202; baseline -0.003 -12"><span class='ocrx_word' id='word_1_91' title='bbox 828 1156 873 1191; x_wconf 82' lang='grc'><strong>21</strong></span> <span class='ocrx_word' id='word_1_92' title='bbox 900 1155 998 1188; x_wconf 84' lang='lat' dir='ltr'><strong>Nam</strong></span> <span class='ocrx_word' id='word_1_93' title='bbox 1020 1168 1114 1201; x_wconf 81' lang='lat' dir='ltr'><strong>quae</strong></span> <span class='ocrx_word' id='word_1_94' title='bbox 1132 1154 1271 1189; x_wconf 88' lang='lat' dir='ltr'><strong>Nonius</strong></span> <span class='ocrx_word' id='word_1_95' title='bbox 1290 1155 1327 1188; x_wconf 88' lang='lat' dir='ltr'><strong>in</strong></span> <span class='ocrx_word' id='word_1_96' title='bbox 1348 1155 1484 1202; x_wconf 81' lang='lat' dir='ltr'><strong>legere.</strong></span> 
     </span>
    </p>
   </div>
   <div class='ocr_carea' id='block_1_15' title="bbox 1575 1155 1715 1191">
    <p class='ocr_par' dir='ltr' id='par_1_16' title="bbox 1575 1155 1715 1191">
     <span class='ocr_line' id='line_1_18' title="bbox 1575 1155 1715 1191; baseline -0.021 0"><span class='ocrx_word' id='word_1_97' title='bbox 1575 1155 1623 1191; x_wconf 76' lang='grc'><strong>25</strong></span> <span class='ocrx_word' id='word_1_98' title='bbox 1648 1167 1715 1189; x_wconf 81' lang='lat' dir='ltr'><strong>ea—</strong></span> 
     </span>
    </p>
   </div>
   <div class='ocr_carea' id='block_1_16' title="bbox 170 1202 1714 1343">
    <p class='ocr_par' dir='ltr' id='par_1_17' title="bbox 170 1202 1714 1343">
     <span class='ocr_line' id='line_1_19' title="bbox 170 1202 1714 1250; baseline -0.001 -14"><span class='ocrx_word' id='word_1_99' title='bbox 170 1216 241 1250; x_wconf 87' lang='lat' dir='ltr'><strong>pre</strong></span> <span class='ocrx_word' id='word_1_100' title='bbox 258 1203 386 1236; x_wconf 87' lang='lat' dir='ltr'><strong>Medic.</strong></span> <span class='ocrx_word' id='word_1_101' title='bbox 408 1215 427 1236; x_wconf 90' lang='lat' dir='ltr'><strong>a</strong></span> <span class='ocrx_word' id='word_1_102' title='bbox 446 1215 491 1236; x_wconf 86' lang='lat' dir='ltr'><strong>m.</strong></span> <span class='ocrx_word' id='word_1_103' title='bbox 511 1215 565 1248; x_wconf 86' lang='lat' dir='ltr'><strong>pr.</strong></span> <span class='ocrx_word' id='word_1_104' title='bbox 600 1216 717 1237; x_wconf 63' lang='lat' dir='ltr'><strong>cornu</strong></span> <span class='ocrx_word' id='word_1_105' title='bbox 736 1203 835 1250; x_wconf 82' lang='lat' dir='ltr'><strong>petit</strong></span> <span class='ocrx_word' id='word_1_106' title='bbox 855 1203 1023 1236; x_wconf 89' lang='lat' dir='ltr'><strong>Rottend.</strong></span> <span class='ocrx_word' id='word_1_107' title='bbox 1047 1210 1128 1236; x_wconf 84' lang='lat' dir='ltr'><strong>tert.</strong></span> <span class='ocrx_word' id='word_1_108' title='bbox 1158 1210 1192 1236; x_wconf 88' lang='lat' dir='ltr'><strong>et</strong></span> <span class='ocrx_word' id='word_1_109' title='bbox 1214 1203 1305 1236; x_wconf 88' lang='lat' dir='ltr'><strong>Gud.</strong></span> <span class='ocrx_word' id='word_1_110' title='bbox 1325 1214 1392 1247; x_wconf 89' lang='lat' dir='ltr'><strong>pro</strong></span> <span class='ocrx_word' id='word_1_111' title='bbox 1413 1215 1486 1236; x_wconf 83' lang='lat' dir='ltr'><strong>var.</strong></span> <span class='ocrx_word' id='word_1_112' title='bbox 1507 1202 1612 1244; x_wconf 88' lang='lat' dir='ltr'><strong>lect.,</strong></span> <span class='ocrx_word' id='word_1_113' title='bbox 1636 1202 1714 1235; x_wconf 83' lang='lat' dir='ltr'><strong>fre—</strong></span> 
     </span>
     <span class='ocr_line' id='line_1_20' title="bbox 175 1248 1713 1296; baseline 0 -13"><span class='ocrx_word' id='word_1_114' title='bbox 175 1250 295 1296; x_wconf 84' lang='lat' dir='ltr'><strong>quenti</strong></span> <span class='ocrx_word' id='word_1_115' title='bbox 319 1249 523 1283; x_wconf 83' lang='lat' dir='ltr'><strong>variatione.</strong></span> <span class='ocrx_word' id='word_1_116' title='bbox 559 1250 630 1284; x_wconf 89' lang='lat' dir='ltr'><strong>vid.</strong></span> <span class='ocrx_word' id='word_1_117' title='bbox 649 1252 766 1284; x_wconf 88' lang='lat' dir='ltr'><strong>Burm.</strong></span> <span class='ocrx_word' id='word_1_118' title='bbox 790 1250 827 1283; x_wconf 91' lang='lat' dir='ltr'><strong>h.</strong></span> <span class='ocrx_word' id='word_1_119' title='bbox 846 1249 870 1282; x_wconf 89' lang='lat' dir='ltr'><strong>l.</strong></span> <span class='ocrx_word' id='word_1_120' title='bbox 894 1256 930 1282; x_wconf 89' lang='lat' dir='ltr'><strong>et</strong></span> <span class='ocrx_word' id='word_1_121' title='bbox 952 1250 997 1283; x_wconf 86' lang='lat' dir='ltr'><strong>ad</strong></span> <span class='ocrx_word' id='word_1_122' title='bbox 1018 1250 1089 1283; x_wconf 88' lang='lat' dir='ltr'><strong>Ecl.</strong></span> <span class='ocrx_word' id='word_1_123' title='bbox 1113 1251 1172 1292; x_wconf 91' lang='lat' dir='ltr'><strong>III,</strong></span> <span class='ocrx_word' id='word_1_124' title='bbox 1193 1250 1252 1286; x_wconf 89' lang='grc'><strong>87.</strong></span> <span class='ocrx_word' id='word_1_125' title='bbox 1279 1248 1387 1296; x_wconf 78' lang='lat' dir='ltr'><strong>feret</strong></span> <span class='ocrx_word' id='word_1_126' title='bbox 1403 1249 1532 1284; x_wconf 85' lang='lat' dir='ltr'><strong>Medic.</strong></span> <span class='ocrx_word' id='word_1_127' title='bbox 1554 1261 1575 1282; x_wconf 90' lang='lat' dir='ltr'><strong>a</strong></span> <span class='ocrx_word' id='word_1_128' title='bbox 1596 1262 1641 1283; x_wconf 90' lang='lat' dir='ltr'><strong>m.</strong></span> <span class='ocrx_word' id='word_1_129' title='bbox 1658 1262 1713 1295; x_wconf 92' lang='lat' dir='ltr'><strong>pr.</strong></span> 
     </span>
     <span class='ocr_line' id='line_1_21' title="bbox 173 1296 1712 1343; baseline 0 -13"><span class='ocrx_word' id='word_1_130' title='bbox 173 1299 222 1334; x_wconf 76' lang='grc'><strong>26</strong></span> <span class='ocrx_word' id='word_1_131' title='bbox 246 1299 315 1331; x_wconf 88' lang='lat' dir='ltr'><strong>Pro</strong></span> <span class='ocrx_word' id='word_1_132' title='bbox 333 1298 439 1338; x_wconf 74' lang='lat' dir='ltr'><strong>haec,</strong></span> <span class='ocrx_word' id='word_1_133' title='bbox 467 1310 562 1343; x_wconf 83' lang='lat' dir='ltr'><strong>quae</strong></span> <span class='ocrx_word' id='word_1_134' title='bbox 584 1298 713 1332; x_wconf 84' lang='lat' dir='ltr'><strong>Medic.</strong></span> <span class='ocrx_word' id='word_1_135' title='bbox 736 1310 757 1331; x_wconf 84' lang='lat' dir='ltr'><strong>a</strong></span> <span class='ocrx_word' id='word_1_136' title='bbox 777 1310 821 1331; x_wconf 92' lang='lat' dir='ltr'><strong>m.</strong></span> <span class='ocrx_word' id='word_1_137' title='bbox 840 1309 894 1342; x_wconf 89' lang='lat' dir='ltr'><strong>pr.</strong></span> <span class='ocrx_word' id='word_1_138' title='bbox 916 1306 1056 1343; x_wconf 74' lang='lat' dir='ltr'><strong>terque.</strong></span> <span class='ocrx_word' id='word_1_139' title='bbox 1092 1298 1259 1331; x_wconf 86' lang='lat' dir='ltr'><strong>nondum</strong></span> <span class='ocrx_word' id='word_1_140' title='bbox 1277 1296 1438 1330; x_wconf 86' lang='lat' dir='ltr'>nonnulli</span> <span class='ocrx_word' id='word_1_141' title='bbox 1459 1309 1516 1342; x_wconf 89' lang='lat' dir='ltr'><strong>ap.</strong></span> <span class='ocrx_word' id='word_1_142' title='bbox 1535 1296 1627 1330; x_wconf 87' lang='lat' dir='ltr'><strong>Pier.</strong></span> <span class='ocrx_word' id='word_1_143' title='bbox 1640 1323 1650 1339; x_wconf 91' lang='lat'><strong>,</strong></span> <span class='ocrx_word' id='word_1_144' title='bbox 1671 1297 1712 1330; x_wconf 85' lang='lat' dir='ltr'><strong>it.</strong></span> 
     </span>
    </p>
   </div>
   <div class='ocr_carea' id='block_1_17' title="bbox 175 1343 688 1380">
    <p class='ocr_par' dir='ltr' id='par_1_18' title="bbox 175 1343 688 1380">
     <span class='ocr_line' id='line_1_22' title="bbox 175 1343 688 1380; baseline 0 -2"><span class='ocrx_word' id='word_1_145' title='bbox 175 1345 230 1378; x_wconf 86' lang='lat' dir='ltr'><strong>ed.</strong></span> <span class='ocrx_word' id='word_1_146' title='bbox 253 1347 343 1380; x_wconf 88' lang='lat' dir='ltr'><strong>Ven.</strong></span> <span class='ocrx_word' id='word_1_147' title='bbox 391 1343 575 1378; x_wconf 77' lang='lat' dir='ltr'><strong>canebant</strong></span> <span class='ocrx_word' id='word_1_148' title='bbox 597 1345 688 1379; x_wconf 81' lang='lat' dir='ltr'><strong>Gud.</strong></span> 
     </span>
    </p>
   </div>
   <div class='ocr_carea' id='block_1_18' title="bbox 784 1344 1713 1391">
    <p class='ocr_par' dir='ltr' id='par_1_19' title="bbox 784 1344 1713 1391">
     <span class='ocr_line' id='line_1_23' title="bbox 784 1344 1713 1391; baseline -0.003 -11"><span class='ocrx_word' id='word_1_149' title='bbox 784 1346 830 1380; x_wconf 74' lang='grc'><strong>27</strong></span> <span class='ocrx_word' id='word_1_150' title='bbox 866 1353 1043 1391; x_wconf 72' lang='lat' dir='ltr'><strong>superent</strong></span> <span class='ocrx_word' id='word_1_151' title='bbox 1069 1344 1221 1387; x_wconf 58' lang='lat' dir='ltr'><strong>Medic„</strong></span> <span class='ocrx_word' id='word_1_152' title='bbox 1257 1344 1378 1377; x_wconf 85' lang='lat' dir='ltr'><strong>deleto</strong></span> <span class='ocrx_word' id='word_1_153' title='bbox 1408 1346 1582 1391; x_wconf 78' lang='lat' dir='ltr'><strong>cupiant,</strong></span> <span class='ocrx_word' id='word_1_154' title='bbox 1619 1345 1713 1390; x_wconf 91' lang='lat' dir='ltr'><strong>quod</strong></span> 
     </span>
    </p>
   </div>
   <div class='ocr_carea' id='block_1_19' title="bbox 174 1391 1710 1438">
    <p class='ocr_par' dir='ltr' id='par_1_20' title="bbox 174 1391 1710 1438">
     <span class='ocr_line' id='line_1_24' title="bbox 174 1391 1710 1438; baseline -0.001 -12"><span class='ocrx_word' id='word_1_155' title='bbox 174 1399 254 1426; x_wconf 88' lang='lat' dir='ltr'><strong>ante</strong></span> <span class='ocrx_word' id='word_1_156' title='bbox 272 1391 508 1438; x_wconf 88' lang='lat' dir='ltr'><strong>perscriptum</strong></span> <span class='ocrx_word' id='word_1_157' title='bbox 530 1400 615 1427; x_wconf 84' lang='lat' dir='ltr'><strong>erat.</strong></span> <span class='ocrx_word' id='word_1_158' title='bbox 657 1396 756 1428; x_wconf 85' lang='lat' dir='ltr'><strong>Bare</strong></span> <span class='ocrx_word' id='word_1_159' title='bbox 774 1392 884 1435; x_wconf 81' lang='lat' dir='ltr'><strong>idem,</strong></span> <span class='ocrx_word' id='word_1_160' title='bbox 910 1399 946 1425; x_wconf 88' lang='lat' dir='ltr'><strong>et</strong></span> <span class='ocrx_word' id='word_1_161' title='bbox 963 1392 1149 1437; x_wconf 83' lang='lat' dir='ltr'><strong>superiore</strong></span> <span class='ocrx_word' id='word_1_162' title='bbox 1168 1404 1274 1426; x_wconf 86' lang='lat' dir='ltr'><strong>versu</strong></span> <span class='ocrx_word' id='word_1_163' title='bbox 1289 1394 1404 1433; x_wconf 83' lang='lat' dir='ltr'><strong>Baro,</strong></span> <span class='ocrx_word' id='word_1_164' title='bbox 1427 1399 1463 1425; x_wconf 87' lang='lat' dir='ltr'><strong>at</strong></span> <span class='ocrx_word' id='word_1_165' title='bbox 1479 1404 1511 1426; x_wconf 85' lang='lat' dir='ltr'><strong>v.</strong></span> <span class='ocrx_word' id='word_1_166' title='bbox 1528 1391 1576 1428; x_wconf 86' lang='lat'><strong>35</strong></span> <span class='ocrx_word' id='word_1_167' title='bbox 1597 1394 1710 1426; x_wconf 81' lang='lat' dir='ltr'><strong>Varo.</strong></span> 
     </span>
    </p>
   </div>
   <div class='ocr_carea' id='block_1_20' title="bbox 164 1486 916 3046">
    <p class='ocr_par' dir='ltr' id='par_1_21' title="bbox 164 1486 916 2701">
     <span class='ocr_line' id='line_1_25' title="bbox 174 1486 916 1542; baseline 0 -16"><span class='ocrx_word' id='word_1_168' title='bbox 174 1486 352 1542; x_wconf 83' lang='lat' dir='ltr'><strong>(Solatia</strong></span> <span class='ocrx_word' id='word_1_169' title='bbox 365 1504 378 1526; x_wconf 93' lang='lat'><strong>.·</strong></span> <span class='ocrx_word' id='word_1_170' title='bbox 411 1487 465 1526; x_wconf 86' lang='lat' dir='ltr'><strong>ad</strong></span> <span class='ocrx_word' id='word_1_171' title='bbox 482 1488 566 1528; x_wconf 83' lang='lat' dir='ltr'><strong>Ecl.</strong></span> <span class='ocrx_word' id='word_1_172' title='bbox 586 1489 635 1539; x_wconf 89' lang='lat' dir='ltr'><strong>V,</strong></span> <span class='ocrx_word' id='word_1_173' title='bbox 657 1492 726 1531; x_wconf 86' lang='grc'><strong>20.</strong></span> <span class='ocrx_word' id='word_1_174' title='bbox 747 1488 816 1530; x_wconf 84' lang='grc'><strong>40.</strong></span> <span class='ocrx_word' id='word_1_175' title='bbox 846 1501 916 1527; x_wconf 87' lang='lat' dir='ltr'><strong>re-</strong></span> 
     </span>
     <span class='ocr_line' id='line_1_26' title="bbox 172 1546 914 1600; baseline 0.001 -15"><span class='ocrx_word' id='word_1_176' title='bbox 172 1546 325 1599; x_wconf 85' lang='lat' dir='ltr'><strong>spicere</strong></span> <span class='ocrx_word' id='word_1_177' title='bbox 340 1553 515 1599; x_wconf 85' lang='lat' dir='ltr'><strong>poetam,</strong></span> <span class='ocrx_word' id='word_1_178' title='bbox 533 1546 648 1586; x_wconf 89' lang='lat' dir='ltr'><strong>haud</strong></span> <span class='ocrx_word' id='word_1_179' title='bbox 661 1548 798 1600; x_wconf 86' lang='lat' dir='ltr'><strong>inepte</strong></span> <span class='ocrx_word' id='word_1_180' title='bbox 814 1561 914 1586; x_wconf 93' lang='lat' dir='ltr'><strong>con-</strong></span> 
     </span>
     <span class='ocr_line' id='line_1_27' title="bbox 171 1603 915 1660; baseline 0.001 -17"><span class='ocrx_word' id='word_1_181' title='bbox 171 1605 257 1644; x_wconf 86' lang='lat' dir='ltr'><strong>iicit</strong></span> <span class='ocrx_word' id='word_1_182' title='bbox 283 1605 397 1644; x_wconf 85' lang='lat' dir='ltr'><strong>Voss.</strong></span> <span class='ocrx_word' id='word_1_183' title='bbox 432 1607 504 1645; x_wconf 89' lang='lat' dir='ltr'><em>W</em></span> <span class='ocrx_word' id='word_1_184' title='bbox 497 1603 545 1660; x_wconf 85' lang='lat' dir='ltr'><strong>r.)</strong></span> <span class='ocrx_word' id='word_1_185' title='bbox 607 1609 676 1648; x_wconf 78' lang='grc'><strong>20.</strong></span> <span class='ocrx_word' id='word_1_186' title='bbox 707 1614 915 1658; x_wconf 74' lang='lat' dir='ltr'><strong>spargeret</strong></span> 
     </span>
     <span class='ocr_line' id='line_1_28' title="bbox 171 1663 913 1717; baseline 0.003 -17"><span class='ocrx_word' id='word_1_187' title='bbox 171 1686 230 1693; x_wconf 85' lang='lat'><strong>-—</strong></span> <span class='ocrx_word' id='word_1_188' title='bbox 252 1663 468 1713; x_wconf 71' lang='lat' dir='ltr'><strong>induceret,</strong></span> <span class='ocrx_word' id='word_1_189' title='bbox 492 1663 603 1702; x_wconf 80' lang='lat' dir='ltr'><strong>dicta</strong></span> <span class='ocrx_word' id='word_1_190' title='bbox 620 1678 704 1702; x_wconf 91' lang='lat' dir='ltr'><strong>non</strong></span> <span class='ocrx_word' id='word_1_191' title='bbox 725 1664 913 1717; x_wconf 82' lang='lat' dir='ltr'><strong>proprie3</strong></span> 
     </span>
     <span class='ocr_line' id='line_1_29' title="bbox 171 1721 912 1774; baseline 0.003 -15"><span class='ocrx_word' id='word_1_192' title='bbox 171 1721 244 1760; x_wconf 86' lang='lat' dir='ltr'><strong>sed.</strong></span> <span class='ocrx_word' id='word_1_193' title='bbox 270 1721 430 1774; x_wconf 84' lang='lat' dir='ltr'><strong>poetico</strong></span> <span class='ocrx_word' id='word_1_194' title='bbox 459 1722 663 1772; x_wconf 85' lang='lat' dir='ltr'><strong>acumine,</strong></span> <span class='ocrx_word' id='word_1_195' title='bbox 697 1722 809 1773; x_wconf 87' lang='lat' dir='ltr'><strong>quod</strong></span> <span class='ocrx_word' id='word_1_196' title='bbox 827 1723 912 1761; x_wconf 87' lang='lat' dir='ltr'><strong>Ecl.</strong></span> 
     </span>
     <span class='ocr_line' id='line_1_30' title="bbox 170 1779 911 1832; baseline 0.001 -13"><span class='ocrx_word' id='word_1_197' title='bbox 170 1780 238 1830; x_wconf 92' lang='lat' dir='ltr'><strong>VI,</strong></span> <span class='ocrx_word' id='word_1_198' title='bbox 261 1782 327 1821; x_wconf 89' lang='lat'><strong>62.</strong></span> <span class='ocrx_word' id='word_1_199' title='bbox 347 1782 401 1821; x_wconf 84' lang='lat'><strong>63</strong></span> <span class='ocrx_word' id='word_1_200' title='bbox 433 1780 630 1831; x_wconf 76' lang='lat' dir='ltr'><strong>vidimus,</strong></span> <span class='ocrx_word' id='word_1_201' title='bbox 664 1779 705 1820; x_wconf 86' lang='lat' dir='ltr'><strong>h.</strong></span> <span class='ocrx_word' id='word_1_202' title='bbox 735 1787 911 1832; x_wconf 85' lang='lat' dir='ltr'><strong>caneret,</strong></span> 
     </span>
     <span class='ocr_line' id='line_1_31' title="bbox 170 1839 912 1890; baseline 0.001 -13"><span class='ocrx_word' id='word_1_203' title='bbox 170 1843 220 1877; x_wconf 90' lang='lat' dir='ltr'><strong>ut</strong></span> <span class='ocrx_word' id='word_1_204' title='bbox 236 1843 485 1890; x_wconf 85' lang='lat' dir='ltr'><strong>sparguntur</strong></span> <span class='ocrx_word' id='word_1_205' title='bbox 500 1861 558 1867; x_wconf 93' lang='lat'><strong>-—-</strong></span> <span class='ocrx_word' id='word_1_206' title='bbox 573 1845 622 1878; x_wconf 87' lang='lat' dir='ltr'><strong>ut</strong></span> <span class='ocrx_word' id='word_1_207' title='bbox 635 1839 892 1878; x_wconf 87' lang='lat' dir='ltr'><strong>inducuntur</strong></span> <span class='ocrx_word' id='word_1_208' title='bbox 901 1854 912 1890; x_wconf 82' lang='lat'>3</span> 
     </span>
     <span class='ocr_line' id='line_1_32' title="bbox 172 1897 913 1949; baseline 0.004 -15"><span class='ocrx_word' id='word_1_209' title='bbox 172 1902 245 1935; x_wconf 85' lang='lat' dir='ltr'><strong>aut</strong></span> <span class='ocrx_word' id='word_1_210' title='bbox 265 1901 314 1935; x_wconf 89' lang='lat' dir='ltr'><strong>ut</strong></span> <span class='ocrx_word' id='word_1_211' title='bbox 336 1910 474 1949; x_wconf 87' lang='lat' dir='ltr'><strong>sparsa</strong></span> <span class='ocrx_word' id='word_1_212' title='bbox 496 1902 537 1934; x_wconf 87' lang='lat' dir='ltr'><strong>et</strong></span> <span class='ocrx_word' id='word_1_213' title='bbox 565 1897 723 1936; x_wconf 87' lang='lat' dir='ltr'><strong>consita</strong></span> <span class='ocrx_word' id='word_1_214' title='bbox 743 1898 913 1937; x_wconf 88' lang='lat' dir='ltr'><strong>floribus</strong></span> 
     </span>
     <span class='ocr_line' id='line_1_33' title="bbox 171 1954 913 2006; baseline 0.004 -14"><span class='ocrx_word' id='word_1_215' title='bbox 171 1954 224 1992; x_wconf 81' lang='lat' dir='ltr'><strong>sit</strong></span> <span class='ocrx_word' id='word_1_216' title='bbox 242 1960 366 2004; x_wconf 82' lang='lat' dir='ltr'><strong>terra,</strong></span> <span class='ocrx_word' id='word_1_217' title='bbox 395 1960 523 2006; x_wconf 84' lang='lat' dir='ltr'><strong>utque</strong></span> <span class='ocrx_word' id='word_1_218' title='bbox 543 1956 676 1994; x_wconf 85' lang='lat' dir='ltr'><strong>fontes</strong></span> <span class='ocrx_word' id='word_1_219' title='bbox 699 1956 913 1995; x_wconf 87' lang='lat' dir='ltr'><strong>arboribus</strong></span> 
     </span>
     <span class='ocr_line' id='line_1_34' title="bbox 170 2011 912 2068; baseline 0.003 -16"><span class='ocrx_word' id='word_1_220' title='bbox 170 2012 372 2052; x_wconf 86' lang='lat' dir='ltr'><strong>umbrosis</strong></span> <span class='ocrx_word' id='word_1_221' title='bbox 393 2013 538 2052; x_wconf 86' lang='lat' dir='ltr'><strong>consiti</strong></span> <span class='ocrx_word' id='word_1_222' title='bbox 555 2014 649 2053; x_wconf 84' lang='lat' dir='ltr'><strong>sint.</strong></span> <span class='ocrx_word' id='word_1_223' title='bbox 678 2011 780 2068; x_wconf 75' lang='lat' dir='ltr'><strong>(vid.</strong></span> <span class='ocrx_word' id='word_1_224' title='bbox 794 2014 845 2063; x_wconf 85' lang='lat' dir='ltr'><strong>Q.</strong></span> <span class='ocrx_word' id='word_1_225' title='bbox 863 2015 912 2054; x_wconf 89' lang='lat' dir='ltr'><strong>V.</strong></span> 
     </span>
     <span class='ocr_line' id='line_1_35' title="bbox 170 2070 911 2128; baseline 0.001 -18"><span class='ocrx_word' id='word_1_226' title='bbox 170 2070 292 2120; x_wconf 84' lang='lat' dir='ltr'><strong>VIIII,</strong></span> <span class='ocrx_word' id='word_1_227' title='bbox 318 2073 357 2121; x_wconf 85' lang='lat'><strong>3,</strong></span> <span class='ocrx_word' id='word_1_228' title='bbox 389 2071 472 2121; x_wconf 79' lang='lat' dir='ltr'><strong>VII,</strong></span> <span class='ocrx_word' id='word_1_229' title='bbox 502 2086 537 2111; x_wconf 90' lang='lat' dir='ltr'><strong>a.</strong></span> <span class='ocrx_word' id='word_1_230' title='bbox 574 2071 694 2128; x_wconf 69' lang='lat' dir='ltr'><strong>PVr.)</strong></span> <span class='ocrx_word' id='word_1_231' title='bbox 758 2073 911 2112; x_wconf 85' lang='lat' dir='ltr'><strong>Verbo:</strong></span> 
     </span>
     <span class='ocr_line' id='line_1_36' title="bbox 171 2129 910 2181; baseline 0.005 -15"><span class='ocrx_word' id='word_1_232' title='bbox 171 2129 261 2181; x_wconf 81' lang='lat' dir='ltr'><strong>quis</strong></span> <span class='ocrx_word' id='word_1_233' title='bbox 294 2135 457 2167; x_wconf 83' lang='lat' dir='ltr'><strong>caneret</strong></span> <span class='ocrx_word' id='word_1_234' title='bbox 492 2130 673 2169; x_wconf 84' lang='lat' dir='ltr'><strong>carmina</strong></span> <span class='ocrx_word' id='word_1_235' title='bbox 707 2131 910 2170; x_wconf 83' lang='lat' dir='ltr'><strong>bucolica:</strong></span> 
     </span>
     <span class='ocr_line' id='line_1_37' title="bbox 169 2186 909 2241; baseline 0.005 -16"><span class='ocrx_word' id='word_1_236' title='bbox 169 2201 246 2240; x_wconf 89' lang='lat' dir='ltr'><strong>pro</strong></span> <span class='ocrx_word' id='word_1_237' title='bbox 277 2186 340 2226; x_wconf 88' lang='lat' dir='ltr'><strong>his</strong></span> <span class='ocrx_word' id='word_1_238' title='bbox 367 2193 463 2226; x_wconf 78' lang='lat' dir='ltr'><strong>sunt</strong></span> <span class='ocrx_word' id='word_1_239' title='bbox 490 2195 727 2241; x_wconf 87' lang='lat' dir='ltr'><strong>argumenta</strong></span> <span class='ocrx_word' id='word_1_240' title='bbox 753 2203 909 2229; x_wconf 88' lang='lat' dir='ltr'><strong>memo-</strong></span> 
     </span>
     <span class='ocr_line' id='line_1_38' title="bbox 170 2248 904 2300; baseline 0.004 -16"><span class='ocrx_word' id='word_1_241' title='bbox 170 2251 284 2295; x_wconf 85' lang='lat' dir='ltr'><strong>rata,</strong></span> <span class='ocrx_word' id='word_1_242' title='bbox 334 2248 424 2298; x_wconf 79' lang='lat' dir='ltr'><strong>quis</strong></span> <span class='ocrx_word' id='word_1_243' title='bbox 467 2256 626 2285; x_wconf 75' lang='lat' dir='ltr'><strong>caneret</strong></span> <span class='ocrx_word' id='word_1_244' title='bbox 666 2249 904 2300; x_wconf 54' lang='lat' dir='ltr'><strong>Dsymphas,</strong></span> 
     </span>
     <span class='ocr_line' id='line_1_39' title="bbox 164 2303 908 2358; baseline 0.008 -18"><span class='ocrx_word' id='word_1_245' title='bbox 164 2311 292 2356; x_wconf 80' lang='lat' dir='ltr'><strong>prata</strong></span> <span class='ocrx_word' id='word_1_246' title='bbox 305 2333 316 2352; x_wconf 94' lang='lat'><strong>,</strong></span> <span class='ocrx_word' id='word_1_247' title='bbox 344 2303 514 2356; x_wconf 80' lang='lat' dir='ltr'><strong>sontes!</strong></span> <span class='ocrx_word' id='word_1_248' title='bbox 560 2306 741 2358; x_wconf 82' lang='lat' dir='ltr'><strong>Respicit</strong></span> <span class='ocrx_word' id='word_1_249' title='bbox 770 2313 908 2347; x_wconf 83' lang='lat' dir='ltr'><strong>autem</strong></span> 
     </span>
     <span class='ocr_line' id='line_1_40' title="bbox 171 2362 906 2417; baseline 0.008 -18"><span class='ocrx_word' id='word_1_250' title='bbox 171 2362 376 2413; x_wconf 79' lang='lat' dir='ltr'><strong>Eclogam</strong></span> <span class='ocrx_word' id='word_1_251' title='bbox 409 2364 616 2414; x_wconf 78' lang='lat' dir='ltr'><strong>quintam,</strong></span> <span class='ocrx_word' id='word_1_252' title='bbox 650 2364 837 2417; x_wconf 87' lang='lat' dir='ltr'><strong>inprimis</strong></span> <span class='ocrx_word' id='word_1_253' title='bbox 864 2379 906 2405; x_wconf 86' lang='lat' dir='ltr'><strong>v.</strong></span> 
     </span>
     <span class='ocr_line' id='line_1_41' title="bbox 170 2418 903 2475; baseline 0.005 -18"><span class='ocrx_word' id='word_1_254' title='bbox 170 2422 226 2462; x_wconf 82' lang='lat'><strong>20</strong></span> <span class='ocrx_word' id='word_1_255' title='bbox 240 2425 281 2458; x_wconf 88' lang='lat' dir='ltr'><strong>et</strong></span> <span class='ocrx_word' id='word_1_256' title='bbox 294 2418 349 2461; x_wconf 86' lang='lat'><strong>40</strong></span> <span class='ocrx_word' id='word_1_257' title='bbox 370 2420 561 2473; x_wconf 74' lang='lat' dir='ltr'><strong>Spargite</strong></span> <span class='ocrx_word' id='word_1_258' title='bbox 579 2422 879 2475; x_wconf 75' lang='lat' dir='ltr'><strong>humumfoliis</strong></span> <span class='ocrx_word' id='word_1_259' title='bbox 887 2439 903 2472; x_wconf 93' lang='lat'><em>;</em></span> 
     </span>
     <span class='ocr_line' id='line_1_42' title="bbox 170 2477 906 2530; baseline 0.008 -15"><span class='ocrx_word' id='word_1_260' title='bbox 170 2477 535 2530; x_wconf 77' lang='lat' dir='ltr'><strong>indzaeitesonlibus</strong></span> <span class='ocrx_word' id='word_1_261' title='bbox 546 2479 720 2520; x_wconf 72' lang='lat' dir='ltr'><strong>umbras.</strong></span> <span class='ocrx_word' id='word_1_262' title='bbox 734 2482 906 2521; x_wconf 82' lang='lat' dir='ltr'><strong>Utrum-</strong></span> 
     </span>
     <span class='ocr_line' id='line_1_43' title="bbox 171 2536 906 2590; baseline 0.004 -15"><span class='ocrx_word' id='word_1_263' title='bbox 171 2549 250 2588; x_wconf 89' lang='lat' dir='ltr'><strong>que</strong></span> <span class='ocrx_word' id='word_1_264' title='bbox 274 2549 374 2575; x_wconf 87' lang='lat' dir='ltr'><strong>vero</strong></span> <span class='ocrx_word' id='word_1_265' title='bbox 406 2536 508 2587; x_wconf 79' lang='lat' dir='ltr'><strong>dici,</strong></span> <span class='ocrx_word' id='word_1_266' title='bbox 548 2543 589 2575; x_wconf 88' lang='lat' dir='ltr'><strong>et</strong></span> <span class='ocrx_word' id='word_1_267' title='bbox 613 2539 804 2590; x_wconf 63' lang='lat' dir='ltr'><strong>sentibus</strong></span> <span class='ocrx_word' id='word_1_268' title='bbox 839 2542 906 2578; x_wconf 82' lang='grc' dir='ltr'><strong>ιή-</strong></span> 
     </span>
     <span class='ocr_line' id='line_1_44' title="bbox 170 2593 908 2648; baseline 0.004 -16"><span class='ocrx_word' id='word_1_269' title='bbox 170 2594 311 2632; x_wconf 80' lang='lat' dir='ltr'><strong>ducere</strong></span> <span class='ocrx_word' id='word_1_270' title='bbox 337 2593 523 2644; x_wconf 76' lang='lat' dir='ltr'><strong>umbras,</strong></span> <span class='ocrx_word' id='word_1_271' title='bbox 558 2601 598 2633; x_wconf 89' lang='lat' dir='ltr'><strong>et</strong></span> <span class='ocrx_word' id='word_1_272' title='bbox 612 2596 755 2648; x_wconf 78' lang='lat' dir='ltr'><strong>fontes</strong></span> <span class='ocrx_word' id='word_1_273' title='bbox 784 2598 908 2635; x_wconf 81' lang='lat' dir='ltr'><strong>indu—-</strong></span> 
     </span>
     <span class='ocr_line' id='line_1_45' title="bbox 170 2651 906 2701; baseline 0.004 -10"><span class='ocrx_word' id='word_1_274' title='bbox 170 2666 255 2691; x_wconf 85' lang='lat' dir='ltr'><strong>cere</strong></span> <span class='ocrx_word' id='word_1_275' title='bbox 274 2651 438 2701; x_wconf 67' lang='lat' dir='ltr'><strong>umbris,</strong></span> <span class='ocrx_word' id='word_1_276' title='bbox 463 2652 582 2691; x_wconf 87' lang='lat' dir='ltr'><strong>docet</strong></span> <span class='ocrx_word' id='word_1_277' title='bbox 592 2654 730 2694; x_wconf 87' lang='lat' dir='ltr'><strong>Burm.</strong></span> <span class='ocrx_word' id='word_1_278' title='bbox 750 2655 803 2693; x_wconf 85' lang='lat' dir='ltr'><strong>ad</strong></span> <span class='ocrx_word' id='word_1_279' title='bbox 820 2654 861 2693; x_wconf 89' lang='lat' dir='ltr'><strong>h.</strong></span> <span class='ocrx_word' id='word_1_280' title='bbox 879 2656 906 2694; x_wconf 94' lang='grc'><strong>1.</strong></span> 
     </span>
    </p>

    <p class='ocr_par' dir='ltr' id='par_1_22' title="bbox 170 2711 906 3046">
     <span class='ocr_line' id='line_1_46' title="bbox 229 2711 906 2764; baseline 0 -12"><span class='ocrx_word' id='word_1_281' title='bbox 229 2712 298 2752; x_wconf 91' lang='grc'><strong>21.</strong></span> <span class='ocrx_word' id='word_1_282' title='bbox 335 2711 416 2750; x_wconf 81' lang='lat' dir='ltr'><strong>Vel</strong></span> <span class='ocrx_word' id='word_1_283' title='bbox 431 2725 535 2762; x_wconf 79' lang='lat' dir='ltr'><strong>quae</strong></span> <span class='ocrx_word' id='word_1_284' title='bbox 552 2725 605 2750; x_wconf 88' lang='lat' dir='ltr'><strong>sc.</strong></span> <span class='ocrx_word' id='word_1_285' title='bbox 624 2713 712 2764; x_wconf 80' lang='lat' dir='ltr'><strong>quis</strong></span> <span class='ocrx_word' id='word_1_286' title='bbox 730 2719 906 2763; x_wconf 81' lang='lat' dir='ltr'><strong>caneret,</strong></span> 
     </span>
     <span class='ocr_line' id='line_1_47' title="bbox 171 2767 906 2822; baseline 0.005 -16"><span class='ocrx_word' id='word_1_287' title='bbox 171 2769 260 2820; x_wconf 82' lang='lat' dir='ltr'><strong>quis</strong></span> <span class='ocrx_word' id='word_1_288' title='bbox 286 2767 495 2806; x_wconf 84' lang='lat' dir='ltr'><strong>cecinisset</strong></span> <span class='ocrx_word' id='word_1_289' title='bbox 516 2769 582 2808; x_wconf 86' lang='lat' dir='ltr'><strong>vel</strong></span> <span class='ocrx_word' id='word_1_290' title='bbox 601 2782 669 2820; x_wconf 88' lang='lat' dir='ltr'><strong>ea,</strong></span> <span class='ocrx_word' id='word_1_291' title='bbox 700 2784 803 2822; x_wconf 88' lang='lat' dir='ltr'><strong>quae</strong></span> <span class='ocrx_word' id='word_1_292' title='bbox 823 2785 906 2810; x_wconf 89' lang='lat' dir='ltr'><strong>nu-</strong></span> 
     </span>
     <span class='ocr_line' id='line_1_48' title="bbox 170 2827 906 2879; baseline 0.004 -15"><span class='ocrx_word' id='word_1_293' title='bbox 170 2840 266 2879; x_wconf 84' lang='lat' dir='ltr'><strong>per,</strong></span> <span class='ocrx_word' id='word_1_294' title='bbox 296 2833 338 2865; x_wconf 81' lang='lat' dir='ltr'><strong>te</strong></span> <span class='ocrx_word' id='word_1_295' title='bbox 358 2840 443 2864; x_wconf 90' lang='lat' dir='ltr'><strong>non</strong></span> <span class='ocrx_word' id='word_1_296' title='bbox 467 2827 686 2878; x_wconf 84' lang='lat' dir='ltr'><strong>sentiente,</strong></span> <span class='ocrx_word' id='word_1_297' title='bbox 719 2842 811 2867; x_wconf 89' lang='lat' dir='ltr'><strong>cum</strong></span> <span class='ocrx_word' id='word_1_298' title='bbox 835 2843 906 2867; x_wconf 89' lang='lat' dir='ltr'><strong>ca-</strong></span> 
     </span>
     <span class='ocr_line' id='line_1_49' title="bbox 170 2884 906 2937; baseline 0.003 -14"><span class='ocrx_word' id='word_1_299' title='bbox 170 2898 308 2935; x_wconf 87' lang='lat' dir='ltr'><strong>neres,</strong></span> <span class='ocrx_word' id='word_1_300' title='bbox 348 2897 399 2923; x_wconf 86' lang='lat' dir='ltr'><strong>ex</strong></span> <span class='ocrx_word' id='word_1_301' title='bbox 418 2890 460 2922; x_wconf 85' lang='lat' dir='ltr'><strong>te</strong></span> <span class='ocrx_word' id='word_1_302' title='bbox 481 2884 628 2935; x_wconf 84' lang='lat' dir='ltr'><strong>didici,</strong></span> <span class='ocrx_word' id='word_1_303' title='bbox 661 2886 826 2937; x_wconf 87' lang='lat' dir='ltr'><strong>quando</strong></span> <span class='ocrx_word' id='word_1_304' title='bbox 852 2886 906 2925; x_wconf 89' lang='lat' dir='ltr'><strong>ad</strong></span> 
     </span>
     <span class='ocr_line' id='line_1_50' title="bbox 170 2942 905 2996; baseline 0.001 -14"><span class='ocrx_word' id='word_1_305' title='bbox 170 2942 463 2996; x_wconf 84' lang='lat' dir='ltr'><strong>Amaryllidem</strong></span> <span class='ocrx_word' id='word_1_306' title='bbox 476 2948 518 2981; x_wconf 81' lang='lat' dir='ltr'><strong>te</strong></span> <span class='ocrx_word' id='word_1_307' title='bbox 530 2944 773 2983; x_wconf 88' lang='lat' dir='ltr'><strong>conferebas.</strong></span> <span class='ocrx_word' id='word_1_308' title='bbox 799 2945 905 2983; x_wconf 90' lang='lat' dir='ltr'><strong>Tum</strong></span> 
     </span>
     <span class='ocr_line' id='line_1_51' title="bbox 171 3002 904 3046; baseline 0.001 -6"><span class='ocrx_word' id='word_1_309' title='bbox 171 3002 386 3041; x_wconf 86' lang='lat' dir='ltr'><strong>subiicitur</strong></span> <span class='ocrx_word' id='word_1_310' title='bbox 434 3014 510 3040; x_wconf 86' lang='lat' dir='ltr'><strong>vss.</strong></span> <span class='ocrx_word' id='word_1_311' title='bbox 536 3004 592 3043; x_wconf 84' lang='lat'><strong>23</strong></span> <span class='ocrx_word' id='word_1_312' title='bbox 611 3024 669 3032; x_wconf 88' lang='lat'>—</span> <span class='ocrx_word' id='word_1_313' title='bbox 686 3003 742 3046; x_wconf 88' lang='lat'><strong>25</strong></span> <span class='ocrx_word' id='word_1_314' title='bbox 779 3003 904 3043; x_wconf 88' lang='lat' dir='ltr'><strong>breve</strong></span> 
     </span>
    </p>
   </div>
   <div class='ocr_carea' id='block_1_21' title="bbox 964 1486 1743 2811">
    <p class='ocr_par' dir='ltr' id='par_1_23' title="bbox 966 1486 1711 2535">
     <span class='ocr_line' id='line_1_52' title="bbox 972 1486 1710 1543; baseline -0.001 -16"><span class='ocrx_word' id='word_1_315' title='bbox 972 1502 1137 1527; x_wconf 86' lang='lat' dir='ltr'><strong>carmen</strong></span> <span class='ocrx_word' id='word_1_316' title='bbox 1165 1501 1217 1526; x_wconf 84' lang='lat' dir='ltr'><strong>ex</strong></span> <span class='ocrx_word' id='word_1_317' title='bbox 1252 1486 1457 1526; x_wconf 82' lang='lat' dir='ltr'><strong>Theocrit.</strong></span> <span class='ocrx_word' id='word_1_318' title='bbox 1478 1487 1551 1538; x_wconf 88' lang='lat'><strong>111,</strong></span> <span class='ocrx_word' id='word_1_319' title='bbox 1581 1488 1710 1543; x_wconf 70' lang='lat'><strong>3-3—5</strong></span> 
     </span>
     <span class='ocr_line' id='line_1_53' title="bbox 972 1546 1711 1599; baseline 0 -15"><span class='ocrx_word' id='word_1_320' title='bbox 972 1546 1026 1585; x_wconf 90' lang='lat' dir='ltr'><strong>ad</strong></span> <span class='ocrx_word' id='word_1_321' title='bbox 1046 1547 1219 1587; x_wconf 87' lang='lat' dir='ltr'><strong>verbum</strong></span> <span class='ocrx_word' id='word_1_322' title='bbox 1240 1558 1495 1586; x_wconf 86' lang='lat' dir='ltr'><strong>conversum.</strong></span> <span class='ocrx_word' id='word_1_323' title='bbox 1537 1546 1711 1599; x_wconf 91' lang='lat' dir='ltr'><strong>Compa-</strong></span> 
     </span>
     <span class='ocr_line' id='line_1_54' title="bbox 971 1605 1709 1658; baseline 0 -14"><span class='ocrx_word' id='word_1_324' title='bbox 971 1611 1039 1644; x_wconf 89' lang='lat' dir='ltr'><strong>rat</strong></span> <span class='ocrx_word' id='word_1_325' title='bbox 1058 1605 1138 1644; x_wconf 86' lang='lat' dir='ltr'><strong>ista</strong></span> <span class='ocrx_word' id='word_1_326' title='bbox 1153 1605 1261 1644; x_wconf 87' lang='lat' dir='ltr'><strong>inter</strong></span> <span class='ocrx_word' id='word_1_327' title='bbox 1280 1619 1322 1643; x_wconf 91' lang='lat' dir='ltr'><strong>se</strong></span> <span class='ocrx_word' id='word_1_328' title='bbox 1341 1605 1513 1658; x_wconf 88' lang='lat' dir='ltr'><strong>Scaliger</strong></span> <span class='ocrx_word' id='word_1_329' title='bbox 1532 1605 1644 1644; x_wconf 82' lang='lat' dir='ltr'><strong>Poet.</strong></span> <span class='ocrx_word' id='word_1_330' title='bbox 1661 1605 1709 1653; x_wconf 89' lang='lat' dir='ltr'><strong>V,</strong></span> 
     </span>
     <span class='ocr_line' id='line_1_55' title="bbox 972 1662 1710 1716; baseline 0 -14"><span class='ocrx_word' id='word_1_331' title='bbox 972 1664 997 1707; x_wconf 90' lang='lat'><strong><em>5</em></strong></span> <span class='ocrx_word' id='word_1_332' title='bbox 1016 1678 1099 1716; x_wconf 70' lang='lat' dir='ltr'><strong>pn,</strong></span> <span class='ocrx_word' id='word_1_333' title='bbox 1131 1663 1203 1702; x_wconf 86' lang='lat' dir='ltr'><strong>sed</strong></span> <span class='ocrx_word' id='word_1_334' title='bbox 1222 1677 1295 1703; x_wconf 89' lang='lat' dir='ltr'><strong>suo</strong></span> <span class='ocrx_word' id='word_1_335' title='bbox 1312 1676 1438 1702; x_wconf 88' lang='lat' dir='ltr'><strong>more.</strong></span> <span class='ocrx_word' id='word_1_336' title='bbox 1483 1662 1589 1703; x_wconf 85' lang='lat' dir='ltr'><strong>Add.</strong></span> <span class='ocrx_word' id='word_1_337' title='bbox 1610 1663 1710 1702; x_wconf 73' lang='lat' dir='ltr'><strong>Geli.</strong></span> 
     </span>
     <span class='ocr_line' id='line_1_56' title="bbox 969 1721 1710 1774; baseline 0 -14"><span class='ocrx_word' id='word_1_338' title='bbox 969 1722 1042 1772; x_wconf 93' lang='lat' dir='ltr'><strong>IX,</strong></span> <span class='ocrx_word' id='word_1_339' title='bbox 1064 1726 1104 1765; x_wconf 87' lang='lat'><strong>9.</strong></span> <span class='ocrx_word' id='word_1_340' title='bbox 1155 1724 1224 1764; x_wconf 87' lang='lat'><strong>22.</strong></span> <span class='ocrx_word' id='word_1_341' title='bbox 1244 1721 1520 1774; x_wconf 72' lang='lat' dir='ltr'><strong>Amaryllida,</strong></span> <span class='ocrx_word' id='word_1_342' title='bbox 1541 1722 1710 1760; x_wconf 75' lang='lat' dir='ltr'><strong>delicias</strong></span> 
     </span>
     <span class='ocr_line' id='line_1_57' title="bbox 969 1780 1710 1820; baseline 0.001 -2"><span class='ocrx_word' id='word_1_343' title='bbox 969 1788 1126 1819; x_wconf 77' lang='lat' dir='ltr'><strong>nostras</strong></span> <span class='ocrx_word' id='word_1_344' title='bbox 1138 1797 1149 1818; x_wconf 89' lang='lat'><em>:</em></span> <span class='ocrx_word' id='word_1_345' title='bbox 1183 1786 1256 1818; x_wconf 87' lang='lat' dir='ltr'><strong>aut</strong></span> <span class='ocrx_word' id='word_1_346' title='bbox 1275 1794 1531 1819; x_wconf 88' lang='lat' dir='ltr'><strong>communem</strong></span> <span class='ocrx_word' id='word_1_347' title='bbox 1549 1780 1710 1820; x_wconf 80' lang='lat' dir='ltr'><strong>utrius—</strong></span> 
     </span>
     <span class='ocr_line' id='line_1_58' title="bbox 971 1838 1710 1889; baseline 0.001 -13"><span class='ocrx_word' id='word_1_348' title='bbox 971 1851 1050 1889; x_wconf 90' lang='lat' dir='ltr'><strong>que</strong></span> <span class='ocrx_word' id='word_1_349' title='bbox 1083 1838 1252 1877; x_wconf 86' lang='lat' dir='ltr'><strong>amicam</strong></span> <span class='ocrx_word' id='word_1_350' title='bbox 1283 1838 1417 1877; x_wconf 88' lang='lat' dir='ltr'><strong>dicere</strong></span> <span class='ocrx_word' id='word_1_351' title='bbox 1444 1839 1597 1889; x_wconf 86' lang='lat' dir='ltr'><strong>voluit,</strong></span> <span class='ocrx_word' id='word_1_352' title='bbox 1637 1844 1710 1877; x_wconf 82' lang='lat' dir='ltr'><strong>aut</strong></span> 
     </span>
     <span class='ocr_line' id='line_1_59' title="bbox 969 1896 1709 1949; baseline 0.003 -15"><span class='ocrx_word' id='word_1_353' title='bbox 969 1910 1045 1949; x_wconf 89' lang='lat' dir='ltr'><strong>pro</strong></span> <span class='ocrx_word' id='word_1_354' title='bbox 1058 1927 1068 1947; x_wconf 93' lang='lat'><strong>,</strong></span> <span class='ocrx_word' id='word_1_355' title='bbox 1106 1910 1238 1935; x_wconf 89' lang='lat' dir='ltr'><strong>meam</strong></span> <span class='ocrx_word' id='word_1_356' title='bbox 1268 1897 1448 1936; x_wconf 86' lang='lat' dir='ltr'><strong>amicam.</strong></span> <span class='ocrx_word' id='word_1_357' title='bbox 1506 1896 1709 1936; x_wconf 85' lang='lat' dir='ltr'><strong>Neutrum</strong></span> 
     </span>
     <span class='ocr_line' id='line_1_60' title="bbox 971 1954 1708 2008; baseline 0 -15"><span class='ocrx_word' id='word_1_358' title='bbox 971 1955 1068 1993; x_wconf 83' lang='lat' dir='ltr'><strong>satis</strong></span> <span class='ocrx_word' id='word_1_359' title='bbox 1098 1956 1255 2008; x_wconf 85' lang='lat' dir='ltr'><strong>placet3</strong></span> <span class='ocrx_word' id='word_1_360' title='bbox 1304 1954 1386 1994; x_wconf 90' lang='lat' dir='ltr'><strong>hoc</strong></span> <span class='ocrx_word' id='word_1_361' title='bbox 1415 1962 1555 1995; x_wconf 84' lang='lat' dir='ltr'><strong>tamen</strong></span> <span class='ocrx_word' id='word_1_362' title='bbox 1583 1955 1708 2008; x_wconf 88' lang='lat' dir='ltr'><strong>magis</strong></span> 
     </span>
     <span class='ocr_line' id='line_1_61' title="bbox 971 2014 1708 2066; baseline 0.001 -15"><span class='ocrx_word' id='word_1_363' title='bbox 971 2020 1286 2053; x_wconf 85' lang='lat' dir='ltr'><strong>consentaneum</strong></span> <span class='ocrx_word' id='word_1_364' title='bbox 1306 2044 1317 2064; x_wconf 92' lang='lat'><strong>,</strong></span> <span class='ocrx_word' id='word_1_365' title='bbox 1375 2014 1708 2066; x_wconf 87' lang='lat' dir='ltr'><strong>quandoquidem</strong></span> 
     </span>
     <span class='ocr_line' id='line_1_62' title="bbox 970 2071 1708 2112; baseline 0 -2"><span class='ocrx_word' id='word_1_366' title='bbox 970 2071 1119 2111; x_wconf 88' lang='lat' dir='ltr'><strong>Moeris</strong></span> <span class='ocrx_word' id='word_1_367' title='bbox 1165 2073 1247 2111; x_wconf 86' lang='lat' dir='ltr'><strong>iam</strong></span> <span class='ocrx_word' id='word_1_368' title='bbox 1295 2071 1405 2111; x_wconf 79' lang='lat' dir='ltr'><strong>senio</strong></span> <span class='ocrx_word' id='word_1_369' title='bbox 1450 2073 1608 2112; x_wconf 84' lang='lat' dir='ltr'><strong>fractus</strong></span> <span class='ocrx_word' id='word_1_370' title='bbox 1647 2078 1708 2110; x_wconf 88' lang='lat' dir='ltr'><strong>est</strong></span> 
     </span>
     <span class='ocr_line' id='line_1_63' title="bbox 969 2130 1706 2184; baseline 0.003 -16"><span class='ocrx_word' id='word_1_371' title='bbox 969 2130 1088 2173; x_wconf 89' lang='lat' dir='ltr'><strong>v.51.</strong></span> <span class='ocrx_word' id='word_1_372' title='bbox 1119 2130 1175 2169; x_wconf 85' lang='lat' dir='ltr'><strong>Ut</strong></span> <span class='ocrx_word' id='word_1_373' title='bbox 1194 2145 1246 2169; x_wconf 83' lang='lat' dir='ltr'><strong>ex</strong></span> <span class='ocrx_word' id='word_1_374' title='bbox 1262 2130 1339 2169; x_wconf 86' lang='lat' dir='ltr'><strong>alia</strong></span> <span class='ocrx_word' id='word_1_375' title='bbox 1358 2144 1532 2184; x_wconf 89' lang='lat' dir='ltr'><strong>persona</strong></span> <span class='ocrx_word' id='word_1_376' title='bbox 1550 2131 1706 2170; x_wconf 85' lang='lat' dir='ltr'><strong>dictum</strong></span> 
     </span>
     <span class='ocr_line' id='line_1_64' title="bbox 968 2187 1706 2240; baseline 0.001 -14"><span class='ocrx_word' id='word_1_377' title='bbox 968 2187 1181 2239; x_wconf 83' lang='lat' dir='ltr'><strong>habeatur,</strong></span> <span class='ocrx_word' id='word_1_378' title='bbox 1195 2188 1321 2229; x_wconf 87' lang='lat' dir='ltr'><strong>verba</strong></span> <span class='ocrx_word' id='word_1_379' title='bbox 1333 2202 1476 2229; x_wconf 87' lang='lat' dir='ltr'><strong>versus</strong></span> <span class='ocrx_word' id='word_1_380' title='bbox 1490 2192 1544 2231; x_wconf 80' lang='grc'><strong>22</strong></span> <span class='ocrx_word' id='word_1_381' title='bbox 1570 2190 1706 2240; x_wconf 84' lang='lat' dir='ltr'><strong>Quum</strong></span> 
     </span>
     <span class='ocr_line' id='line_1_65' title="bbox 967 2247 1706 2300; baseline 0 -15"><span class='ocrx_word' id='word_1_382' title='bbox 967 2255 1004 2285; x_wconf 83' lang='lat' dir='ltr'><strong>te</strong></span> <span class='ocrx_word' id='word_1_383' title='bbox 1022 2262 1105 2286; x_wconf 91' lang='lat' dir='ltr'><strong>non</strong></span> <span class='ocrx_word' id='word_1_384' title='bbox 1122 2248 1360 2298; x_wconf 82' lang='lat' dir='ltr'><strong>admittunt,</strong></span> <span class='ocrx_word' id='word_1_385' title='bbox 1378 2247 1455 2286; x_wconf 89' lang='lat' dir='ltr'><strong>nisi</strong></span> <span class='ocrx_word' id='word_1_386' title='bbox 1471 2248 1560 2300; x_wconf 79' lang='lat' dir='ltr'><strong>quis</strong></span> <span class='ocrx_word' id='word_1_387' title='bbox 1578 2247 1706 2286; x_wconf 85' lang='lat' dir='ltr'><strong>aliena</strong></span> 
     </span>
     <span class='ocr_line' id='line_1_66' title="bbox 967 2303 1703 2360; baseline 0.001 -17"><span class='ocrx_word' id='word_1_388' title='bbox 967 2305 1018 2343; x_wconf 88' lang='lat' dir='ltr'><strong>de</strong></span> <span class='ocrx_word' id='word_1_389' title='bbox 1037 2320 1109 2345; x_wconf 91' lang='lat' dir='ltr'><strong>suo</strong></span> <span class='ocrx_word' id='word_1_390' title='bbox 1128 2320 1249 2345; x_wconf 89' lang='lat' dir='ltr'><strong>sensu</strong></span> <span class='ocrx_word' id='word_1_391' title='bbox 1266 2305 1495 2345; x_wconf 88' lang='lat' dir='ltr'><strong>admisceat.</strong></span> <span class='ocrx_word' id='word_1_392' title='bbox 1546 2303 1621 2360; x_wconf 89' lang='lat'><strong>(—</strong></span> <span class='ocrx_word' id='word_1_393' title='bbox 1635 2308 1703 2348; x_wconf 84' lang='lat'><strong>23.</strong></span> 
     </span>
     <span class='ocr_line' id='line_1_67' title="bbox 966 2363 1704 2417; baseline 0.001 -15"><span class='ocrx_word' id='word_1_394' title='bbox 966 2364 1066 2402; x_wconf 84' lang='lat' dir='ltr'><strong>dum</strong></span> <span class='ocrx_word' id='word_1_395' title='bbox 1074 2365 1205 2414; x_wconf 84' lang='lat' dir='ltr'><strong>redeo,</strong></span> <span class='ocrx_word' id='word_1_396' title='bbox 1221 2370 1270 2403; x_wconf 90' lang='lat' dir='ltr'><strong>ut</strong></span> <span class='ocrx_word' id='word_1_397' title='bbox 1284 2378 1345 2417; x_wconf 87' lang='lat' dir='ltr'><strong>ap.</strong></span> <span class='ocrx_word' id='word_1_398' title='bbox 1357 2365 1519 2403; x_wconf 88' lang='lat' dir='ltr'><strong>Terent.</strong></span> <span class='ocrx_word' id='word_1_399' title='bbox 1531 2363 1704 2417; x_wconf 77' lang='lat' dir='ltr'><strong>Adelph.</strong></span> 
     </span>
     <span class='ocr_line' id='line_1_68' title="bbox 967 2421 1704 2474; baseline 0 -14"><span class='ocrx_word' id='word_1_400' title='bbox 967 2422 1014 2472; x_wconf 91' lang='lat' dir='ltr'><strong>II,</strong></span> <span class='ocrx_word' id='word_1_401' title='bbox 1038 2425 1073 2472; x_wconf 91' lang='lat'><strong>1,</strong></span> <span class='ocrx_word' id='word_1_402' title='bbox 1097 2421 1185 2465; x_wconf 61' lang='lat'><strong>42:</strong></span> <span class='ocrx_word' id='word_1_403' title='bbox 1215 2422 1435 2473; x_wconf 83' lang='lat' dir='ltr'><strong>„Delibera</strong></span> <span class='ocrx_word' id='word_1_404' title='bbox 1459 2422 1559 2474; x_wconf 88' lang='lat' dir='ltr'><strong>hoc,</strong></span> <span class='ocrx_word' id='word_1_405' title='bbox 1591 2422 1704 2462; x_wconf 88' lang='lat' dir='ltr'><strong>dum</strong></span> 
     </span>
     <span class='ocr_line' id='line_1_69' title="bbox 967 2478 1419 2535; baseline 0 -17"><span class='ocrx_word' id='word_1_406' title='bbox 967 2493 1038 2532; x_wconf 88' lang='lat' dir='ltr'><strong>ego</strong></span> <span class='ocrx_word' id='word_1_407' title='bbox 1066 2481 1262 2520; x_wconf 77' lang='lat' dir='ltr'><strong>rede0;“</strong></span> <span class='ocrx_word' id='word_1_408' title='bbox 1299 2478 1419 2535; x_wconf 86' lang='lat' dir='ltr'><strong>Wr.)</strong></span> 
     </span>
    </p>

    <p class='ocr_par' dir='ltr' id='par_1_24' title="bbox 964 2537 1743 2811">
     <span class='ocr_line' id='line_1_70' title="bbox 1024 2537 1702 2581; baseline -0.001 -1"><span class='ocrx_word' id='word_1_409' title='bbox 1024 2541 1225 2581; x_wconf 78' lang='lat'><strong>27—29.</strong></span> <span class='ocrx_word' id='word_1_410' title='bbox 1246 2537 1372 2577; x_wconf 84' lang='lat' dir='ltr'><strong>Aliud</strong></span> <span class='ocrx_word' id='word_1_411' title='bbox 1386 2539 1511 2578; x_wconf 82' lang='lat' dir='ltr'><strong>breve</strong></span> <span class='ocrx_word' id='word_1_412' title='bbox 1528 2551 1702 2579; x_wconf 85' lang='lat' dir='ltr'><strong>carmen.</strong></span> 
     </span>
     <span class='ocr_line' id='line_1_71' title="bbox 965 2595 1701 2649; baseline 0.003 -14"><span class='ocrx_word' id='word_1_413' title='bbox 965 2595 1051 2635; x_wconf 85' lang='lat' dir='ltr'><strong>Aut</strong></span> <span class='ocrx_word' id='word_1_414' title='bbox 1070 2597 1158 2648; x_wconf 81' lang='lat' dir='ltr'><strong>quis</strong></span> <span class='ocrx_word' id='word_1_415' title='bbox 1176 2596 1278 2635; x_wconf 88' lang='lat' dir='ltr'><strong>haec</strong></span> <span class='ocrx_word' id='word_1_416' title='bbox 1299 2602 1474 2647; x_wconf 87' lang='lat' dir='ltr'><strong>caneret,</strong></span> <span class='ocrx_word' id='word_1_417' title='bbox 1506 2610 1608 2649; x_wconf 89' lang='lat' dir='ltr'><strong>quae</strong></span> <span class='ocrx_word' id='word_1_418' title='bbox 1627 2603 1701 2637; x_wconf 79' lang='lat' dir='ltr'><strong>etc.</strong></span> 
     </span>
     <span class='ocr_line' id='line_1_72' title="bbox 972 2655 1703 2704; baseline 0.001 -11"><span class='ocrx_word' id='word_1_419' title='bbox 972 2655 1018 2694; x_wconf 91' lang='lat' dir='ltr'><em>V</em></span> <span class='ocrx_word' id='word_1_420' title='bbox 1013 2669 1082 2692; x_wconf 85' lang='lat' dir='ltr'><strong>are</strong></span> <span class='ocrx_word' id='word_1_421' title='bbox 1093 2685 1104 2704; x_wconf 93' lang='lat'><strong>,</strong></span> <span class='ocrx_word' id='word_1_422' title='bbox 1157 2663 1272 2692; x_wconf 81' lang='lat' dir='ltr'><strong>tuum</strong></span> <span class='ocrx_word' id='word_1_423' title='bbox 1312 2669 1457 2693; x_wconf 84' lang='lat' dir='ltr'><strong>nomen</strong></span> <span class='ocrx_word' id='word_1_424' title='bbox 1493 2664 1703 2694; x_wconf 77' lang='lat' dir='ltr'><strong>cantantes</strong></span> 
     </span>
     <span class='ocr_line' id='line_1_73' title="bbox 965 2713 1743 2763; baseline 0 -13"><span class='ocrx_word' id='word_1_425' title='bbox 965 2727 996 2751; x_wconf 82' lang='lat' dir='ltr'><strong>s.</strong></span> <span class='ocrx_word' id='word_1_426' title='bbox 1026 2733 1086 2742; x_wconf 87' lang='lat'><strong>--</strong></span> <span class='ocrx_word' id='word_1_427' title='bbox 1115 2721 1274 2763; x_wconf 76' lang='lat' dir='ltr'><strong>superet</strong></span> <span class='ocrx_word' id='word_1_428' title='bbox 1296 2713 1414 2750; x_wconf 82' lang='lat' dir='ltr'><strong>modo</strong></span> <span class='ocrx_word' id='word_1_429' title='bbox 1446 2735 1515 2752; x_wconf 91' lang='lat'><strong>-.</strong></span> <span class='ocrx_word' id='word_1_430' title='bbox 1564 2714 1703 2753; x_wconf 85' lang='lat' dir='ltr'><strong>Nexus</strong></span> <span class='ocrx_word' id='word_1_431' title='bbox 1741 2748 1743 2750; x_wconf 74' lang='grc'>,</span> 
     </span>
     <span class='ocr_line' id='line_1_74' title="bbox 964 2770 1701 2811; baseline 0.004 -3"><span class='ocrx_word' id='word_1_432' title='bbox 964 2770 1260 2809; x_wconf 87' lang='lat' dir='ltr'><strong>sententiarum</strong></span> <span class='ocrx_word' id='word_1_433' title='bbox 1299 2783 1382 2809; x_wconf 86' lang='lat' dir='ltr'><strong>esse</strong></span> <span class='ocrx_word' id='word_1_434' title='bbox 1412 2771 1580 2811; x_wconf 76' lang='lat' dir='ltr'><strong>videtur</strong></span> <span class='ocrx_word' id='word_1_435' title='bbox 1615 2771 1701 2811; x_wconf 81' lang='lat' dir='ltr'><strong>hic:</strong></span> 
     </span>
    </p>
   </div>
   <div class='ocr_carea' id='block_1_22' title="bbox 964 2828 1765 2886">
    <p class='ocr_par' dir='ltr' id='par_1_25' title="bbox 964 2828 1765 2886">
     <span class='ocr_line' id='line_1_75' title="bbox 964 2828 1765 2886; baseline 0.005 -20"><span class='ocrx_word' id='word_1_436' title='bbox 964 2828 1005 2866; x_wconf 90' lang='lat' dir='ltr'><strong>Si</strong></span> <span class='ocrx_word' id='word_1_437' title='bbox 1023 2828 1146 2867; x_wconf 77' lang='lat' dir='ltr'><strong>modo</strong></span> <span class='ocrx_word' id='word_1_438' title='bbox 1165 2828 1334 2867; x_wconf 87' lang='lat' dir='ltr'><strong>Mantua</strong></span> <span class='ocrx_word' id='word_1_439' title='bbox 1354 2829 1404 2867; x_wconf 89' lang='lat' dir='ltr'><strong>ab</strong></span> <span class='ocrx_word' id='word_1_440' title='bbox 1422 2829 1594 2869; x_wconf 86' lang='lat' dir='ltr'><strong>interitu</strong></span> <span class='ocrx_word' id='word_1_441' title='bbox 1614 2844 1702 2869; x_wconf 89' lang='lat' dir='ltr'><strong>ser-</strong></span> <span class='ocrx_word' id='word_1_442' title='bbox 1763 2883 1765 2886; x_wconf 40' lang='lat'><strong>.</strong></span> 
     </span>
    </p>
   </div>
   <div class='ocr_carea' id='block_1_23' title="bbox 961 2887 1702 3059">
    <p class='ocr_par' dir='ltr' id='par_1_26' title="bbox 961 2887 1702 3059">
     <span class='ocr_line' id='line_1_76' title="bbox 962 2887 1702 2941; baseline 0.003 -16"><span class='ocrx_word' id='word_1_443' title='bbox 962 2892 1061 2925; x_wconf 85' lang='lat' dir='ltr'><strong>vata</strong></span> <span class='ocrx_word' id='word_1_444' title='bbox 1095 2887 1239 2925; x_wconf 85' lang='lat' dir='ltr'><strong>fuerit:</strong></span> <span class='ocrx_word' id='word_1_445' title='bbox 1281 2900 1431 2926; x_wconf 88' lang='lat' dir='ltr'><strong>nomen</strong></span> <span class='ocrx_word' id='word_1_446' title='bbox 1468 2894 1589 2927; x_wconf 87' lang='lat' dir='ltr'><strong>tuum</strong></span> <span class='ocrx_word' id='word_1_447' title='bbox 1627 2902 1702 2941; x_wconf 87' lang='lat' dir='ltr'><strong>per</strong></span> 
     </span>
     <span class='ocr_line' id='line_1_77' title="bbox 962 2945 1701 2998; baseline 0.003 -16"><span class='ocrx_word' id='word_1_448' title='bbox 962 2950 1099 2983; x_wconf 90' lang='lat' dir='ltr'><strong>totum</strong></span> <span class='ocrx_word' id='word_1_449' title='bbox 1126 2958 1267 2998; x_wconf 86' lang='lat' dir='ltr'><strong>agrum</strong></span> <span class='ocrx_word' id='word_1_450' title='bbox 1297 2945 1568 2985; x_wconf 86' lang='lat' dir='ltr'><strong>Mantuanum</strong></span> <span class='ocrx_word' id='word_1_451' title='bbox 1596 2947 1701 2986; x_wconf 86' lang='lat' dir='ltr'><strong>cele-</strong></span> 
     </span>
     <span class='ocr_line' id='line_1_78' title="bbox 961 3002 1700 3059; baseline 0.004 -18"><span class='ocrx_word' id='word_1_452' title='bbox 961 3002 1162 3042; x_wconf 86' lang='lat' dir='ltr'><strong>brabitur.</strong></span> <span class='ocrx_word' id='word_1_453' title='bbox 1202 3004 1378 3055; x_wconf 82' lang='lat' dir='ltr'><strong>Poetico,</strong></span> <span class='ocrx_word' id='word_1_454' title='bbox 1400 3004 1433 3043; x_wconf 90' lang='lat' dir='ltr'><strong>si</strong></span> <span class='ocrx_word' id='word_1_455' title='bbox 1452 3018 1538 3044; x_wconf 92' lang='lat' dir='ltr'><strong>non</strong></span> <span class='ocrx_word' id='word_1_456' title='bbox 1557 3011 1700 3059; x_wconf 88' lang='lat' dir='ltr'><strong>pasto-</strong></span> 
     </span>
    </p>
   </div>
  </div>
 </body>
</html>
