1768 3320
473 946 1397 1030 PRAEFATIO

325 1165 840 1218 TERTIAE
912 1158 1560 1213 EDITIONIS

178 1437 364 1527 Quod
384 1475 484 1510 nec
510 1457 855 1526 expectabam
875 1471 978 1506 nec
1001 1452 1302 1521 sperabam,
1335 1458 1398 1503 ut
1417 1451 1575 1502 tertia
1600 1451 1715 1502 vice

179 1540 246 1591 ad
267 1540 548 1607 Virgilium
570 1539 723 1590 novis
748 1539 884 1589 curis
906 1534 1313 1588 retractandum
1339 1550 1623 1600 evocarer,
1660 1533 1718 1584 id

178 1622 313 1672 mihi
334 1623 553 1690 propitii
573 1621 811 1672 numinis
831 1617 1106 1670 beneficio
1134 1617 1369 1684 contigit.
1442 1619 1573 1668 Post
1606 1617 1718 1685 pri-

179 1722 329 1754 mam
363 1705 510 1755 enim
543 1703 842 1754 editionem
876 1703 1027 1753 annis
1067 1702 1539 1754 LXVII—LXXV
1567 1716 1719 1750 cura-

181 1796 310 1851 tam,
350 1804 475 1836 cum
501 1785 665 1836 editio
688 1786 886 1849 minor,
924 1783 993 1835 ad
1015 1783 1188 1834 solam
1209 1782 1719 1850 interpretationem

184 1877 380 1936 poetae
402 1868 666 1933 instituta,
706 1883 846 1917 anno
879 1869 1092 1918 LXXIX
1115 1882 1304 1917 excusa
1327 1873 1482 1931 esset,
1520 1865 1721 1916 iterum

190 1967 415 2018 operam
447 1966 629 2000 meam
662 1950 709 2000 ei
735 1949 1079 2000 commodavi
1098 1949 1154 1999 in
1180 1948 1422 1999 editione
1444 1947 1608 1998 altera
1627 1965 1723 1998 an-

186 2033 268 2082 nis
292 2034 738 2085 LXXXVII—IX
764 2031 998 2097 vulgata,
1038 2040 1092 2082 et
1125 2031 1330 2100 aliquot
1361 2031 1514 2081 annis
1533 2038 1722 2098 postea

186 2113 422 2164 Londini
453 2114 702 2181 repetita3
754 2130 879 2163 cum
915 2114 1121 2165 interea
1148 2113 1304 2182 prelo
1334 2113 1563 2181 repetita
1584 2121 1725 2163 esset

192 2195 358 2246 editio
389 2196 571 2244 minor
613 2195 952 2246 emendatior
1002 2213 1145 2247 anno
1177 2198 1451 2249 LXXXIX.
1522 2194 1726 2247 Iudicia

193 2285 440 2344 expertus
472 2294 591 2326 sum
621 2279 863 2328 virorum
897 2278 1187 2329 doctorum
1217 2288 1330 2329 tam
1354 2277 1619 2343 liberalia,
1664 2286 1728 2329 ut

193 2377 255 2410 ea
281 2359 392 2426 ipsa
414 2358 547 2408 mihi
574 2358 681 2409 hoc
709 2369 966 2427 tanquam
998 2377 1136 2412 onus
1157 2362 1446 2430 imponere
1472 2360 1727 2412 videren-

191 2451 305 2505 tur,
342 2450 428 2504 ut,
468 2449 729 2507 quantum
751 2459 994 2509 possem,
1032 2443 1273 2494 studium
1296 2444 1354 2494 in
1382 2441 1729 2494 emendanda

196 2532 249 2574 et
268 2520 601 2590 perficienda
621 2540 786 2591 opera
807 2541 931 2575 mea
962 2525 1301 2579 collocarem.
1373 2528 1562 2595 anue
1584 2525 1640 2576 in
1666 2541 1729 2575 re

196 2614 343 2655 tanto
362 2604 656 2669 religiosius
674 2605 809 2655 mihi
830 2608 1155 2658 versandum
1179 2625 1294 2659 esse
1308 2609 1503 2676 putavi,
1525 2616 1727 2677 quanto

196 2686 387 2737 melius
406 2687 519 2753 ipse
546 2687 754 2751 cognita
780 2704 838 2737 ac
870 2699 1150 2757 perspecta
1171 2690 1436 2742 haberem
1461 2708 1548 2755 ea,
1587 2705 1729 2758 quae

196 2770 251 2819 in
274 2767 362 2818 illa
386 2784 552 2834 opera
583 2785 704 2817 mea
729 2778 818 2818 aut
851 2770 1207 2822 desideranda
1230 2783 1431 2838 essent,
1470 2782 1561 2824 aut
1580 2772 1732 2823 aliter

199 2848 588 2902 constituenda.
648 2853 1003 2919 Nequaquam
1028 2853 1173 2903 enim
1194 2855 1260 2905 ad
1281 2856 1567 2922 Virgilium
1590 2871 1731 2905 nova

199 2931 546 2982 annotatione
575 2931 952 2983 instruendum
987 2951 1053 2985 eo
1087 2937 1267 2988 animo
1303 2947 1356 2988 et
1392 2937 1615 2988 consilio
1647 2953 1732 2987 ac—
