1734 3320
6 667 21 710 23
83 643 231 695 Haec
255 641 458 692 circum
485 642 653 692 casiae
675 641 897 706 virideS,
936 651 990 693 et
1015 642 1215 707 olentia
1237 641 1340 693 late

5 359 32 429 ᾗ

316 231 811 284 GEORGICON
846 233 988 284 LIB.
1024 234 1126 298 IV,

1168 241 1232 289 19
1247 269 1306 290 .-
1324 242 1392 290 35
1516 244 1617 293 599

87 362 437 415 Transversas
459 358 645 410 salices
668 368 723 410 et
742 358 963 441 grandia
990 360 1196 411 coniice
1218 378 1358 428 saxa,

0 430 30 499 I}
85 429 350 483 Pontibus
373 438 436 480 ut
461 429 662 480 crebris
685 430 924 506 possint
914 431 1232 496 consistere,
1272 443 1324 482 et
1348 434 1451 484 alas

64 500 332 553 Pandere
361 499 425 550 ad
453 501 713 551 aestivum
738 490 939 563 solem3
977 501 1020 550 si
1041 499 1185 551 sorte
1205 506 1466 554 morantis

86 571 377 640 sparserit,
416 580 506 621 aut
531 588 790 638 praeceps
814 574 1071 639 Neptuno
1103 573 1410 623 inmerserit
1430 577 1615 627 Eurus,

1549 651 1617 697 30

84 711 349 780 serpylla,
390 721 444 762 et
470 714 700 777 graviter
716 713 962 780 spirantis
986 714 1137 781 copia
1157 712 1441 778 thymbrae

83 782 326 847 Floreat,
363 782 747 851 inriguumque
776 783 965 833 bibant
986 783 1204 834 violaria
1230 782 1458 837 fontem.

0 856 24 902 ⁷¹.
83 855 205 920 Ipsa
225 861 432 916 autem,
468 870 565 904 seu
587 854 874 904 corticibus
897 855 995 905 tibi
1018 863 1133 905 suta
1158 855 1372 920 cavatiS,

86 925 196 974 Seu
219 923 370 973 lento
397 894 601 975 f'uerint
625 924 847 975 alvearia
874 926 1076 975 vimine
1098 933 1263 987 texta,

0 948 21 1019 ἒξ

0 1021 19 1071 3}

82 1334 171 1357 unus
199 1322 317 1356 Mead.
348 1328 385 1356 et
408 1329 494 1356 vett.
522 1323 603 1357 edd.

80 1608 173 1642 Ven.

82 989 352 1060 Angustos
373 992 611 1045 habeant
633 995 819 1048 aditus
872 999 1011 1047 Nam
1029 994 1231 1061 frigore
1253 994 1416 1045 mella

152 1092 237 1142 26.
274 1101 431 1157 sm:

128 1229 178 1265 27
201 1226 386 1262 Pontibus
413 1236 451 1262 et
478 1228 628 1263 Mentel.
661 1235 746 1263 tert.
776 1230 867 1276 Reg:

692 1278 740 1313 28
763 1290 839 1311 non
858 1276 967 1324 force
993 1284 1105 1322 quart.
1136 1277 1266 1310 Moret.

709 1325 757 1360 30
781 1325 915 1359 viridis
942 1324 1086 1358 Mentel.
1117 1336 1186 1358 sec.
1220 1323 1355 1369 (Errori
1381 1322 1616 1364 tribuendum,

76 1283 242 1325 possunt
267 1274 372 1309 etiam
401 1275 511 1309 Goth.
540 1288 594 1322 pr.

83 1370 181 1426 quod
210 1371 366 1404 Gronov.
397 1369 509 1404 Diatr.
542 1383 613 1416 pag

82 1417 231 1452 casiae“
255 1424 322 1451 etc.
351 1417 449 1461 Wr.)

590 1371 731 1416 g··351
764 1372 857 1406 hunc
892 1384 1030 1405 versum
1069 1371 1118 1405 ita
1152 1371 1291 1404 laudat:

544 1418 589 1454 31
616 1419 779 1466 Serpella
800 1432 891 1453 nunc
911 1419 1041 1464 ubique
1068 1419 1145 1452 fere
1177 1418 1236 1451 edi
1261 1418 1410 1452 mireris.
1458 1416 1617 1463 Set-pul-

1548 995 1617 1046 35

917 1228 1100 1264 Pontibus
1128 1237 1165 1263 et
1193 1227 1332 1263 crebris
1345 1235 1508 1276 possunt
1523 1227 1615 1261 Gud.

1358 1278 1406 1312 29
1430 1276 1619 1310 immiserit

1335 1372 1397 1413 „H
1411 1370 1422 1404 i
1436 1384 1454 1404 c
1487 1369 1617 1403 circum

83 1465 125 1500 la
145 1464 275 1499 Medic.
302 1477 379 1498 cum
412 1464 545 1498 multis.
594 1466 769 1513 Serpylla
797 1468 896 1500 Rom.
926 1479 1002 1500 cum
1027 1465 1118 1499 aliis.
1163 1466 1262 1511 (sane
1283 1466 1333 1499 ita
1349 1464 1546 1503 Bottarius3
1581 1469 1618 1496 at

81 1512 218 1547 Pierius
236 1512 405 1557 set-pulla
424 1512 482 1546 hic
502 1524 643 1559 quoque
662 1520 799 1547 exstare
820 1514 857 1547 in
876 1515 977 1547 Rom.
999 1519 1159 1547 testatur.
1199 1513 1295 1557 Wr.)
1351 1512 1467 1546 Etiam
1481 1511 1616 1557 Set-pz-

82 1559 141 1602 la,
177 1560 351 1606 Serpilia
397 1559 442 1593 cf.

472 1559 517 1593 ad
544 1560 683 1602 ΕεΙ.ΙΙ,
722 1563 776 1595 11.
824 1556 1131 1605 ΕειἝρπυλλον.

1238 1560 1285 1596 33
1317 1561 1405 1593 iura
1429 1570 1495 1603 pro
1529 1565 1617 1591 suta

268 1606 316 1643 34
341 1605 517 1652 Seufuer
518 1608 575 1640 int
595 1607 697 1641 lento
726 1609 1050 1642 Franc.alvar1a
1082 1606 1214 1641 Medic.
1236 1608 1384 1640 Roman.
1411 1606 1480 1639 vid.
1501 1606 1615 1637 Burm.

0 1680 2 1683 ·
83 1662 120 1689 et
135 1654 302 1688 Pieriurn.
328 1653 474 1699 (sede'
462 1665 499 1686 m
519 1654 649 1688 Medic.
676 1667 784 1699 supra
804 1655 956 1701 scripta3
989 1654 1060 1687 vid.
1085 1656 1128 1695 Q.
1157 1655 1201 1688 V.
1220 1655 1320 1697 XVI,
1343 1653 1378 1689 4.
1409 1652 1506 1698 Wr.)
1555 1652 1616 1685 al-

0 1716 6 1758 ⁸:
81 1703 211 1736 viarea
227 1708 309 1735 tert.
328 1700 475 1734 Mentel.
522 1702 666 1735 vimene
682 1703 773 1736 Gud.

82 1806 153 1850 25.
183 1822 256 1846 seu
285 1806 408 1846 stabit
437 1809 543 1846 iners
565 1808 735 1859 humor,
776 1808 822 1848 in

82 1871 225 1918 stagno
257 1879 297 1905 v.
334 1867 400 1908 18.
470 1865 561 1905 Hoc
599 1869 703 1905 iners
737 1867 823 1905 sine

81 1930 200 1964 motu
214 1954 225 1974 ,
266 1936 342 1962 nec
366 1929 504 1963 tamen
534 1931 655 1978 putre
674 1939 720 1964 ac
740 1926 823 1964 situ

1 1970 3 1975 ,
21 2034 27 2038 Β
83 1987 324 2037 corruptum
345 1998 355 2021 :

28 2390 31 2393 ’
82 2392 289 2443 irrigare,

423 1983 533 2034 quod
581 1990 823 2022 aversantur

82 2055 123 2082 v.
143 2038 200 2084 48
223 2054 309 2092 sqq.
359 2043 429 2083 29.
450 2049 523 2079 auc
541 2043 676 2080 Eurus
692 2056 823 2094 prae-

83 2113 202 2151 ceps,
234 2105 383 2139 ventus
398 2098 694 2149 vehementior,
727 2113 823 2138 cum

82 2158 239 2211 impetu
265 2158 450 2207 irruens,
481 2159 705 2196 inmerserit
727 2159 822 2196 Ne-

77 2224 212 2269 ptuno
232 2246 244 2266 ‚
288 2228 427 2267 aquae.
498 2214 589 2254 Hoc
618 2229 717 2254 vero
749 2222 821 2265 est,

60 2287 63 2289 ’
81 2288 170 2315 rem
188 2280 355 2313 tenuem
377 2273 643 2325 amplificare!
673 2272 823 2327 (Spar-

83 2334 201 2382 εεηῖι,
231 2332 375 2371 imbre.
414 2332 542 2370 Nam
534 2346 727 2384 spargere
746 2346 823 2384 pro

357 2392 525 2429 irrorare
586 2396 823 2443 usurpatus,

89 2451 160 2490 W
154 2449 236 2504 ch.)

143 2509 212 2549 30.
244 2507 405 2546 Cin-um
422 2506 545 2556 haec,
577 2519 679 2557 quae
698 2505 821 2544 modo

84 2566 306 2615 enarravit,
331 2565 439 2604 circa
458 2565 590 2603 sontes
611 2570 652 2603 et
670 2570 821 2616 stagna,

85 2637 254 2662 amoena
286 2629 404 2676 prata
434 2636 517 2661 esse
546 2622 707 2661 debent.
739 2623 821 2660 Co—

84 2682 183 2720 lum.
201 2682 273 2732 IX,
295 2682 335 2732 5,
349 2685 374 2724 6
409 2682 571 2720 Conseri
588 2681 731 2718 deinde
747 2681 822 2718 de-

87 2739 177 2778 bent
198 2742 306 2778 circa
324 2748 452 2778 totum
472 2741 680 2791 apiarium
698 2738 823 2777 arbu-

86 2798 239 2836 scalae.
272 2820 330 2827 —
359 2799 417 2836 De
449 2799 564 2835 casia
591 2796 720 2835 herba
750 2810 823 2835 co—

87 2856 253 2895 ronaria
265 2886 276 2905 ,
307 2855 403 2893 alias
425 2855 654 2906 thymelaea
666 2885 677 2904 ‚
708 2855 825 2894 cuius

86 2915 246 2953 tructus
265 2913 309 2951 in
328 2913 497 2952 officinis
522 2927 702 2965 granum
727 2913 826 2952 Cni-

85 2972 203 3010 dium
217 3003 228 3022 ,
270 2972 471 3010 monitum
498 2971 580 3009 iam
601 2977 661 3009 est
676 2971 730 3010 ad
755 2972 826 3010 Ge.

86 3030 136 3080 II,
152 3033 237 3072 213
250 3044 260 3079 3
282 3029 332 3068 de
347 3030 520 3082 serpyllo
532 3029 584 3068 ad
598 3030 678 3068 Ecl.
688 3030 738 3081 II,
752 3035 772 3072 1
782 3033 826 3071 1·
818 3059 828 3079 ,

869 1702 915 1738 35
941 1702 1064 1737 adito-s·
1080 1701 1211 1735 Medic.

880 1807 1066 1861 thymbra
1106 1807 1247 1846 eadem
1285 1820 1388 1859 quae
1418 1805 1614 1854 satureia,

881 1866 1160 1920 Pjefferkrazit
1173 1896 1183 1915 ‚
1231 1872 1303 1904 aut
1332 1864 1510 1904 eiusdem
1531 1863 1615 1901 sal-

881 1931 966 1963 tem
984 1924 1151 1976 generis.
1174 1924 1396 1962 cf.Martin.
1426 1925 1614 1964 32.—et

882 1983 1014 2022 violae
1030 1982 1277 2035 proveniant
1285 1997 1297 2032 ;
1336 1989 1378 2021 at
1400 1994 1522 2032 quam
1544 1994 1615 2018 or-

882 2042 993 2080 nate!
1023 2041 1254 2079 Imitatione
1274 2039 1472 2093 expressit
1492 2038 1615 2076 Clau-

881 2099 1027 2138 dianus
1055 2098 1235 2137 XXXVI
1265 2096 1334 2152 (de
1364 2099 1485 2149 Rapt.
1510 2097 1614 2134 Pro-

880 2171 986 2209 serp.
1014 2156 1106 2195 libr.
1132 2155 1223 2210 Ill),
1264 2158 1349 2198 233
1376 2156 1515 2207 prima
1542 2153 1615 2192 sub

881 2216 968 2254 luce
989 2245 999 2264 ,
1049 2229 1143 2252 cum
1182 2228 1267 2252 rore
1299 2227 1460 2252 serenus
1495 2211 1615 2250 Albet

881 2287 984 2326 ager
1010 2287 1251 2325 sparsosque
1276 2271 1414 2310 bibunt
1439 2270 1615 2308 violaria

881 2345 1035 2370 suevos.
1056 2331 1244 2380 violaria,
1263 2330 1354 2368 loca
1374 2328 1492 2369 violis
1512 2342 1613 2366 con-

881 2390 978 2438 sita,
1010 2388 1050 2427 h.
1071 2389 1098 2427 l.
1116 2403 1192 2442 pro
1211 2388 1330 2428 violis
1349 2392 1521 2440 possunt
1542 2399 1613 2424 ac-

882 2448 972 2500 cipi.
1004 2449 1224 2499 itriguum,
1254 2445 1340 2485 11.1.
1370 2445 1441 2498 qui
1456 2444 1611 2496 irrigat.

882 2504 984 2560 (vid.
1012 2505 1105 2544 Not.
1123 2505 1338 2545 Wunderl.
1356 2504 1409 2543 ad
1429 2517 1490 2543 vs,
1517 2502 1611 2544 115.

885 2565 957 2605 W
950 2561 1006 2617 r.)

940 2624 1008 2664 33.
1049 2621 1107 2659 De
1141 2621 1294 2660 fabrica
1320 2619 1491 2660 alvearis
1526 2617 1611 2657 vid.

881 2680 1035 2719 Colum.
1057 2680 1129 2729 IX,
1143 2683 1182 2729 6,
1202 2678 1312 2717 unde
1330 2678 1372 2731 §.
1394 2681 1414 2720 1
1439 2676 1611 2727 colligas,

880 2737 1030 2777 suberis
1058 2739 1220 2776 cortices
1249 2737 1502 2790 potissimum
1521 2733 1562 2771 11.
1583 2733 1610 2772 l.

879 2796 1060 2849 intelligi.
1119 2795 1441 2834 Stramineorum
1473 2792 1611 2830 alvea-

881 2855 991 2894 rium
1011 2868 1131 2894 usum
1149 2860 1294 2892 notum
1318 2853 1438 2892 fuisse
1457 2851 1611 2889 Roma-

882 2914 970 2963 nis,
1016 2927 1102 2952 non
1130 2912 1301 2964 reperio,
1368 2912 1436 2951 36.
1477 2909 1610 2960 lique-

873 2971 1001 3024 facta
1020 2972 1210 3019 remittit,
1241 2968 1422 3007 ornatius
1440 2964 1610 3018 p1o‚li-

885 3029 1071 3081 quefacit.
1109 3000 1301 3066 remittere
1315 3056 1325 3075 ,
1368 3039 1444 3078 pro
1479 3023 1610 3063 resol-
