1734 3320
346 699 402 748 P.
458 697 894 748 VIRGILII
946 698 1378 750 MARONIS

101 837 189 910 G.
286 841 347 911 E
469 834 546 911 O
662 840 730 911 R
847 838 916 910 G
1035 840 1066 910 Ι
1186 840 1248 913 C
1368 835 1444 910 O
1564 840 1633 913 N

488 999 776 1059 LIBER
836 999 1246 1059 TERTIUS

606 1300 1129 1342 ARGUMENTUM

29 1432 33 1434 ’
100 1399 318 1475 Orditur
335 1435 458 1483 poeta
478 1430 630 1470 librum
651 1429 701 1469 ab
720 1429 975 1483 expositione
993 1428 1220 1482 argumenti
1253 1430 1290 1470 1.
1309 1430 1357 1470 2:
1395 1433 1575 1468 tractare
1591 1441 1634 1468 se

99 1494 387 1540 argumentum
406 1489 457 1528 ab
473 1489 559 1528 aliis
581 1490 806 1538 intactum,
835 1487 946 1527 unde
967 1501 1119 1527 novam
1143 1486 1307 1526 laudem
1324 1485 1518 1525 Mantuae
1538 1500 1634 1527 suae

99 1546 154 1586 sit
184 1552 407 1599 paraturus
426 1569 486 1577 —
522 1550 590 1591 39.
649 1547 751 1587 Inde
787 1547 972 1586 savorem
1003 1559 1051 1585 ac
1077 1545 1264 1585 studium
1290 1544 1533 1584 Maecenatis
1558 1545 1634 1585 sibi

100 1617 153 1643 ex
205 1603 261 1643 tit
276 1627 336 1635 —
355 1603 426 1647 48.

152 1617 405 1702 PeProcedit
432 1664 665 1717 praeceptio
696 1676 720 1701 a
748 1663 886 1702 fetura
911 1667 1206 1701 armentorum.
1263 1660 1473 1713 Legendae
1500 1660 1633 1714 primo

98 1719 190 1760 loco
223 1720 356 1760 bonae
386 1728 537 1761 matres
546 1737 558 1773 3
597 1727 720 1761 notae
746 1721 948 1760 bonarum
982 1733 1204 1760 vaccarum
1220 1741 1281 1749 -—-
1299 1722 1378 1769 625
1408 1718 1635 1758 admissura

97 1778 158 1818 ita
184 1779 388 1830 curanda,
425 1786 475 1819 ut
502 1786 542 1819 et
570 1779 645 1819 bos
667 1786 710 1818 et
738 1785 885 1818 taurus
913 1778 958 1817 in
973 1779 1142 1818 iuventa
1158 1776 1370 1816 constituti
1391 1777 1547 1816 sint—
1563 1780 1633 1819 71.

98 1837 230 1876 Notae
250 1837 342 1889 equi
361 1839 544 1890 generosi
566 1844 608 1877 et
630 1837 683 1876 ad
703 1837 971 1876 admissuram
987 1835 1195 1876 idonei—
1208 1838 1303 1878 122.
1331 1835 1438 1874 Tum
1455 1848 1512 1885 ea,
1531 1849 1634 1887 quae

99 1901 195 1935 ante
214 1895 480 1936 admissuram
499 1902 597 1936 sunt
616 1895 799 1935 curanda
814 1918 874 1925 —-
891 1897 986 1937 137.
1046 1895 1154 1933 Cura
1174 1899 1354 1932 matrum
1370 1892 1634 1946 gravidarum

43 1979 49 1984 ·
96 1975 157 1986 —
173 1953 270 1997 156.
301 1954 409 1994 Cura
423 1955 718 1995 vitulorum—
731 1956 826 1998 178.
852 1953 960 1992 Cura
977 1953 1189 2007 pullorum
1206 1952 1634 2004 equinorum—2085

97 2012 283 2066 inprimis
311 2013 476 2052 arcendi
504 2014 565 2053 illi
582 2027 606 2051 a
632 2012 757 2051 nimia
783 2012 959 2052 Venere:
988 2012 1097 2051 inter
1115 2023 1219 2062 quae
1235 2011 1373 2050 locum
1397 2009 1448 2048 de
1468 2010 1634 2049 Veneris

98 2070 344 2110 stimulantis
369 2072 508 2111 surore
531 2072 790 2125 persequitur
809 2092 868 2099 —
896 2071 995 2112 282.
1062 2069 1161 2108 Post
1191 2082 1334 2108 curam
1356 2074 1633 2108 armentorum

98 2128 362 2182 progreditur
380 2129 434 2168 ad
453 2143 592 2169 curam
609 2128 837 2181 pecudum:
866 2141 960 2166 cum
976 2126 1226 2180 praefatione
1252 2138 1375 2179 super
1392 2125 1634 2165 difficultate

100 2187 328 2239 argumenti
352 2201 446 2227 cum
469 2188 663 2240 dignitate
682 2185 962 2239 pertractandi
976 2207 1036 2215 --
1063 2183 1162 2227 294.
1220 2184 1355 2224 Primo
1379 2184 1430 2222 de
1452 2197 1499 2222 ea
1519 2198 1631 2234 cura,

100 2258 205 2298 quae
226 2245 280 2284 ad
296 2245 472 2298 pecudes
496 2246 540 2285 in
559 2244 727 2284 stabulis
749 2243 958 2283 habendas
986 2248 1144 2296 spectat
1163 2264 1220 2273 -
1241 2244 1346 2293 3213
1370 2248 1462 2281 tum
1484 2241 1534 2280 de
1557 2256 1634 2294 pa-

102 2303 233 2342 stione
261 2317 360 2343 vere
384 2310 498 2343 orto:
537 2318 632 2343 cum
654 2302 893 2341 excursione
927 2302 973 2340 in
996 2300 1276 2340 narrationem
1306 2299 1356 2338 de
1384 2300 1633 2339 Nomadibus

99 2360 209 2401 Afris
229 2368 272 2401 et
297 2361 460 2415 Scythis
483 2386 531 2391 —
558 2362 663 2412 3853
702 2366 917 2414 praecepta
948 2359 998 2398 de
1019 2358 1156 2398 studio
1174 2359 1362 2398 lanarum
1379 2380 1438 2387 —
1454 2360 1561 2409 393,
1592 2365 1634 2397 et

9 2424 19 2445 ³
99 2420 215 2460 lactis
234 2442 285 2449 --
306 2419 404 2463 403.
464 2421 572 2460 Cura
588 2433 736 2459 canum
752 2441 811 2449 —
829 2418 928 2460 412.
986 2417 1141 2457 Monita
1160 2416 1211 2456 de
1236 2416 1427 2456 cavendis
1445 2417 1633 2455 animan-

99 2478 212 2517 tibus
231 2474 364 2518 noxiis
381 2502 440 2508 —
466 2480 565 2529 439,
593 2485 636 2517 et
663 2478 714 2517 de
739 2476 969 2517 avertendis
992 2475 1146 2516 morbis
1162 2498 1222 2505 —
1237 2473 1335 2517 473.
1394 2474 1457 2513 Ita
1475 2474 1633 2514 aditum

101 2536 176 2576 sibi
199 2543 320 2589 parat
347 2536 401 2576 ad
426 2538 563 2577 locum
593 2536 643 2575 de
671 2542 785 2590 peste
811 2534 1063 2575 auctumnali
1090 2539 1372 2574 armentorum
1397 2546 1445 2572 ac
1469 2545 1632 2586 gregum

102 2594 396 2635 nobilissimum
413 2618 472 2626 —
490 2595 543 2634 ad
557 2594 629 2635 fin.

1233 3070 1351 3116 32*
