1768 3320
309 252 913 307 BUGeHCA'EGL.
961 255 1049 319 VI,
1087 259 1309 308 37-46
1488 264 1584 310 177

66 382 448 450 Caucasiasque
484 378 654 430 refert
689 379 962 499 v⁰lucrfi8²
1003 377 1321 449 furtumque
1360 385 1587 435 Prome-

850 459 872 499 t
916 467 978 501 el.

65 523 158 575 His
177 520 439 587 adiungit,
475 519 648 584 Hylan
668 528 860 570 nautae
883 536 993 588 quo
1014 518 1169 571 sonte
1192 521 1443 572 relictum

66 593 418 654 clamassent,
454 599 516 640 ut
538 589 683 654 litus,
719 589 877 655 Hyla,
914 589 1071 654 Hyla,
1111 608 1278 641 omne
1301 602 1540 654 sonaret3

63 665 133 714 Et
150 660 486 714 fortunatum
502 701 514 722 ,
553 661 594 709 si
617 677 898 728 nunquam
922 670 1162 711 armenta
1187 660 1430 727 fuissent,
1522 667 1590 716 45

65 732 362 801 Pasiphaen
382 731 523 781 nivei
547 730 748 780 solatur
766 748 952 782 amore
977 731 1199 784 iuvenci.

65 874 166 917 bant,
189 873 373 908 Saturnia
389 885 508 921 regna
526 883 599 906 non
618 872 710 906 bene
727 878 811 918 post
819 871 991 918 Pyrrham
1011 871 1109 918 poni.
1158 872 1382 919 (Corruptum
1401 885 1477 906 esse
1498 873 1592 908 hunc

65 933 215 964 versum,
233 919 321 955 mihi
339 926 391 954 est
406 919 720 966 persuasissimum.
754 921 844 953 Nam
861 932 903 953 ex
919 931 983 953 usu
995 919 1151 964 Virgilii,
1170 932 1272 965 quem
1292 920 1421 966 ubique
1439 919 1476 953 in
1494 921 1593 954 cius-

66 967 166 1003 modi
184 979 301 1002 rerum
321 966 582 1001 enumeratione
599 974 770 1000 servatum
792 966 968 1012 reperies,
1000 967 1108 1000 verba
1126 968 1309 1001 Saturnia
1329 980 1464 1014 regna,
1489 980 1594 1013 quum

64 1015 164 1052 nulla
177 1014 422 1060 disiungantur
435 1027 454 1048 a
474 1013 690 1060 praegressis
707 1014 844 1060 copula,
860 1013 1092 1059 appositionis
1111 1014 1192 1047 loco
1212 1014 1255 1047 ad
1272 1014 1409 1060 lapides
1426 1027 1446 1048 a
1458 1015 1594 1060 Pyrrha

66 1062 180 1098 iactos
204 1061 414 1109 pertinentis
444 1061 609 1095 habenda
634 1068 722 1094 sunt.
773 1061 877 1103 Quod
906 1073 1010 1106 quum
1036 1061 1128 1095 ferat
1154 1061 1397 1106 grammatica,
1430 1061 1508 1107 ipsa
1534 1075 1592 1096 res

68 1117 283 1157 aspernatur.
333 1110 450 1151 Quare
468 1115 528 1142 aut
549 1108 679 1142 omissa
700 1115 782 1141 sunt
803 1107 992 1149 nonnulla;
1027 1120 1115 1154 quae
1135 1108 1275 1153 quidem
1305 1108 1421 1154 qualia
1448 1109 1593 1152 fuerint,

69 1169 113 1192 ex
127 1157 231 1192 codd.
249 1156 292 1190 ab
303 1155 443 1202 Heynio
464 1155 744 1189 commemoratis
762 1155 818 1188 vix
835 1155 969 1200 poteris
987 1155 1173 1201 suspicari3
1198 1162 1260 1188 aut
1274 1155 1390 1189 verbis
1411 1158 1595 1190 Saturnia

69 1217 190 1252 regna
207 1203 331 1238 vitium
349 1202 488 1236 insidet.
538 1202 657 1244 Quid?
682 1202 712 1235 si
730 1201 900 1247 Virgilius
920 1202 1103 1248 scripserit
1125 1204 1276 1236 Titania
1295 1215 1324 1236 r.
1337 1229 1346 1245 ‚
1372 1209 1411 1236 ut
1432 1203 1594 1237 homines

70 1263 114 1286 ex
130 1250 208 1285 ’ntis
231 1249 427 1297 lapidibus,
461 1260 548 1295 quos
568 1249 724 1284 iecerant
744 1249 937 1284 Deucalion
960 1258 995 1283 et
1012 1249 1165 1295 Pyrrha,
1191 1248 1335 1283 Titania
1350 1250 1471 1295 proles
1492 1257 1594 1284 utra-

70 1310 150 1345 que,
165 1303 266 1332 ortos
285 1296 486 1342 intelligas?
512 1303 548 1330 et
559 1297 696 1342 Pyrrha
713 1297 847 1331 Titan
858 1297 897 1331 ia
917 1296 1046 1330 dicitur
1058 1297 1159 1330 ovid.
1175 1297 1260 1330 Met.
1272 1298 1300 1338 1,
1317 1297 1399 1333 395.
1432 1298 1591 1342 Regnum

69 1352 185 1380 autem
210 1344 320 1379 tribui
339 1343 545 1378 Deucalioni
570 1356 590 1377 a
616 1343 813 1385 veteribus,
841 1344 994 1390 probant
1012 1343 1084 1377 loci
1103 1344 1140 1377 iu
1161 1343 1298 1377 Nitsch.
1324 1344 1410 1378 Lex.
1439 1344 1593 1390 Mythol.

69 1404 150 1439 pag.
175 1393 256 1429 612.
284 1404 354 1426 sec.
382 1391 465 1425 edit.
490 1390 615 1425 notati.
663 1391 832 1425 Similiter
853 1394 939 1425 Aen.
959 1392 1034 1436 XI,
1055 1389 1136 1427 483.
1162 1391 1197 1424 in
1224 1390 1385 1424 Parthas.
1407 1404 1427 1425 a
1449 1403 1494 1425 m.
1522 1403 1593 1425 sec.

70 1440 254 1474 Saturnia
285 1440 394 1486 virgo
424 1437 554 1482 legitur
582 1450 648 1483 pro
677 1439 846 1472 Tritonia
877 1451 911 1471 ν.
960 1438 1018 1471 Sic
1040 1439 1223 1471 Saturnia
1251 1444 1412 1483 tanquam
1441 1437 1596 1492 ineptum

71 1485 246 1532 glossema
267 1497 286 1520 e
307 1492 405 1519 textu
424 1485 673 1518 removendum
694 1485 781 1526 erit;
816 1485 883 1518 nisi
911 1485 1025 1526 sorte,
1059 1484 1195 1518 leniore
1221 1484 1396 1518 medicina
1426 1485 1596 1527 adh1bita,

71 1533 121 1567 ita
139 1545 264 1567 sanare
290 1532 361 1566 hoc
379 1532 477 1566 ulcus
497 1531 642 1574 licebit,
676 1540 714 1566 ut
733 1531 866 1566 scribas
889 1533 1158 1586 Saturniaque3
1183 1531 1253 1565 vid.
1272 1533 1315 1565 V.
1334 1532 1375 1566 L.
1396 1532 1442 1566 ad
1462 1535 1547 1566 Aen.
1567 1533 1595 1573 I,

71 1582 107 1616 2.
137 1581 234 1624 Wr.)

71 1629 117 1662 V.
137 1628 178 1661 L.
202 1626 248 1662 ad
267 1629 353 1660 Aen.
371 1627 398 1668 1,
417 1628 498 1662 201.
530 1628 612 1660 Wr.

330 1577 378 1616 42
402 1581 601 1613 Caucasias
626 1593 691 1619 ue3
727 1579 778 1613 sic
806 1578 1013 1613 vetustiores
1040 1580 1134 1612 Pler.
1166 1586 1201 1612 et
1229 1578 1350 1613 Heius.
1388 1580 1438 1625 (et
1463 1579 1496 1614 7.
1524 1578 1595 1613 vid.

663 1627 949 1672 ‘Caucaseaeque
970 1625 1041 1659 alii.
1079 1629 1353 1672 Caucaso-osque
1370 1627 1458 1671 Reg.
1498 1629 1596 1659 Cau—

73 1687 184 1708 casea
209 1672 328 1721 refert
345 1673 444 1707 Leid.
493 1674 684 1707 Promethi
701 1674 836 1715 Franc.,
860 1673 979 1719 sicque
996 1676 1092 1707 Serv.
1109 1673 1154 1707 ad
1174 1685 1205 1706 v.
1225 1673 1282 1713 78,
1308 1672 1367 1706 ubi
1391 1674 1487 1707 Teri.
1513 1672 1596 1718 (vid.

72 1723 118 1765 V.
135 1721 177 1756 L.
193 1723 279 1756 Aen.
298 1721 327 1762 I,
341 1721 397 1756 30.
429 1721 526 1765 Wr.)

73 1769 227 1814 Hylam,
248 1765 260 1771 ⁵

622 1719 669 1757 43
693 1721 820 1765 Hylan
842 1720 932 1754 Pier.
962 1727 997 1754 et
1018 1719 1139 1753 Reins.
1166 1732 1184 1753 e
1210 1718 1428 1754 melioribus.
1478 1720 1596 1764 Vulgo

317 1765 366 1803 44
390 1780 461 1814 quo
481 1768 589 1801 littus
607 1779 649 1801 ex
667 1768 799 1814 aliquot
818 1780 898 1801 mss.
919 1767 1049 1801 laudat.
1063 1767 1161 1800 Pier.

1229 1767 1288 1811 (-
1311 1766 1369 1802 45.
1395 1779 1597 1813 numquam.

75 1821 112 1849 et
134 1827 323 1862 umquam,
347 1826 419 1848 non
437 1827 552 1861 nunq.
575 1822 609 1848 et
629 1828 714 1862 unq.
737 1815 870 1849 exarari
892 1814 985 1848 solet
1002 1814 1038 1847 in
1053 1814 1180 1847 Medic.
1210 1814 1306 1858 Wr.)

75 1932 257 1972 calioneo
283 1933 508 1972 anteriora:
552 1933 624 1972 sed
651 1933 696 1972 in
735 1933 807 1972 tali

74 1991 378 2030 enumeratione
426 1991 610 2030 ordinem
646 1998 807 2045 tempo-

73 2062 167 2090 rum
200 2063 362 2089 servare
397 2063 482 2088 non
516 2063 673 2088 necesse
707 2056 807 2089 erat.

76 2106 145 2162 (ne
183 2107 235 2146 ab
272 2106 474 2147 historicis
513 2108 675 2159 quidem
712 2108 808 2147 ubi-

75 2179 153 2218 que
171 2172 370 2205 servatur.
404 2165 530 2204 Tacit.
549 2165 653 2205 Hist.
675 2166 706 2214 I,
717 2168 808 2209 50.:

75 2222 347 2274 „Pharsaliam
366 2254 377 2273 ,
416 2222 642 2275 Philippos,
680 2224 809 2263 Peru—

76 2281 195 2331 siam,
225 2281 474 2320 Mufinam.“
502 2281 648 2321 Annal.
666 2281 696 2331 I,
724 2285 808 2324 1o.:

75 2339 324 2389 „Tarentino
356 2339 696 2393 Brundusinoque
722 2340 811 2378 foe—

79 2396 214 2447 dex-eff
244 2398 317 2437 cfr.
337 2397 444 2450 LiPS.
463 2398 516 2436 ad
534 2396 574 2436 h.
594 2398 620 2437 l.
635 2405 677 2436 et
688 2398 809 2437 Wolf.

38 2467 42 2469 ’
76 2454 130 2494 ad
167 2456 277 2495 Suet.
314 2456 389 2495 Iul.
422 2455 489 2498 44.
531 2456 603 2507 Sp.
640 2479 700 2487 —
724 2455 809 2494 vid.

77 2513 199 2553 etiam
229 2514 442 2553 Wunderl.
472 2514 524 2552 ad
553 2513 593 2552 h.
624 2513 651 2552 l.
696 2515 809 2568 Wr.)

118 2569 204 2614 43.
235 2572 298 2610 Ex
325 2571 611 2625 insignioribus
633 2571 812 2623 antiqui-

51 2640 54 2641 ’
77 2628 175 2668 tatis
192 2629 345 2682 mythis
366 2636 462 2669 sunt
480 2630 751 2682 Argonautica
771 2635 813 2667 et

78 2700 142 2726 res
158 2686 362 2738 Herculis3
392 2702 442 2726 ex
458 2687 522 2727 his
540 2702 646 2727 unus
666 2687 813 2727 lauda-

78 2751 150 2783 tur
170 2744 315 2798 Hylas,
346 2746 453 2799 Argo
479 2746 531 2784 ad
547 2746 718 2798 Mysiam
739 2760 814 2799 ap-

78 2801 216 2855 pulsa,
248 2817 271 2841 a
286 2804 483 2857 Nymphis
504 2810 646 2857 raptus
665 2811 706 2843 et
721 2804 813 2843 fru-

79 2866 166 2898 stra
206 2861 257 2898 ab
292 2861 468 2901 Hercule
514 2862 730 2914 quaesitus.
772 2876 813 2901 v.

79 2916 267 2970 Apollon.
287 2918 338 2968 II,
361 2923 473 2962 1207
483 2934 540 2972 sq.
601 2920 684 2969 Qui
701 2920 750 2958 de
767 2933 814 2958 eo

79 2981 269 3028 egerunt,
311 2976 505 3030 adscripti
532 2985 629 3017 sunt
654 2978 700 3016 in
722 2978 814 3016 Not.

81 3033 135 3072 ad
155 3031 351 3072 Antonin.
371 3035 455 3073 Lib.
465 3038 534 3077 26.
582 3035 729 3078 4546.
750 3034 817 3073 Ad

152 3114 361 3163 VIRGIL.
402 3114 543 3163 TOM.
568 3113 605 3164 Ι.

865 1933 1112 1986 antiquiores
1169 1931 1333 1985 mythos
1398 1931 1598 1970 referendi

866 1992 1073 2030 Cretenses
1093 2021 1103 2039 ,
1144 1991 1267 2042 inque
1305 1989 1369 2028 his
1412 1990 1598 2042 Europae

864 2063 1007 2102 genus,
1058 2049 1212 2098 Minos,
1252 2048 1317 2087 cui
1361 2054 1490 2101 nupta
1518 2048 1599 2088 suit

864 2107 1070 2160 Pasiphae.
1089 2121 1128 2145 v.
1143 2106 1331 2159 Apollod.
1346 2105 1415 2155 ΠΙ,
1437 2109 1472 2147 1.
1502 2106 1598 2144 Eius

868 2180 980 2204 amor
991 2165 1100 2204 tauri
1111 2165 1218 2203 inter
1231 2164 1514 2217 phantasmata
1526 2170 1598 2213 est,

860 2237 970 2275 ,quae
1003 2223 1162 2276 poetica
1199 2222 1314 2275 copia
1341 2222 1477 2261 ornari
1502 2236 1599 2275 pos-

868 2288 980 2320 sunt:
1010 2282 1147 2332 itaque
1170 2281 1342 2333 arripuit
1362 2286 1480 2333 poeta
1504 2280 1599 2318 etin

868 2353 914 2378 eo
934 2345 1138 2378 moratur:
1167 2337 1268 2377 haec
1295 2352 1377 2377 una
1399 2344 1460 2376 est
1477 2337 1597 2387 ratio,

868 2412 947 2449 qua
964 2397 1070 2436 tueri
1086 2397 1213 2449 possis
1222 2395 1386 2449 mythos
1405 2403 1487 2435 tam
1499 2410 1600 2448 pro-

868 2456 1016 2494 miscue
1042 2461 1305 2503 memorator„
1345 2460 1395 2492 ut
1432 2467 1508 2492 nec
1533 2453 1599 2491 di-

867 2514 1017 2563 lectus,
1048 2526 1122 2551 nec
1142 2512 1293 2551 ordinis
1311 2512 1437 2551 ullam
1468 2511 1599 2551 ratio-

868 2585 962 2610 nem
1013 2570 1201 2610 idoneam
1247 2570 1425 2622 reperire
1465 2582 1599 2622 queas.

869 2631 1026 2668 solabar
1054 2643 1188 2667 amore
1220 2629 1402 2675 iuvenci,-
1441 2627 1601 2679 elegan-

868 2687 1021 2726 tissima
1039 2685 1267 2735 conversio,
1297 2699 1373 2738 pro
1391 2699 1459 2734 eo,
1489 2683 1601 2737 quod

871 2745 1105 2798 simpliciter
1118 2750 1218 2793 erat,
1237 2743 1468 2794 Pasiphaes
1482 2756 1600 2780 amo-

870 2819 931 2842 res
970 2805 1104 2852 canit,
1153 2814 1255 2854 quae
1290 2801 1428 2839 fabula
1457 2813 1600 2851 magna

873 2876 962 2900 cum
983 2867 1071 2900 arte
1090 2860 1143 2899 ad
1157 2873 1294 2899 rerum
1323 2856 1600 2911 praesentissi-

870 2933 957 2958 mas
988 2919 1178 2971 imagines
1206 2911 1399 2955 revocata
1430 2913 1601 2967 apponi-

871 2984 955 3016 tur.
1015 2977 1080 3015 Sic
1105 2981 1248 3028 poetae
1277 2974 1468 3012 dicuntur
1503 2985 1601 3008 con-

874 3036 986 3087 queri
1001 3048 1089 3082 eos,
1128 3046 1304 3085 quorum
1325 3032 1409 3069 fata
1436 3033 1600 3077 canunt,

1252 3111 1318 3156 12
