1768 3320
0 0 70 193 lx}

0 370 11 403 ξ
49 344 322 410 ponem,
366 344 471 383 eos
512 326 710 396 locos,
763 324 878 382 ubi
917 323 1007 382 illi
1049 320 1444 393 dissentitmt,
1489 322 1598 380 de-

0 414 178 485 {nuo
228 405 589 485 inspiceret,
644 425 768 483 quo
809 405 1243 483 intelligerem,
1293 402 1419 460 utri
1459 405 1596 482 plus

0 486 197 576 {gf-fidei
248 487 610 546 habendum
673 499 845 545 esset.
938 486 1055 545 Hic
1112 504 1150 543 a
1202 504 1301 541 me
1350 484 1596 563 publice

0 563 277 649 {figi-ntiae
320 569 595 646 agendae
621 579 763 627 sunt
798 568 932 626 Fre
949 580 1074 647 yta
1091 567 1239 646 gio,
1281 564 1431 622 Viro
1458 562 1601 623 Cla-

0 644 325 731 ssrissimo,
363 649 797 731 Dorpatiensi‚
851 648 1197 707 Russorum
1239 646 1601 727 Imperatori

0 730 93 806 ξξα
131 730 432 805 consiliis,
491 732 624 809 qui,
679 731 918 789 Italiam
955 742 1200 810 petens,
1242 727 1602 785 liberalissi-

0 811 18 873 s*
47 830 150 872 me
192 831 373 871 suam
424 813 581 871 mihi
622 811 904 893 promisit
947 830 1233 892 operam;
1286 828 1399 867 nec
1440 809 1603 866 mul-

0 882 18 973 f
47 904 184 953 tum
209 893 639 953 intercesserat
663 894 958 974 temporis
978 940 991 964 ,
1037 912 1229 970 quum
1252 910 1365 971 per
1391 890 1600 947 literas

0 1000 6 1043 ’ς
50 974 377 1035 certiorem
416 976 519 1033 ille
539 996 640 1035 me
679 976 822 1033 fecit
868 975 944 1033 de
966 974 1070 1046 iis,
1115 992 1274 1050 quae
1307 972 1465 1029 scire
1493 991 1603 1028 cu·-

39 1055 307 1136 -pieram.
386 1056 701 1115 Dederam
742 1056 893 1114 Viro
932 1054 1379 1114 officiosissimo
1423 1053 1604 1110 char-

48 1137 269 1209 tulam,
311 1137 380 1196 in
406 1158 533 1216 qua
555 1140 723 1197 locos
769 1139 1117 1218 complures
1149 1156 1181 1193 e
1207 1134 1521 1193 Bucolicis
1546 1145 1603 1191 et

53 1215 368 1300 Georgicis
410 1231 796 1293 notaveram,
840 1238 1103 1296 quorum
1136 1236 1295 1295 quae
1339 1227 1495 1273 esset
1537 1216 1604 1271 in

48 1297 334 1359 Mediceo
358 1301 681 1381 scriptura,
727 1302 989 1360 dubium
1010 1299 1344 1376 reliquerat
1365 1296 1604 1354 Heinsii

50 1392 109 1439 et
130 1381 404 1463 Fogginii
444 1382 761 1442 dissensio.
844 1383 977 1440 Iam
1000 1380 1236 1459 egregio
1260 1379 1397 1435 Viri
1427 1375 1604 1458 Opti-

47 1461 139 1521 mi
163 1463 462 1521 beneficio
507 1465 626 1521 hoc
652 1465 878 1535 debeo,
920 1474 990 1519 ut
1015 1463 1247 1538 ubique
1274 1479 1490 1517 verum
1513 1459 1605 1516 vi·-

52 1542 214 1602 disse
255 1543 617 1624 Fogginium
660 1544 1082 1626 cognoverim,
1124 1553 1368 1622 praeter
1408 1560 1604 1598 unum

48 1625 285 1698 loctun,
330 1622 441 1684 Ge.
488 1624 603 1697 IV,
654 1632 782 1699 14.,
825 1625 934 1683 ubi
976 1644 1169 1701 quum
1191 1622 1482 1680 Heinsius
1527 1623 1603 1678 ab

49 1706 307 1764 stabulis
330 1706 396 1764 in
415 1705 700 1765 Mediceo
746 1718 987 1765 exstare
1014 1716 1179 1762 recte
1210 1704 1420 1780 utique
1443 1705 1604 1760 refe-

3 1799 6 1851 ζ
49 1799 175 1860 rat,
206 1787 375 1869 apud
395 1787 759 1868 Fogginium
783 1809 821 1845 a
843 1788 1098 1845 stabulis
1123 1785 1360 1863 legitur.
1406 1780 1604 1854 Quid-

54 1868 206 1946 quid
228 1868 415 1945 igitur
436 1869 503 1927 in
524 1868 811 1928 Mediceo
837 1867 1209 1950 Fogginiano
1239 1865 1602 1923 diversitatis

49 1949 334 2009 nondum
374 1950 684 2009 indicatae
726 1951 960 2032 reperi,
1003 1949 1069 2006 id
1093 1948 1415 2026 diligenter
1458 1966 1605 2004 eno-

7 2107 10 2109 *
50 2031 206 2104 tavi3
261 2050 457 2109 eaque
508 2052 606 2090 res
650 2052 836 2113 saepe
887 2030 1144 2089 mirifice
1197 2049 1295 2086 me
1351 2028 1603 2086 adiuvit.

55 2112 384 2193 Supersedi
422 2124 661 2187 tamen,
703 2135 779 2171 ne
806 2112 1023 2193 putida
1067 2123 1124 2168 et
1163 2110 1422 2168 molesta
1463 2110 1605 2166 reli-

53 2193 235 2273 gione
249 2194 567 2252 fastidium
583 2214 860 2254 crearem
884 2192 1100 2251 lectori
1125 2191 1384 2261 erudit0,
1403 2189 1605 2247 deter-

52 2274 215 2332 rima
242 2275 427 2333 etiam
455 2276 804 2334 describere
828 2275 1002 2346 vitia,
1046 2274 1227 2351 quale
1257 2276 1462 2349 quaeri
1490 2291 1602 2351 pro

55 2360 219 2435 queri
245 2367 304 2414 et
323 2356 419 2414 his
444 2358 686 2415 similia.
728 2358 852 2415 Nec
884 2376 1045 2432 quae
1069 2355 1149 2412 ad
1172 2354 1371 2411 solam
1395 2354 1606 2410 ortho-

56 2437 378 2518 graphiam
403 2451 682 2518 spectant
704 2438 913 2496 variae
939 2436 1248 2506 lectiones,
1292 2435 1346 2491 si
1370 2453 1602 2514 paucas

53 2518 359 2596 quasdam
401 2520 664 2600 excipis,
718 2538 873 2596 quas
917 2519 1075 2576 scire
1128 2516 1370 2573 lectoris
1412 2514 1605 2594 pluri-

54 2619 229 2658 mum
254 2600 543 2659 interesse
563 2601 918 2674 videbatur,
959 2599 1112 2656 huic
1157 2596 1411 2654 editioni
1442 2596 1605 2652 inse—

56 2680 172 2738 rui.
214 2678 293 2738 Ut
314 2694 522 2739 tamen
543 2701 670 2739 una
695 2703 770 2739 ex
790 2702 856 2738 re
886 2689 1372 2757 cognosceretur,
1416 2696 1604 2753 quam

57 2760 419 2820 fluctuarent
461 2764 580 2821 hoc
603 2762 669 2818 in
699 2783 918 2842 genere
944 2761 1086 2818 libri
1113 2760 1298 2817 etiam
1322 2758 1605 2815 vetustis-

59 2840 227 2914 simi,
268 2845 649 2920 ubicumque
696 2842 1115 2901 accusativum
1156 2852 1288 2897 tert.
1320 2839 1601 2896 declinat.

58 2919 224 2979 in-es
248 2925 344 2981 vel
364 2929 446 2982 -is
469 2925 863 2983 terminatum
887 2935 1098 2982 contra
1122 2919 1392 2980 Medicei
1417 2919 1603 2976 fidem

420 194 785 246 PHILIPPI
823 193 1240 244 WAGNERI.
1540 209 1595 243 1x
