1734 3320
261 243 750 296 GEoRGmON
785 244 929 294 LIB.
964 244 1065 307 HI,
1105 250 1330 298 32—40

22 372 259 424 Assaraci
280 370 487 440 proleS,
528 369 904 438 demissaeque
927 368 991 420 ab
1013 372 1142 420 Iove
1162 372 1335 435 gentis

1451 250 1553 301 509

1485 378 1552 428 35

21 443 280 508 Nomina,
321 445 570 509 Trosque
597 457 818 508 parenS,
866 449 920 490 et
950 440 1144 491 Troiae
1175 442 1432 505 Cynthius
1461 461 1553 494 au-

819 518 947 562 CtOI'.

20 576 226 633 Invidia
253 578 437 631 infelix
457 579 642 630 Furias
665 596 994 648 amnemque
1018 596 1268 630 severum

23 652 208 717 Cocyti
231 659 463 715 metuet,
500 659 784 717 tortosque
809 651 1004 700 Ixionis
1029 651 1213 715 anguis

19 724 416 789 Inmanemque
438 729 639 784 rotam,
679 729 732 771 et
753 737 866 770 non
893 720 1256 788 exsuperabile
1278 737 1472 774 saxum.

23 794 238 844 Interea
254 791 531 857 Dryadum
553 790 703 840 silvas
726 791 997 859 saltusque
1016 808 1308 859 sequamur

68 878 115 936 35
141 899 315 932 dimissae
337 897 494 943 aliquot:
519 896 604 930 item
624 896 684 930 alii
699 909 723 930 a
740 899 842 931 Iove.
890 906 1022 944 gentes
1041 898 1178 943 Menag.
1198 897 1298 932 alter.

586 945 633 980 38
659 947 831 990 Cocytum
856 945 985 979 Moret.
1019 957 1110 986 sec.;
1147 945 1191 979 ab
1215 945 1342 979 eodem
1368 956 1452 978 mox
1481 958 1551 992 que

701 992 796 1038 quod
815 998 1025 1037 perpetuum
1051 992 1119 1026 hac
1146 993 1183 1025 in
1206 1004 1262 1033 re3
1294 992 1414 1037 itaque
1431 995 1551 1037 Spen-

18 945 179 980 Aberant
207 945 252 979 ab
278 955 348 978 uno
374 945 491 978 Mead.

21 993 135 1028 abest.
182 993 328 1026 Ixionis
346 990 453 1025 orbes
470 992 665 1032 Romanus;

1482 796 1550 845 40

1393 898 1551 934 37-39

20 1035 94 1074 cius
115 1039 308 1085 Polymetis
326 1038 417 1072 Dial.
436 1039 537 1080 XVI,
567 1039 634 1074 189
655 1046 691 1072 et
712 1039 804 1072 alius
822 1040 888 1072 Vir
905 1039 1028 1073 doctus
1042 1066 1051 1079 ‚
1086 1040 1131 1073 de
1153 1051 1221 1084 quo
1244 1040 1314 1073 iam
1334 1041 1449 1073 Burm.
1467 1051 1549 1073 mo-

19 1086 110 1128 nuit,
135 1087 172 1120 in
185 1085 334 1121 Miscell.
349 1086 451 1119 obss.
467 1085 550 1119 Vol.
563 1087 591 1128 J,
616 1098 652 1131 p.
672 1086 742 1121 269
762 1093 798 1120 et
816 1087 896 1122 390.
923 1086 1005 1120 Vol.
1025 1088 1083 1127 111,
1107 1099 1144 1132 p.
1162 1087 1233 1122 309
1255 1086 1418 1131 vulgatae
1438 1098 1549 1131 prae-

19 1134 180 1177 ferebat,
203 1133 363 1179 inprimis
381 1138 594 1179 propterea,
620 1134 715 1178 quod
734 1133 848 1167 nullus
869 1133 1040 1178 anguibus
1068 1134 1104 1167 in
1134 1134 1264 1167 Ixionis
1294 1134 1470 1179 supplicio
1488 1134 1549 1167 lo-

21 1193 80 1215 cus
107 1187 173 1214 est.
221 1183 268 1215 At
292 1180 363 1214 vid.
382 1182 470 1214 Not.
503 1186 540 1213 et
567 1179 618 1212 ibi
643 1183 740 1213 Serv.
777 1181 869 1214 conf.
898 1181 1084 1215 Schrader.
1120 1182 1165 1216 ad
1196 1182 1375 1215 Musaeum
1402 1194 1438 1226 p.
1466 1180 1547 1216 286.

22 1229 64 1262 In
82 1228 209 1261 iisdem
222 1227 324 1261 Obss.
341 1239 418 1261 cum
438 1226 639 1260 Marklandi
660 1228 874 1270 coniectura,
899 1229 1044 1262 Ixionis
1068 1241 1168 1270 axes,
1192 1234 1266 1261 tum
1279 1229 1401 1262 Batavi
1419 1228 1548 1262 Edito-

20 1274 88 1316 ris‚
114 1276 258 1309 Ixionis
283 1282 393 1308 artas
412 1273 470 1307 vel
493 1286 658 1320 ungues,
684 1275 880 1320 proposita.
930 1275 1051 1309 Omnia
1078 1287 1276 1322 perperam.
1326 1288 1415 1310 axes
1442 1275 1548 1309 etiam

19 1322 181 1357 Davisius
203 1321 249 1355 ad
271 1321 342 1356 Cic.
364 1321 409 1355 de
428 1322 475 1355 N.
501 1322 543 1354 D.
560 1322 602 1364 ΙΙ,
622 1321 669 1357 42
688 1322 919 1356 coniectabat.
955 1340 958 1343 Δ

19 1421 114 1445 cum
134 1405 285 1459 genuit.
307 1404 392 1444 vid.
412 1405 577 1444 Homer.
596 1404 758 1455 Iliad.v‚

18 1465 104 1508 215
133 1477 191 1516 sq.
250 1464 314 1502 Ex
340 1463 398 1502 110
427 1463 673 1513 Laomedon,
706 1477 759 1502 ex

18 1522 99 1562 hoc
113 1522 309 1562 Priamus.
358 1522 426 1560 Ex
446 1522 652 1561 Assaraco
674 1522 757 1560 Ca-

12 1596 117 1634 pys,
158 1594 209 1619 ex
236 1579 316 1619 hoc
340 1580 562 1630 Anchises,
607 1593 659 1618 ex
677 1579 758 1618 hoc

18 1642 196 1678 Aeneas.
239 1632 376 1678 *Porro
401 1638 553 1690 Apollo
568 1668 580 1688 ,
614 1638 756 1677 Troiae

20 1696 234 1747 conditor,
277 1696 537 1749 adiungitur,
588 1697 684 1748 quia
709 1697 755 1747 is,

17 1762 228 1807 tamquam
255 1754 353 1794 deus
377 1755 584 1805 tutelaris,
623 1755 756 1808 inpri-

17 1814 93 1854 mis
111 1827 256 1865 magna
286 1813 476 1866 religione
504 1813 553 1852 ab
571 1812 754 1866 Augusto

0 1872 229 1911 *colebatur
243 1902 253 1921 ,
297 1885 416 1924 quem
436 1871 536 1910 adeo
557 1870 754 1924 Apollinis

17 1929 149 1969 filium
173 1930 319 1982 vulgus
355 1930 522 1969 serebat.
547 1930 633 1970 vid.
650 1932 755 1969 Sue-

17 1994 104 2028 ton.
126 1988 227 2040 Aug.
249 2001 282 2028 o.
307 1988 375 2031 94.

79 2049 148 2089 37.
190 2046 328 2085 Altera
370 2059 422 2085 ex
444 2052 562 2099 parte
597 2046 639 2085 in
673 2045 754 2085 hoc

17 2105 170 2157 templo
192 2105 350 2156 signum
365 2110 541 2157 ponetur
559 2103 752 2154 Invidiae,

17 2162 89 2202 sed
115 2162 338 2201 debellatae
381 2168 421 2200 et
449 2162 503 2200 ad
535 2162 754 2201 Tartarum

16 2221 296 2275 proturbatae.
351 2217 580 2273 'Splendide
616 2226 752 2258 autem

18 2279 152 2318 omnia
182 2279 410 2318 exornavit.
471 2278 630 2317 Scilicet
648 2278 753 2317 bella

18 2337 152 2376 civilia
170 2337 413 2388 omninoque
431 2336 674 2376 discordiam
693 2336 753 2375 ci-

16 2396 131 2436 vium
158 2395 239 2434 iam
267 2395 387 2448 plane
411 2395 627 2434 coercitam
657 2408 752 2444 esse,

17 2454 235 2506 symbolice
265 2453 422 2504 innuit,
463 2459 513 2492 ut
546 2453 590 2491 in
633 2453 780 2492 simili·

16 2511 187 2564 imagine
209 2512 457 2551 claudentur
476 2511 572 2550 belli
586 2519 748 2562 portae,

18 2571 149 2609 Furor
167 2571 318 2622 impius
338 2572 445 2608 intus
468 2571 602 2608 Saeva
613 2569 752 2607 sedens

17 2642 138 2680 super
165 2643 283 2667 arma
306 2621 382 2667 et'c.
412 2627 511 2666 Aen.
533 2627 563 2677 I,
587 2630 672 2670 293
693 2641 751 2679 sq.

17 2694 187 2725 metuere
207 2686 426 2738 Cocytum,
457 2685 608 2725 Ixionis
626 2692 667 2724 et
685 2686 751 2724 Si-

18 2743 137 2796 syphi
166 2744 433 2796 supplicium,
465 2743 622 2783 Invidia
648 2744 750 2782 dici-

17 2807 86 2840 tur
139 2808 299 2852 ornate,
357 2816 459 2854 quae
497 2803 541 2841 in
579 2802 751 2841 Tartaro

16 2866 225 2910 versatur,
274 2873 322 2898 ac
347 2861 380 2898 si
416 2861 584 2899 istarum
613 2873 752 2899 rerum

18 2924 183 2971 aspectu
211 2923 436 2968 terreatur;
465 2924 513 2957 ut
541 2918 636 2956 alias
653 2919 751 2957 hor-

16 2991 98 3014 rere
126 2990 172 3014 ac
198 2977 332 3014 terreri
366 2975 515 3014 dicitur
541 2989 618 3028 pro
652 2976 750 3014 sim—

15 3033 112 3086 plici
133 3033 279 3073 videre.
303 3047 474 3084 severas,
506 3039 749 3087 perpetuum

1013 1321 1061 1358 40
1079 1335 1272 1369 sequemur
1291 1323 1365 1358 Erf.

815 1419 955 1445 rerum
972 1405 1227 1445 infernarum
1248 1405 1469 1460 epitheton,
1497 1412 1547 1445 ut

814 1464 962 1514 tristis,
994 1478 1148 1504 saevus
1190 1467 1258 1506 38.
1292 1473 1411 1503 tortos
1429 1466 1547 1504 Ixio—

815 1524 878 1560 nis
900 1525 1074 1574 anguis,
1109 1522 1267 1575 quibus,
1299 1536 1374 1575 pro
1395 1523 1546 1563 vincu-

814 1580 874 1630 lis,
905 1581 1095 1632 religatus
1116 1587 1176 1619 est
1194 1581 1246 1619 ad
1262 1587 1408 1631 rotam,
1428 1587 1546 1634 post-

813 1652 935 1690 quam
951 1639 1112 1678 illicitos
1123 1639 1287 1678 Iunonis
1303 1640 1447 1692 petivit
1457 1654 1546 1679 am-

814 1698 969 1750 plexus.
1036 1698 1099 1736 Ita
1133 1703 1173 1736 et
1208 1698 1384 1738 Servius.
1453 1699 1546 1737 Sive

813 1762 936 1808 poeta
954 1755 1035 1794 hoc
1051 1756 1136 1808 ipse
1156 1756 1417 1808 excogitavit,
1448 1757 1544 1807 sive,

813 1813 924 1865 quod
955 1814 1204 1867 probabilius
1231 1814 1299 1863 fit,
1339 1828 1390 1853 ex
1424 1820 1546 1868 poeta

815 1872 969 1911 Graeco
997 1878 1208 1925 acceptum
1237 1872 1401 1912 habuit:
1430 1873 1545 1925 inge-

814 1931 927 1969 niose
966 1945 1042 1983 pro
1079 1930 1254 1970 vinculis
1294 1944 1442 1984 angues
1478 1932 1545 1970 in-

813 1989 957 2027 nexuit
982 1989 1125 2028 Ixioni.
1188 1987 1376 2043 (Iahnius
1402 1990 1546 2029 laudat

813 2048 1022 2086 staveren.
1048 2047 1101 2086 ad
1122 2046 1268 2099 Hygin.
1289 2051 1356 2090 62.
1385 2062 1425 2100 p.
1449 2051 1543 2090 129.

817 2107 889 2144 W
881 2103 936 2156 r.)
978 2105 1108 2156 Vulgo
1129 2105 1362 2158 simpliciter
1381 2106 1545 2145 vincula

811 2168 853 2201 et
872 2176 1002 2201 nexus
1024 2169 1323 2202 memorantur:
1354 2177 1396 2203 v.
1416 2164 1544 2217 Apol-

810 2221 891 2259 lon.
909 2220 1047 2259 Rhod.
1063 2221 1129 2271 III,
1148 2224 1215 2263 62.
1245 2220 1336 2260 Alia
1351 2221 1441 2260 loca
1457 2222 1542 2261 vid.

809 2279 853 2318 in
879 2278 989 2317 Misc.
1018 2278 1132 2318 Obss.
1158 2279 1248 2319 Vol.
1270 2280 1301 2331 I,
1332 2294 1422 2332 pag.
1443 2283 1541 2323 269.

809 2337 899 2376 Vol.
920 2337 987 2387 III,
1016 2351 1056 2389 p.
1078 2340 1162 2379 312
1184 2351 1269 2390 sqq.
1326 2338 1543 2377 Indulsisse

811 2395 885 2433 sibi
905 2401 1045 2448 poetas
1081 2395 1124 2434 in
1151 2396 1302 2435 Ixionis
1326 2403 1420 2435 rota
1449 2397 1542 2436 vol-

810 2453 946 2492 venda
963 2484 974 2503 ,
1016 2453 1245 2493 videbimus
1274 2455 1345 2494 ins.
1377 2455 1446 2494 Ge.
1475 2455 1541 2506 IV,

809 2510 908 2554 484.
939 2512 1099 2550 Saxam
1119 2511 1281 2567 Sisyphi
1297 2513 1443 2563 notari,
1467 2514 1542 2552 ob-

808 2570 922 2609 vium
944 2576 1025 2620 est3
1055 2570 1167 2621 quod
1197 2574 1432 2623 exsuperari
1458 2586 1543 2611 non

806 2634 943 2681 potest
982 2627 1180 2667 hactenus
1195 2659 1206 2680 ,
1255 2630 1447 2681 quoniam
1489 2630 1542 2668 ad

808 2700 1011 2725 summum
1039 2687 1188 2726 montis
1214 2688 1409 2727 verticem
1429 2701 1542 2727 emo-

807 2745 895 2783 veri
908 2751 949 2783 et
961 2744 1111 2784 adduci
1124 2745 1277 2797 nequit.
1302 2749 1356 2787 λοῖ
1358 2763 1406 2795 ας
1421 2742 1541 2786 nivat-

811 2799 888 2855 δής
917 2803 1061 2855 Odyss.
1090 2806 1134 2853 λ,
1166 2804 1272 2853 597,
1311 2804 1539 2856 improbus,

808 2861 968 2913 ingens,
1007 2861 1076 2912 qui
1102 2862 1282 2914 pondere
1310 2876 1381 2900 suo
1409 2867 1539 2913 urget,

808 2932 884 2957 nec
912 2919 1143 2959 submoveri
1168 2925 1320 2972 potest,
1359 2919 1540 2970 adeoque

806 2990 951 3029 gravis,

867 3035 934 3077 40.
972 3034 1131 3073 Interea
1172 3039 1454 3086 argumentum
1497 3045 1538 3071 se
