1768 3320
556 212 639 266 IN
677 208 1111 261 GEORGICA
1497 217 1597 265 267

74 356 136 390 ex
162 348 279 389 toto
306 338 562 388 materiae
592 345 847 404 apparatu
878 353 939 387 ea
966 334 1251 400 deligenda
1276 344 1423 399 sunt,
1464 355 1600 404 quae

73 427 199 460 cum
236 408 411 475 aliqua
445 407 721 475 voluptate
751 406 948 471 audiri,
999 415 1118 469 aut,
1166 405 1209 454 si
1242 421 1344 471 per
1377 422 1434 455 se
1467 407 1602 457 nihil

72 479 335 530 suavitatis
362 477 592 542 habent,
644 477 823 527 ornari
855 486 908 527 et
935 475 1205 526 nobilitari
1233 475 1298 525 ab
1329 484 1441 525 arte
1475 494 1603 543 pos-

26 602 37 609 *
72 550 202 611 sint;
239 564 595 616 quaecunque
617 557 799 598 autem
823 546 1098 597 tractanda
1122 545 1400 611 selegens,
1432 562 1493 596 ea
1517 564 1603 597 re-

70 636 197 670 rum
229 618 364 669 facie
395 619 544 686 quasi
578 635 636 668 ac
668 618 820 668 vultu
858 634 1037 685 eoque
1076 616 1262 666 colore
1302 615 1605 666 exhibenda

72 698 225 753 sunt,
269 705 380 756 quo
408 689 639 739 maxime
673 689 907 753 niteant,
956 688 1359 754 hominumque
1396 687 1604 737 animos

74 758 144 811 ad
171 759 605 825 cognoscendam
633 775 753 809 rem
783 768 836 809 et
866 757 1344 826 contemplandam
1373 755 1606 807 alliciant

74 838 129 881 et
147 830 387 883 invitent.
411 863 414 867 -
439 833 583 880 Tum
605 830 954 897 perspicuitas
981 848 1008 880 a
1033 829 1241 892 lucid0‚
1278 844 1393 878 non
1423 837 1606 878 autem

75 900 382 963 dialectic0‚
428 918 615 950 rerum
644 900 860 964 ordine,
910 908 1357 966 argumentorum
1387 897 1603 963 dilectu,

77 970 429 1038 dispositione
470 980 524 1022 et
564 971 897 1038 expositione
928 971 997 1021 ad
1030 971 1273 1020 animum
1300 969 1605 1019 tenendum

76 1041 508 1107 accommodata,
539 1041 855 1092 arcessenda
878 1050 970 1093 est.
1045 1044 1262 1092 Tenent
1285 1049 1467 1090 autem
1493 1040 1605 1089 ani-

74 1129 231 1163 mum
255 1128 331 1176 ea,
370 1130 507 1179 quae
531 1129 645 1162 non
671 1111 843 1162 modo
870 1111 1004 1162 nihil
1025 1111 1304 1162 molestiae
1332 1111 1380 1160 ei
1408 1119 1606 1175 creant,

78 1182 212 1233 dum
241 1192 663 1248 cognoscuntur,
699 1199 893 1233 verum
923 1192 1105 1246 etlam,
1137 1181 1271 1232 dum
1300 1181 1410 1231 leui
1440 1198 1497 1231 ac
1526 1179 1605 1230 sa-

78 1252 162 1304 cili
200 1270 357 1303 cursu
384 1254 440 1303 in
471 1254 714 1304 animum
738 1251 999 1318 influunt,
1037 1270 1152 1303 non
1181 1251 1402 1303 horrida
1432 1251 1604 1320 aliqua

63 1340 136 1374 <ac
161 1323 340 1374 ieiuna
367 1323 656 1375 subtilitate
687 1333 1026 1389 exarescunt,
1064 1323 1162 1374 sed
1192 1340 1259 1374 eo
1291 1339 1521 1389 corpore
1547 1339 1605 1372 ac

79 1393 262 1445 colore
289 1411 561 1462 succoque
587 1394 795 1462 expleta
823 1404 971 1460 sunt,
1010 1411 1118 1462 quo
1146 1393 1214 1444 ad
1239 1393 1606 1460 impellendos

77 1481 264 1515 sensus
299 1474 515 1516 nostros
553 1466 906 1533 animumque
944 1465 1180 1532 aliquam
1208 1465 1319 1514 vim
1356 1463 1603 1516 habeant.

80 1538 203 1598 Quo
232 1534 319 1600 fit,
354 1545 416 1586 ut
442 1537 498 1586 in
523 1545 716 1586 ornatu
739 1553 952 1586 summa
976 1535 1137 1586 huius
1163 1534 1411 1584 carminis
1434 1535 1605 1601 posita

77 1604 333 1658 videatur.
368 1605 454 1657 Ad
477 1615 728 1656 ornatum
752 1616 935 1657 autem
953 1607 1135 1657 omnia
1153 1603 1443 1656 reserenda
1466 1613 1605 1669 sunt,

13 1719 15 1721 .
80 1693 205 1726 cum
234 1693 321 1741 ea,
358 1677 473 1727 sine
498 1677 694 1745 quibus
718 1676 811 1728 ille
835 1686 983 1727 recte
1014 1693 1130 1727 esse
1157 1676 1370 1743 nequit,
1407 1675 1604 1725 verbo-

77 1763 201 1796 rum
219 1763 690 1815 numerorumque
713 1757 883 1811 recta,
914 1747 1127 1813 elegans
1140 1788 1154 1812 ,
1184 1763 1242 1797 ac
1261 1746 1432 1796 suavis
1452 1746 1603 1809 rati0,

76 1826 196 1871 tum
220 1834 407 1868 rerum
433 1827 961 1883 argumentorumve,
991 1834 1143 1886 quae,
1174 1816 1327 1883 quod
1354 1825 1605 1866 ornatum

79 1904 271 1955 capere
298 1888 642 1953 videbantur,
672 1888 741 1938 ad
771 1888 1157 1956 exponendum
1179 1903 1511 1954 seposueraS,
1544 1903 1605 1936 ea

80 1957 312 2009 elocutio
344 1968 398 2010 et
423 1960 871 2027 repraesentatiO,
902 1976 1040 2027 quae
1073 1958 1141 2009 ad
1163 1959 1406 2008 animum
1433 1957 1605 2007 conti-

77 2045 185 2079 nua
211 2038 481 2094 gratarum
512 2047 724 2094 rerum,
760 2030 1057 2095 imaginum
1086 2046 1144 2079 ac
1172 2045 1431 2079 sensuum
1453 2028 1605 2077 vicis-

26 2134 29 2135 r
78 2099 312 2150 situdine
334 2100 636 2150 tenendum
664 2117 827 2168 quam
848 2101 1079 2150 maxime
1099 2100 1164 2148 sit
1181 2098 1392 2150 idonea.
1441 2097 1605 2161 Quod

80 2169 305 2236 quidem
325 2171 396 2220 ita
422 2171 653 2220 maxime
683 2171 892 2238 assequi
919 2170 1151 2233 videare,
1180 2170 1236 2233 si,
1266 2170 1327 2218 iis
1358 2169 1604 2235 exceptiS,

81 2257 218 2308 quae
256 2239 471 2290 nullum
507 2250 758 2291 ornatum
801 2240 1091 2291 admittunt
1109 2279 1123 2305 ,
1178 2248 1231 2290 et
1267 2240 1505 2290 breviter
1547 2256 1607 2288 ac

56 2309 390 2377 ,simpliciter
422 2310 741 2378 exponenda
774 2320 926 2374 sunt,
973 2320 1148 2362 cetera
1181 2310 1359 2361 verbis
1394 2327 1453 2359 ac
1481 2326 1605 2359 sen--

77 2381 259 2431 tentiis
290 2380 650 2449 locupletibus
666 2423 679 2447 ,
728 2383 1103 2449 variarumque
1136 2398 1323 2432 rerum
1360 2379 1605 2430 similitu-

80 2450 267 2501 dinem
310 2468 369 2501 ac
403 2451 650 2502 colorem
690 2453 746 2502 in
780 2453 1022 2502 animum
1056 2451 1461 2516 revocantibuS,
1518 2467 1605 2500 ex-

78 2538 261 2588 pressa
297 2523 431 2584 sint;
470 2539 531 2572 ea
560 2539 721 2585 vero,
762 2540 899 2590 quae
925 2523 1175 2573 universe
1205 2522 1309 2572 dici
1336 2530 1604 2588 poterant,

80 2590 149 2640 ad
170 2589 373 2642 factum
396 2591 638 2660 aliquod,
667 2592 834 2661 idque
859 2610 1034 2643 unum
1059 2602 1112 2643 et
1133 2593 1403 2643 actionem
1425 2592 1607 2656 singu-

78 2659 248 2711 larem
285 2679 315 2712 e
346 2662 528 2713 multis
556 2673 829 2727 revocata,
877 2662 946 2713 ad
976 2664 1159 2713 vivum
1191 2670 1604 2730 repraesentata,

82 2730 442 2799 descriptione
472 2733 640 2783 oculis
665 2734 929 2798 subiecta,
969 2733 1224 2801 exemplis
1250 2742 1303 2783 et
1327 2748 1604 2799 compara—

79 2801 317 2851 tionibus
344 2802 616 2869 illustrata,
646 2804 922 2854 sententiis
946 2804 1192 2870 gravibus
1215 2804 1319 2853 sint
1343 2803 1603 2861 distincta,

82 2871 420 2939 omninoque
451 2874 522 2924 ita
549 2883 789 2939 tractata,
825 2883 886 2924 ut
910 2891 1025 2925 non
1047 2883 1159 2925 tam
1187 2874 1395 2924 animus
1421 2870 1603 2922 doceri
