1734 3320
321 208 807 275 GEDRGJGON
841 211 986 262 LIB.
1009 210 1086 274 II,
1123 212 1344 263 58—68

65 342 263 414 Plantis
275 349 337 392 et
353 339 523 391 durae
546 336 716 389 coruli
735 345 1047 402 nascuntur,
1086 345 1140 387 et
1158 337 1346 402 ingens

1487 217 1590 264 403

1523 342 1591 392 65

62 412 341 476 Fraxinus,
364 408 782 476 'Herculeaeque
801 407 959 458 arbos
980 406 1240 458 umbrosa
1263 423 1512 474 coronae,

66 481 406 549 Chaoniique
427 479 592 548 patris
607 477 855 545 glandes3
895 478 1058 529 etiam
1077 476 1242 528 ardua
1265 477 1442 545 palma

64 552 330 617 Nascitur,
368 559 423 601 et
446 566 594 600 casus
617 549 764 600 abies
783 549 956 598 visura
974 548 1228 600 marinos,

110 657 161 694 66
181 665 220 691 et
237 656 357 692 durae
377 655 509 690 Medic.
531 662 567 689 et
585 654 696 688 ceteri
714 655 790 688 sere
811 666 932 688 omnes
949 666 1008 700 ap.
1028 653 1171 695 Heius„
1193 652 1315 699 sicque
1330 651 1437 686 Aldd.
1460 659 1498 686 et
1508 652 1591 688 hinc

62 700 262 750 {frescane-
306 703 397 747 Alii,
422 703 460 737 in
479 702 607 749 quibus
626 701 738 736 Goth.
756 714 847 745 sec.,
882 702 1043 744 edurae,
1076 701 1173 747 quod
1200 700 1262 735 ille
1280 699 1529 746 praeferebat,
1554 709 1592 735 nt

64 752 160 787 esset
186 751 300 786 valde
324 751 463 791 dut-ae,
495 758 535 784 ut
553 750 619 784 Ge.
637 750 699 792 IV,
720 749 799 786 145.
845 748 980 783 Eadem
998 748 1153 783 varietas
1183 747 1278 795 apud
1294 746 1473 788 Servium,
1506 748 1592 782 Pie-

3 818 6 819 ⁷
62 797 174 842 rim,
200 798 400 834 “arduum-
447 796 612 832 Reiskius
641 796 848 831 divellebat:
882 796 1032 830 Plancis
1050 809 1071 830 e
1087 795 1146 830 vel
1161 809 1227 838 ex,
1260 795 1391 829 durae.
1439 795 1593 829 Edurae

62 845 158 880 inter
174 845 291 880 editas
316 844 452 879 habent
468 845 592 890 Eguat.
612 843 819 878 commelin.
842 843 981 878 Fabric-
1005 842 1210 886 Pulmann.,
1240 848 1279 876 et
1306 841 1389 876 hinc
1417 841 1591 887 vulgatae.

62 895 110 928 At
122 900 221 927 recte
236 892 419 927 revocavit
436 892 586 927 alteram
600 891 792 926 lectionem
806 891 1035 925 Burmannus.
1063 891 1156 925 Nam
1173 889 1347 924 sententia
1366 889 1535 935 requirit,
1552 895 1593 923 ut

63 939 228 975 continua
246 939 293 975 sit
313 939 451 975 oratio:
474 942 526 973 Et
546 939 670 973 coruli
683 946 894 972 nascuntur
909 937 1035 978 melius
1048 937 1206 984 plantis.
1253 944 1457 971 nascentur
1472 940 1593 972 Arun-

62 987 135 1022 del.
154 998 256 1022 unus.

349 988 398 1024 66
420 999 491 1034 que
507 986 612 1020 abest
630 998 653 1020 a
672 985 775 1020 Leid.
794 997 877 1019 uno.
924 983 1038 1019 arbos
1053 982 1246 1031 frondosa
1263 982 1374 1018 Goth.
1394 995 1450 1028 pr.
1545 985 1592 1021 67

62 1035 104 1069 In
118 1032 184 1069 illo
206 1034 362 1069 Ghaonii
372 1033 635 1090 patris-possit
654 1031 1014 1087 ⁸¹¹b²i¹¹²id⁸¹.⁸.⁸¹ifl‘¹⁵⁸
1033 1031 1203 1086 haerere,
1227 1043 1306 1086 cum
1325 1030 1489 1065 absolute
1509 1031 1592 1078 qui-

61 1081 144 1116 dem
156 1089 273 1130 pater
289 1093 452 1126 saepius,
482 1092 541 1115 m
557 1091 643 1114 vero
660 1092 737 1114 cum
755 1079 881 1125 gentili
900 1079 1018 1125 ahquo
1039 1090 1183 1113 nomme
1201 1079 1340 1113 dicatur
1351 1104 1360 1120 ,
1390 1085 1494 1123 pater
1510 1083 1592 1114 Do-

63 1129 253 1172 donaeu-
276 1128 406 1176 Ome

408 1130 488 1170 ius,
510 1128 671 1168 Idaea-53
705 1127 761 1161 cui
782 1127 836 1161 rei
854 1134 979 1172 parata
998 1126 1171 1160 medicina
1192 1127 1303 1160 foret:
1337 1125 1593 1174 Chaoniaeque

56 1177 186 1258 Ean-is
200 1175 372 1223 glandes.
419 1174 492 1209 Sed
509 1177 596 1208 Aen.
615 1175 708 1217 vm,
723 1174 796 1210 454
818 1182 932 1221 pater
957 1175 1135 1208 Lemnius
1162 1173 1207 1207 de
1233 1173 1408 1208 Vulcano.
1455 1181 1493 1207 et
1517 1176 1592 1208 iam

96 1223 156 1257 nd.
170 1234 249 1257 cum
269 1222 387 1256 m‘bus
405 1221 485 1256 aliis
508 1228 545 1255 et
567 1228 722 1268 utroque
744 1221 881 1264 Mead„
904 1228 943 1255 ut
958 1233 991 1255 V.
1012 1221 1069 1256 18.
1117 1229 1154 1254 et
1172 1221 1295 1256 ardua
1312 1219 1409 1254 Toll.
1453 1220 1592 1268 planta

61 1271 215 1305 nanc.-

234 1269 376 1316 (Medic.
398 1270 653 1315 Chaonieque3
685 1269 750 1303 sed
764 1280 841 1303 voc.
855 1269 983 1316 patris
1000 1267 1152 1313 requirit
1171 1264 1360 1313 epitheton
1372 1293 1383 1308 ‚
1405 1278 1521 1313 neque
1541 1267 1592 1303 ita

60 1317 156 1352 nude
172 1328 311 1362 ponere
326 1317 472 1351 licebat.
506 1316 585 1350 Erit
600 1324 717 1350 autem
734 1317 884 1350 fortasse
895 1342 905 1358 ‚
931 1314 990 1361 qui
1002 1341 1011 1358 ,
1036 1326 1141 1360 quum
1158 1327 1209 1349 vs.
1228 1327 1281 1360 sq.
1300 1314 1446 1349 verbum
1464 1316 1591 1349 nasei-

62 1372 128 1400 ων
143 1371 350 1410 repetatur,
381 1363 421 1398 id
445 1375 518 1398 non
540 1363 647 1397 aliter
661 1370 760 1398 recte
776 1363 857 1397 fieri
875 1374 983 1408 posse
1005 1361 1203 1405 existimet,
1227 1373 1331 1408 quam
1349 1360 1492 1395 adiecto
1514 1373 1591 1397 voc.

55 1411 218 1460 plantis,
236 1409 323 1447 binc
341 1411 393 1446 ita
410 1410 691 1445 constituendum
711 1423 789 1444 esse
807 1410 899 1444 hunc
913 1409 1047 1443 locum:
1075 1410 1299 1464 Chaoniique
1313 1409 1453 1456 patri-53
1470 1408 1592 1456 plan-

61 1460 112 1493 es's
126 1460 237 1493 etiam
255 1466 323 1494 eet.
370 1459 441 1493 Sed
460 1458 553 1492 bene
570 1457 679 1492 docet
693 1458 863 1501 Vossius,
885 1458 993 1491 nasci
1005 1468 1070 1502 per
1086 1468 1126 1490 se
1145 1456 1344 1502 siguificare
1362 1455 1469 1499 idem,
1494 1456 1592 1502 quod

55 1505 204 1554 plantis
219 1507 337 1541 nasci.
369 1508 426 1541 W
420 1505 466 1551 r.)

60 1599 104 1640 h.
128 1600 365 1641 caudicibus
381 1601 500 1640 sectis
529 1598 642 1656 (vide
659 1615 701 1642 v.
721 1600 797 1656 30)

60 1659 146 1698 sive
158 1659 277 1698 taleis
292 1659 481 1712 oleaginis
491 1657 548 1714 (v.
558 1660 659 1699 Cato
676 1658 746 1710 45,
759 1663 797 1702 1.

60 1717 193 1757 Varro
220 1717 251 1768 1,
280 1716 351 1768 40,
370 1716 411 1759 4.
440 1717 513 1757 ubi
541 1718 628 1758 vid.
648 1718 743 1757 Not.
764 1718 796 1758 Ι.

61 1774 251 1815 Schneid.
262 1776 420 1817 Colum.
437 1776 486 1826 V,
500 1778 541 1827 9,
556 1779 578 1818 1
591 1790 677 1829 sqq.
691 1776 794 1816 Plin.

59 1833 189 1884 XVII,
218 1836 287 1884 18,
316 1848 347 1873 ε.
374 1832 449 1889 29)
479 1834 525 1874 in
541 1840 694 1874 terram
721 1834 796 1873 de-

58 1890 171 1931 fixis:
200 1893 317 1942 vites,
336 1892 639 1945 propaginibus
654 1894 696 1932 in
713 1892 797 1933 hu-

59 1963 174 1989 mum
203 1949 384 1990 demissis
424 1948 493 2004 (v.
524 1949 600 2006 26)
617 1966 629 2003 ;
677 1953 799 2004 myrti

61 2014 199 2048 autem
215 2038 227 2059 ,
294 2008 443 2048 Veneri
491 2022 629 2048 sacrae
685 2007 795 2064 (vid.

59 2066 228 2106 Bentlei.
247 2066 301 2106 ad
310 2066 456 2106 Horat.
465 2066 502 2106 II
512 2067 643 2107 carm.
658 2070 678 2109 1
685 2068 725 2118 5,
735 2066 794 2122 5),

60 2125 190 2163 solido
218 2124 268 2163 de
292 2124 428 2164 robore
441 2155 452 2174 ,
495 2124 538 2164 h.
555 2131 705 2165 trunco
723 2139 795 2165 seu

61 2182 195 2236 sfipite
214 2188 288 2222 aut
306 2182 484 2223 vastiore
504 2197 619 2222 ramo
639 2183 694 2223 ad
713 2183 796 2237 pali

59 2240 230 2280 modum
258 2240 303 2279 in
331 2247 484 2280 terram
507 2241 670 2282 infosso.
699 2241 796 2282 vide

60 2312 101 2338 v.
121 2298 191 2341 24.
218 2299 289 2349 25,
318 2305 362 2338 et
385 2299 486 2338 Plin.
517 2300 645 2350 XVII,
680 2302 746 2350 17,
763 2314 794 2340 ε.

60 2359 131 2399 27.
169 2356 227 2396 At
257 2357 508 2396 surculorum
536 2358 796 2409 plantatione

62 2413 176 2469 (vide
201 2429 243 2455 v.
276 2417 345 2458 28.
377 2417 448 2465 29,
478 2421 519 2454 et
541 2416 643 2456 Plin.
666 2416 795 2467 XVII,

64 2475 138 2524 17,
164 2487 196 2513 s.
220 2471 307 2527 28)
355 2473 509 2527 optime
546 2474 798 2528 proveniunt

61 2532 221 2570 condus
240 2562 252 2582 ‚
311 2531 504 2580 fraxinus
527 2561 539 2581 ,
592 2534 793 2584 populus,

60 2588 231 2628 Herculi
258 2603 374 2628 sacra
418 2587 560 2644 (supra
595 2591 679 2630 Ecl.
710 2590 797 2642 VII,

63 2645 161 2701 61),
191 2654 233 2686 et
252 2662 436 2700 quercus,
468 2648 557 2687 Iovi
574 2648 797 2689 Dodonaeo

63 2711 294 2744 consecrata
303 2720 315 2757 3
319 2707 472 2758 palma
488 2706 609 2745 etiam
621 2713 663 2746 et
671 2706 795 2758 abies,

63 2763 323 2803 aedificandis
341 2764 514 2804 navibus
531 2771 640 2817 apta,
670 2761 794 2819 ἐλάτη

61 2818 398 2876 ναυπηγήσιμος,
437 2828 487 2861 ut
524 2822 793 2876 Theophrast.

61 2878 257 2918 H.Plant.
281 2879 330 2930 V,
344 2881 383 2921 8.
415 2877 661 2933 (Herculeae
677 2882 795 2921 arbos

62 2937 191 2976 umbr.
225 2952 306 2976 cor.
332 2936 591 2990 intelligenda
609 2934 792 2992 α’χερωὶς,

62 3009 184 3048 quam
205 2995 256 3035 ab
273 2992 506 3050 Acheronte
524 2997 667 3036 retulit
685 2997 793 3037 Her-

856 1599 987 1650 cules,
1017 1598 1163 1639 fronde
1182 1597 1268 1638 eius
1298 1598 1454 1638 arboris
1470 1612 1591 1639 coro-

855 1664 995 1709 natus3
1023 1656 1124 1696 hinc
1141 1657 1223 1697 viri
1244 1657 1372 1696 fortes
1393 1657 1592 1697 eiusmodi

855 1730 1007 1756 corona
1030 1729 1071 1754 se
1086 1715 1332 1765 redimiunt,
1361 1720 1412 1754 ut
1432 1716 1589 1756 Teucer

855 1788 918 1828 ap.
940 1775 1085 1814 Horat.
1104 1773 1183 1814 Od.
1202 1773 1232 1824 I,
1252 1776 1293 1823 7,
1317 1776 1386 1816 23.
1406 1773 1504 1813 item
1523 1774 1590 1815 iu-

853 1846 976 1872 venes
1022 1833 1066 1872 in
1108 1831 1325 1885 gymnasiis
1362 1837 1591 1884 certantes;

854 1891 939 1931 vid.
959 1891 1072 1930 Voss.
1091 1890 1145 1930 ad
1165 1890 1247 1929 Ecl.
1267 1889 1352 1939 VH,
1371 1892 1440 1932 61.
1488 1891 1591 1930 Pos-

852 1949 906 1988 sit
925 1949 1069 2002 aliquis
1090 1948 1212 1988 etiam
1229 1948 1279 1988 de
1300 1947 1488 1999 oleastro,
1507 1962 1590 1988 uu-

854 2007 905 2047 de
936 2020 1109 2046 coronae
1135 2005 1396 2060 Olympiacae
1419 2006 1585 2059 fiebant,

853 2066 905 2105 ab
934 2065 1111 2105 Hercule
1135 2065 1180 2103 in
1206 2064 1318 2104 Alfin
1352 2065 1590 2119 transplan-

851 2130 965 2174 tato,
1010 2123 1205 2176 cogitare3
1245 2122 1589 2175 quemadmodum

852 2182 1041 2224 Λατοῶα
1075 2180 1271 2232 στέφανοι
1319 2180 1371 2219 de
1407 2182 1589 2234 'aemio

851 2239 1048 2280 victoriae
1067 2238 1246 2278 Pindaro
1264 2238 1377 2278 Nem.
1403 2239 1477 2290 IX,
1492 2242 1588 2283 129.

854 2298 1061 2337 dicuntur.
1128 2296 1209 2336 Sed
1254 2296 1403 2336 diserte
1434 2297 1588 2337 Plinius

852 2356 904 2396 H.
916 2357 964 2396 N.
982 2355 1110 2406 XVII,
1122 2358 1189 2396 11.
1208 2354 1413 2408 plantis
1439 2356 1588 2395 nasci

854 2428 882 2468 p
900 2414 1093 2468 opulos
1131 2412 1200 2452 ait.
1242 2411 1364 2467 Wr.)
1388 2437 1446 2444 —-
1473 2414 1588 2454 Mar-

853 2473 966 2512 tinus
983 2472 1104 2511 fuisse
1121 2470 1196 2510 sibi
1207 2483 1259 2509 ex
1278 2471 1414 2511 amicis
1431 2478 1587 2523 narrat,

855 2531 926 2583 qui
957 2543 1174 2583 quercum,
1211 2529 1388 2583 palmam
1410 2536 1453 2569 et
1474 2530 1583 2569 abie-

853 2595 935 2628 tem
953 2589 1071 2628 aliter
1091 2600 1214 2639 quam
1231 2600 1284 2626 ex
1303 2588 1458 2627 satione
1477 2588 1587 2628 nasci

852 2653 1035 2700 negaret,
1077 2644 1215 2700 (negat
1254 2645 1377 2684 efiam
1412 2647 1586 2686 vossius.

859 2704 981 2760 Wr.)
1020 2704 1169 2757 quique
1207 2703 1308 2743 adeo
1342 2718 1435 2743 cum
1462 2718 1501 2745 v.
1529 2706 1597 2749 66,

851 2763 1092 2803 sententiam
1126 2761 1282 2813 claudi,
1329 2768 1371 2801 et
1408 2762 1452 2801 in
1488 2761 1585 2800 illis:

855 2822 1108 2875 Chaoniique
1134 2822 1271 2872 patn's
1304 2819 1479 2872 glandes
1507 2824 1582 2856 etc.

850 2883 999 2919 semine
1028 2877 1270 2930 subintelligi
1294 2878 1429 2917 vellet.
1495 2876 1585 2914 Hoc

850 2945 989 2977 tamen
1011 2937 1100 2976 fieri
1117 2936 1279 2987 nequit,
1310 2941 1351 2972 et
1372 2946 1585 2986 perperam

853 2996 1069 3036 dubitatur
1095 2993 1146 3033 de
1179 2993 1249 3032 illo
1277 2997 1463 3030 veterum
1491 3004 1582 3041 usu,

1189 3060 1303 3106 26*
