1768 3320
0 786 649 941 {P.;V1RGILII
724 828 1238 903 MARONIS
1320 833 1575 904 VITA

332 997 493 1067 PER
566 1017 844 1066 ANNos
917 1017 1276 1066 DIGESTA

326 1324 335 1338 ’
402 1346 464 1397 U.
497 1346 562 1399 c„
598 1348 744 1397 Varr.
783 1350 899 1398 684.
938 1347 1047 1398 Cat.
1086 1351 1202 1399 682.

0 1488 6 1498 ·
107 1465 180 1514 M.
217 1466 430 1518 Licinius
462 1466 680 1514 Crassus.
717 1465 802 1515 Cn.
834 1466 1095 1530 Pompeius
1121 1466 1344 1529 Magnus
1375 1466 1504 1514 Coss.

22 1547 27 1549 ’
303 1555 305 1557 ’
360 1560 369 1571 “
428 1576 543 1621 ante
573 1571 625 1620 C.
654 1571 717 1620 Ν.
753 1574 835 1622 70.
917 1572 1115 1634 Virgilii
1142 1573 1184 1620 1.

37 1684 145 1759 His
170 1720 292 1770 Coss„
331 1726 374 1759 et
401 1721 565 1772 quidem
595 1721 734 1762 Idibus
763 1720 1031 1772 Octobribus,
1069 1727 1216 1762 natum
1250 1734 1334 1759 esse
1363 1721 1574 1775 Virgilium

39 1779 217 1823 tradunt
243 1778 297 1818 ad
330 1792 462 1826 unum
491 1794 642 1821 omnes.
711 1776 981 1821 Consentiunt
1012 1786 1052 1818 et
1079 1780 1122 1819 in
1148 1779 1251 1829 hoc,
1294 1780 1452 1830 Audes,
1492 1781 1576 1833 agri

0 1829 7 1858 *'
39 1837 255 1877 Mantuani
274 1836 424 1888 vicum,
456 1838 491 1876 ei
510 1840 646 1878 natale
662 1841 794 1879 solum
812 1839 947 1878 fuisse.
1006 1839 1063 1876 De
1088 1845 1207 1891 patre
1225 1839 1391 1890 eiusque
1413 1839 1575 1877 nornine

41 1902 92 1935 ut
119 1902 162 1935 et
187 1895 239 1935 de
268 1901 400 1935 matre
428 1897 559 1936 multa
592 1898 800 1952 ineptiunt
830 1897 1102 1937 Grammatici.
1167 1898 1331 1936 Patrem
1363 1897 1576 1949 Virgilium

40 1954 273 2004 Massronem‘,
303 1960 477 1994 matrem
496 1956 665 2008 Maiam,
696 1957 817 1998 fuisse
836 1956 1018 1996 dubitari
1036 1955 1191 2007 nequit.
1241 1955 1397 1994 Nomen
1418 1962 1459 1995 et
1477 1956 1575 1995 Vir-

40 2013 157 2067 gilius
175 2017 218 2065 3²4:
237 2013 433 2066 Vergilius
450 2014 656 2055 scribitur.
717 2015 798 2055 Sed
813 2015 1027 2054 videamus
1050 2014 1101 2052 de
1125 2014 1303 2066 singulis.

0 2129 4 2138 .
158 2083 267 2122 Coss.
295 2081 486 2122 laudatos
511 2099 597 2124 non
620 2086 744 2125 modo
761 2085 1098 2124 Pseudodonatus
1117 2083 1267 2122 diserte
1283 2090 1503 2133 memorat,
1535 2090 1577 2122 et

0 2139 5 2147 “
41 2139 196 2180 Phocas
223 2154 265 2181 Υ.
288 2143 359 2185 20.
386 2145 458 2192 21,
509 2157 655 2182 verum
679 2145 801 2183 etiam
828 2144 1103 2195 Hieronymus
1131 2142 1175 2180 in
1209 2141 1398 2181 Chromc.
1430 2143 1575 2181 Euseb.

41 2212 83 2252 Ρ.
104 2200 184 2242 151
206 2204 249 2238 et
277 2198 391 2252 p.40
419 2198 499 2254 (ed.
527 2201 659 2257 1658)
695 2203 899 2254 Virgilius
928 2204 1057 2240 λίαν-ο
1091 2202 1135 2238 in
1160 2214 1305 2253 pago,
1338 2203 1411 2253 qui
1437 2201 1576 2240 Andes

42 2257 214 2307 dicitur,
252 2257 372 2297 haud
392 2260 543 2310 procul
568 2275 596 2298 a
622 2263 834 2309 Mantua,
884 2262 1086 2308 nascitur,
1128 2259 1325 2310 Pompeio
1357 2267 1395 2297 et
1431 2259 1531 2297 Cras
1516 2274 1576 2297 so

46 2315 155 2357 Coss.
191 2315 242 2355 cf.
262 2316 404 2369 Scalig.
424 2316 642 2357 Animadv.
659 2333 699 2372 p.
718 2322 803 2362 152
822 2318 861 2356 b.
921 2318 1024 2356 Nam
1043 2317 1198 2355 Graeca
1218 2317 1471 2370 respicienda
1494 2331 1579 2356 non

44 2379 161 2423 sunt,
199 2374 246 2413 in
263 2374 411 2426 quibus
437 2389 478 2428 p.
498 2378 584 2419 259
613 2377 799 2429 sequenti
827 2390 936 2415 anno
972 2375 1223 2428 adscriptum
1251 2382 1331 2414 est:
1372 2377 1578 2430 Βιργίλιος

44 2427 250 2486 ἐγενήθη·
280 2432 394 2484 quod
411 2433 522 2472 idem
549 2442 779 2487 sequuntur
797 2434 1028 2473 Chronicon
1046 2433 1236 2472 Paschale
1260 2448 1292 2473 s.
1316 2434 1427 2472 Fasti
1453 2434 1579 2472 Siculi

6 2522 16 2533 .
42 2503 131 2543 pag.
155 2488 251 2533 184.
282 2491 325 2530 C.
351 2491 506 2536 [datius
531 2493 662 2532 Fastis
682 2493 892 2533 consular.
918 2507 953 2532 a.
976 2493 1073 2535 685.
1133 2491 1258 2545 Apud
1286 2492 1460 2531 eundem
1478 2493 1578 2531 Hie-

43 2560 263 2601 ronymum
280 2544 333 2588 ad
353 2549 514 2603 Olymp.
537 2554 632 2602 177,
663 2553 721 2594 3
708 2567 743 2590 is
764 2566 895 2591 annus
909 2558 1021 2590 recte
1038 2550 1229 2590 refertur.
1261 2550 1440 2603 Phlegon
1457 2551 1578 2589 Tral—

3 2619 5 2621 ’
43 2605 204 2653 lignus
191 2621 238 2645 in
259 2608 567 2661 Olympicorum
595 2616 637 2649 et
657 2609 954 2649 Chionicorum
981 2609 1219 2648 collectione
1248 2609 1359 2661 apud
1385 2608 1580 2648 Photium

44 2663 237 2706 Biblioth.
253 2666 411 2716 XCVII,
440 2681 480 2720 p.
499 2670 599 2719 267,
619 2669 676 2712 25
704 2669 768 2708 ed.
785 2668 1042 2720 Rothomag„
1083 2667 1157 2706 ubi
1173 2667 1223 2706 de
1243 2667 1404 2720 Olymp.
1424 2670 1520 2716 177,
1552 2669 1578 2708 3

46 2721 118 2767 καὶ
149 2721 381 2793 ,Οὔιργίλιος
414 2722 601 2780 Μάρων,
642 2725 669 2768 ὅ
698 2724 897 2780 ποιητής,
928 2722 1138 2780 ἐγεννήθη
1164 2722 1316 2767 τούτου
1352 2728 1429 2767 τοῦ
1467 2725 1581 2772 ἔτους

48 2779 175 2828 εἴδοις
188 2775 462 2836 Ὀιτὼβρίαις.

163 2850 301 2891 Andes
326 2852 602 2905 Hieronymus
625 2854 653 2893 l.
680 2854 708 2893 1.
736 2861 779 2893 et
806 2855 991 2893 Donatus
1015 2853 1162 2905 aliique
1186 2859 1426 2893 memorant.
1486 2852 1580 2889 An.-

48 2906 145 2945 dino
176 2909 291 2957 sic-o,
332 2910 469 2962 inquit
494 2912 677 2962 Probus,
711 2915 787 2966 qui
812 2912 924 2951 abest
955 2927 983 2950 a
1002 2914 1188 2951 Mantua
1216 2913 1351 2949 millia
1375 2926 1407 2962 p
1411 2925 1475 2948 as
1523 2923 1579 2945 tm

50 2965 140 3003 III.
200 2965 310 3005 Situs
339 2967 463 3008 huius
488 2970 569 3009 vici
610 2971 792 3011 incertus
824 2977 896 3010 est
965 2970 1178 3009 Mantuani
1205 2976 1340 3008 tamen
1372 2981 1464 3006 eum
1496 2979 1580 3004 esse
