1768 3320
315 191 729 244 BUCOLICA
752 195 931 249 VECL.
968 197 1059 260 ΙΠ,
1097 201 1242 250 64-
1265 207 1333 254 74

1477 214 1572 261 113

15 327 18 387 J
59 333 109 370 11.
148 317 199 370 Ο
220 303 456 388 qnotieS,
496 326 550 367 et
569 334 706 385 quae
727 319 886 370 nobis
907 321 1118 372 Galatea
1138 322 1314 375 locuta
1336 334 1436 380 est!

59 388 275 438 Partem
294 386 550 455 aliquam,
586 389 756 451 venti,
796 389 979 441 divom
998 390 1240 443 referatis
1258 395 1326 445 ad
1346 399 1503 451 auris!

57 473 115 511 Μ.
152 456 297 523 Quid
318 455 558 525 prodest,
595 458 746 526 quod
764 477 855 511 me
879 461 993 528 ipse
1014 462 1194 512 animo
1218 480 1330 514 non
1353 471 1572 535 sperni5‚

127 613 210 661 73.
246 622 488 669 auom-M
510 624 669 659 vium
690 623 798 662 mv.

103 701 153 738 72
179 703 350 749 quotiens
365 703 470 736 codd.
490 701 583 737 Pier.
613 711 651 738 nt
681 703 786 746 alibi,
820 716 919 739 more
946 705 1077 751 prisco.

676 749 725 787 74
740 752 820 799 ipso
839 753 960 787 animo
980 752 1141 788 nonnulli
1158 754 1261 789 codd.
1274 761 1309 789 et
1325 754 1407 789 edd.
1429 758 1574 802 Amyn-

58 747 115 782 ed.
131 750 222 783 Veu.
234 746 339 791 1472,
356 757 395 784 ut
414 750 487 784 Ecl.
507 751 533 794 Ι,
549 751 607 787 57.

56 802 119 840 tae
133 794 194 830 alii
212 808 289 830 cum
307 797 414 831 Goth.
431 809 485 842 pr.

57 867 249 920 Cydoniis
267 866 467 922 (Quietem,
489 881 530 909 v.
552 868 606 907 ad
622 869 670 920 11,
701 868 790 925 51),

0 940 6 948 ·
59 925 176 965 melle
193 926 352 965 condiri
374 926 520 978 solitis,
551 927 677 980 accipi
691 934 790 981 pot-

57 989 133 1023 est.
190 983 298 1023 Mala
315 984 452 1034 cin-ea,
473 999 503 1025 s.
521 985 679 1024 medica
699 983 789 1039 (Ct-

55 1039 209 1097 tronen)
231 1072 243 1092 ,
291 1041 459 1094 intelligi
485 1057 570 1082 non
604 1050 788 1096 possunt,

56 1099 269 1151 quoniam,
307 1113 402 1139 cum
420 1113 466 1138 ea
491 1101 613 1140 arbor
633 1101 790 1141 Mediae

54 1158 223 1211 propria
253 1169 338 1198 esse
371 1158 531 1198 dicatur
547 1206 550 1209 ,
568 1158 710 1211 Georg.
739 1159 787 1210 H,

58 1217 156 1265 126,
182 1214 365 1255 nondum
382 1229 429 1253 ea
443 1217 632 1255 silvestri-s·
650 1217 788 1257 Italiae

55 1271 175 1311 arbor
208 1285 291 1312 esse
329 1273 479 1326 potuit.
545 1274 626 1325 Ea,
685 1288 788 1327 quae

56 1330 162 1369 Galli
199 1330 383 1383 Oranges
412 1332 640 1384 appellant,
670 1339 787 1372 vete-

53 1387 168 1427 ribus
191 1389 311 1442 plane
337 1389 473 1442 ignota
491 1390 616 1430 suere.
672 1391 787 1430 Mar—

54 1446 186 1496 tinus,
227 1446 297 1499 qui
314 1445 382 1486 hic
399 1447 622 1498 videndus,
654 1463 785 1500 poma

4 1515 10 1527 ·
54 1504 238 1555 Rmica,
289 1517 362 1544 seu
384 1514 567 1557 granata
579 1536 591 1555 ,
633 1507 785 1559 signifi-

55 1561 139 1600 cari
154 1575 239 1601 non
258 1568 409 1602 temere
425 1563 648 1603 contendit.
674 1562 784 1618 (Au—

52 1633 123 1658 rea
143 1620 259 1659 mala
276 1619 318 1659 h.
331 1621 359 1660 l.
383 1620 578 1660 videntur
597 1635 679 1660 esse
700 1636 784 1661 non

55 1675 133 1716 alia
148 1707 161 1728 ‚
199 1691 322 1730 quam
345 1679 538 1731 vulgaria.
598 1679 784 1719 Comme—

52 1741 268 1775 morantur
285 1736 449 1788 quidem
468 1751 591 1790 supra
617 1737 675 1788 Π,
715 1739 784 1781 50.

53 1792 246 1846 cydonia,
284 1793 357 1833 sed
381 1794 427 1840 in
448 1793 573 1837 Rorto
601 1809 784 1835 crescen—

51 1851 132 1903 tia3
158 1851 373 1891 Damoetas
399 1854 536 1902 {utun
563 1867 635 1893 sua
652 1854 784 1906 petie-

52 1914 121 1948 rat
138 1922 159 1947 e
179 1909 294 1949 silva.
350 1910 478 1950 Porro
497 1924 543 1949 ea
560 1911 664 1950 lect
676 1926 698 1950 a
719 1912 785 1951 di·-

52 1973 227 2019 cuntur3
247 1967 280 2007 i.
296 1970 330 2009 e;
349 1968 486 2022 selegit
501 1975 684 2021 matura3
711 1984 785 2023 cy-

53 2023 176 2064 donia
196 2031 333 2066 autem
351 2026 476 2080 magis
494 2033 663 2080 propter
681 2028 786 2067 odo-

53 2095 140 2121 rem
150 2113 162 2133 ‚
192 2097 314 2135 quam
330 2098 514 2137 saporem
531 2086 784 2126 amabantur.

52 2139 242 2191 Accedit,
280 2142 391 2193 quod
416 2143 589 2195 cydonia
610 2144 716 2182 mala
741 2145 784 2183 in

51 2197 339 2238 humilioribus
364 2207 590 2244 nascuntur
625 2202 782 2240 arbori-

50 2255 148 2308 bus3
174 2256 242 2295 ille
260 2270 359 2297 vero
379 2258 436 2297 ait
455 2259 618 2310 „Quod
625 2261 783 2311 potui,“

50 2327 136 2353 non
153 2314 236 2354 sine
253 2315 413 2367 labore;
436 2330 530 2355 nam
548 2316 630 2355 alta
644 2330 695 2356 ex
713 2331 781 2356 ar—

50 2371 149 2412 bore
174 2372 365 2426 decerpta
394 2381 529 2425 erant3
576 2375 687 2426 quod
712 2388 782 2414 re-

50 2430 225 2483 spondet
284 2445 307 2469 a
325 2445 346 2470 e
364 2445 387 2470 r
403 2431 418 2471 i
438 2432 453 2472 i
470 2447 489 2471 s
525 2433 781 2485 palumbibus

50 2488 171 2540 pullis
188 2519 200 2539 ,
226 2501 327 2540 quos
350 2489 563 2529 Damoetas
586 2491 781 2530 missurus

51 2551 140 2584 erat
166 2559 273 2586 suae.
331 2547 438 2586 Mala
468 2554 604 2587 autem
632 2549 782 2602 punica

50 2616 79 2656 p
94 2617 126 2643 u
142 2617 164 2642 r
180 2618 209 2658 p
225 2618 257 2644 u
273 2619 297 2644 1·
317 2618 338 2643 e
358 2619 382 2643 a
404 2605 574 2645 dicenda
599 2607 779 2657 fuissent,

51 2674 135 2700 non
150 2675 283 2702 aurea.
333 2663 513 2716 Denique
530 2665 714 2718 Propert.
731 2664 779 2715 Π,

52 2717 130 2767 34,
161 2722 229 2761 69.
264 2719 378 2760 hune
401 2722 538 2762 locum
564 2723 780 2775 respiciens

51 2775 283 2888 simpliciter
327 2779 434 2818 mala
480 2787 781 2820 commemorat.

109 2893 178 2932 72.
226 2891 366 2932 Certat
405 2908 498 2934 cum
533 2895 701 2934 Theocr.
729 2896 778 2945 V,

55 2950 138 2991 132
158 2970 216 2978 -
237 2950 330 2992 135.
396 2954 465 2994 73.
503 2954 669 2992 Partem
694 2954 778 2992 ali-

120 3029 327 3079 VIRGIL.
366 3030 506 3081 TOM.
544 3032 582 3081 Ι.

967 534 1209 597 Amynta,

1173 708 1219 743 73
1243 719 1359 742 auras
1384 708 1522 753 Menag.
1540 717 1574 743 et

847 885 973 924 quam
991 884 1030 911 n.
1047 884 1200 922 eorum,
1231 885 1332 923 quae
1346 872 1485 912 locuta
1501 880 1572 924 est,

848 943 871 967 ο
896 931 1005 967 venti
1017 959 1029 978 ‚
1078 935 1155 968 etc.
1223 929 1331 969 Vota
1356 931 1491 982 irrita,
1533 939 1574 971 et

846 985 973 1036 verba
996 1000 1043 1025 ac
1064 987 1279 1040 promissa,
1310 1002 1411 1040 quae
1436 989 1488 1028 ad
1507 990 1573 1029 ni-

845 1043 975 1083 hilum
999 1045 1207 1094 recidunt,
1248 1052 1348 1085 noto
1381 1046 1573 1099 loquendi

844 1115 980 1151 more,
1020 1103 1126 1142 serre
1157 1104 1269 1142 venti
1298 1103 1502 1145 dicuntur.
1531 1119 1571 1145 v.

845 1159 991 1199 Tibull.
1025 1161 1063 1211 Ι,
1094 1162 1142 1211 5,
1174 1161 1242 1204 35.
1279 1161 1355 1211 ΙΠ,
1392 1161 1470 1212 49,
1502 1166 1571 1213 96,

844 1218 907 1257 uti
936 1217 1115 1271 periuria
1144 1218 1365 1258 amantium
1394 1219 1501 1270 ib.1‚
1530 1220 1570 1272 4,

844 1278 914 1317 21.
952 1276 1027 1325 ΠΙ,
1058 1279 1105 1326 6,
1135 1276 1204 1318 50.
1261 1276 1345 1315 Iam
1363 1284 1504 1330 pastor
1520 1292 1572 1317 ex

845 1333 1030 1372 omnibus
1046 1333 1093 1372 iis
1110 1333 1258 1372 blande
1276 1334 1393 1374 dictis
1410 1350 1457 1374 ac
1470 1350 1571 1388 pro-

842 1391 970 1429 missis
996 1397 1155 1444 partem
1170 1392 1304 1430 saltim
1329 1400 1462 1432 ratam
1488 1407 1571 1432 esse

843 1454 884 1487 et
933 1454 1125 1488 eventum
1169 1448 1318 1488 habere
1361 1457 1570 1504 precatur:

843 1507 942 1545 dum
972 1506 1088 1546 addit
1125 1506 1262 1548 divom
1294 1509 1478 1559 ufir-atis
1512 1509 1572 1548 ad

840 1566 965 1602 auris.
998 1564 1568 1618 Variavit'TheocriteumVlI,

842 1624 897 1664 93
928 1617 978 1662 τά
995 1638 1076 1663 που
1092 1620 1161 1663 καὶ
1174 1620 1304 1672 Ζανός
1323 1623 1391 1665 ἐπὶ
1412 1621 1570 1679 θρόνον

840 1676 966 1734 ἤγαγε
994 1676 1124 1733 φάμα.
1193 1681 1450 1720 Burmannus
1477 1681 1568 1721 ideo

842 1751 934 1776 eum
970 1738 1075 1776 velle
1100 1738 1157 1776 ait
1183 1738 1237 1777 ad
1262 1738 1431 1778 deorum
1452 1753 1568 1779 aures

840 1795 1036 1848 promissa
1054 1790 1123 1834 illi
1135 1796 1358 1848 pervenire,
1383 1804 1433 1836 ut
1449 1798 1569 1851 puel—

840 1854 902 1892 lae
919 1853 1130 1906 perfidiam
1152 1853 1410 1894 ulciscantur.
1470 1853 1568 1909 (Ve-

839 1911 992 1950 rissime
1021 1911 1211 1951 Servius:
1265 1942 1290 1962 „
1311 1913 1373 1951 Ita
1410 1927 1568 1952 mecum

843 1969 960 2008 dulce
978 1969 1116 2008 locuta
1132 1975 1192 2008 est
1201 1970 1379 2020 Galatea,
1404 1978 1453 2009 ut
1468 1971 1567 2010 deo-

841 2041 934 2066 rum
954 2027 1098 2066 auditu
1117 2027 1201 2065 eius
1231 2028 1349 2080 digna
1371 2028 1453 2067 sint
1470 2042 1567 2068 ver-

842 2085 942 2124 ba.“
990 2085 1095 2123 Satis
1113 2085 1253 2124 mirari
1272 2099 1440 2138 nequeo,
1462 2100 1567 2138 quo-

841 2142 963 2182 modo
991 2143 1143 2182 factum
1167 2143 1240 2193 sit,
1279 2150 1328 2183 ut
1348 2144 1567 2184 doctissimi

840 2200 920 2240 viri
965 2201 1190 2240 locutiones
1231 2201 1352 2254 plane
1388 2201 1566 2241 diversas

838 2273 920 2297 non
939 2258 1219 2297 discreverint:
1247 2262 1357 2298 venti
1365 2260 1510 2311 ferant
1525 2266 1566 2298 et

838 2318 947 2355 venti
959 2317 1148 2369 reserant,
1179 2317 1415 2368 praesertim
1440 2331 1566 2369 quum

839 2374 1077 2413 adiunctum
1093 2374 1165 2412 sit:
1193 2374 1254 2412 acl
1264 2388 1396 2413 aures.
1449 2375 1566 2414 Iubet

837 2433 1051 2471 Damoetas
1096 2431 1249 2471 Ventos
1294 2439 1451 2485 partem
1490 2433 1564 2471 ali-

838 2504 979 2542 quam,
1014 2490 1041 2529 i.
1058 2503 1091 2528 e.
1109 2490 1313 2541 exiguam,
1343 2497 1393 2529 ut
1412 2490 1464 2528 ad
1481 2490 1563 2529 Ecl.

836 2548 895 2598 Π,
926 2550 994 2590 71.
1035 2547 1285 2597 notavimus,
1323 2548 1563 2600 particulam

836 2606 960 2658 igitur
986 2605 1158 2645 istorum
1195 2605 1564 2644 blandimentorum

838 2663 891 2702 ad
905 2664 1007 2702 Deos
1020 2663 1181 2712 referre,
1201 2663 1347 2716 quippe
1362 2663 1564 2701 sufficien-

836 2728 940 2771 tem,
970 2735 1072 2773 quae
1088 2722 1154 2760 vel
1170 2720 1346 2759 Deorum
1358 2751 1368 2770 ,
1411 2721 1455 2758 in
1471 2720 1563 2772 qui-

835 2780 913 2818 bus
933 2785 982 2818 ut
1006 2779 1136 2818 omnia
1156 2791 1327 2828 summa,
1356 2778 1414 2816 ita
1444 2778 1562 2816 etiam

835 2837 984 2876 harum
998 2850 1138 2877 rerum
1161 2849 1299 2874 sensus
1322 2833 1561 2888 perfectissi-

835 2908 947 2945 111118,
978 2894 1131 2933 animos
1155 2892 1465 2932 cumulatissima
1482 2891 1560 2928 im-

834 2953 945 3006 pleat
984 2952 1208 3004 voluptate.
1282 2951 1333 2988 Et
1378 2948 1441 2987 cui
1479 2959 1560 2985 non

1250 3029 1285 3074 8

1591 1951 1608 1986 ,Ι
