1768 3320
436 678 1226 731 ECLOGAX

670 803 936 846 GALLUS
962 800 1005 861 *)

564 914 1105 956 ARGUMENTUM

73 1003 130 1064 G.
153 1018 360 1068 Comum
386 1019 559 1071 Gallus,
591 1019 643 1060 de
665 1034 747 1074 quo
776 1034 901 1075 supra
922 1019 977 1059 aa
1002 1018 1086 1058 Ect
1108 1017 1177 1068 vt,
1205 1020 1262 1060 72
1282 1016 1401 1068 vide,
1433 1016 1605 1056 amicam

69 1087 312 1141 Lycoridem
329 1087 496 1139 habuit,
538 1103 662 1142 quam
689 1090 811 1130 etiam
830 1089 947 1142 elegis
972 1088 1214 1137 celebravit,
1245 1100 1362 1140 saepe
1382 1101 1406 1125 a
1425 1087 1603 1141 Proper-

69 1146 150 1197 tio,
190 1146 361 1197 ovidio,
400 1147 607 1198 Martiale,
649 1149 815 1201 aliisque
845 1147 1043 1198 laudatis:
1084 1117 1249 1186 Serviils
1275 1146 1377 1185 adeo
1407 1145 1462 1184 ad
1487 1159 1549 1185 vs.
1577 1148 1597 1187 1

68 1203 192 1244 liuius
207 1205 377 1258 Eclogae
393 1212 436 1245 et
453 1206 636 1246 Donatus
653 1208 750 1246 Vita
766 1205 810 1260 §.
823 1209 878 1249 38
897 1206 1035 1245 libros
1042 1205 1126 1244 eius
1140 1211 1319 1257 quatuor
1336 1204 1458 1244 fuisse
1475 1196 1603 1243 Amo-

67 1276 165 1303 rum
192 1270 445 1314 memorant,
485 1265 561 1304 sub
590 1265 799 1318 Lycoridis
829 1265 993 1304 nomine
1024 1264 1166 1302 editos.
1208 1263 1258 1301 cs.
1289 1263 1484 1315 Pompon.
1510 1262 1603 1301 Sab.

68 1321 108 1360 Is
130 1335 154 1359 a
168 1321 327 1375 perfida
350 1323 478 1362 amica
499 1323 706 1374 desertus,
736 1338 882 1376 magno
912 1323 1053 1361 dolore
1075 1335 1314 1375 oppressus,
1344 1322 1387 1360 in
1410 1320 1491 1359 hoc
1509 1334 1603 1359 car-

67 1380 176 1419 mine
197 1386 408 1432 tamquam
432 1387 574 1434 pastor
605 1382 786 1434 aliquis*
774 1396 820 1420 ιιι
848 1381 1046 1420 Arcadiae
1064 1380 1274 1419 montibus
1297 1392 1345 1417 ac
1364 1379 1496 1428 silvis,
1528 1378 1602 1417 sub

69 1444 191 1477 antro
227 1438 363 1490 aliquo
392 1440 620 1492 proiectuS‚
662 1454 820 1479 amores
851 1453 946 1479 suos
980 1439 1128 1478 deflere
1154 1437 1335 1490 fingitur.
1402 1437 1603 1489 Obiurgat

67 1502 190 1549 poeta
225 1497 397 1548 Naidas,
430 1498 543 1549 quod
568 1499 674 1537 solae
697 1513 782 1537 non
813 1497 1022 1537 adfuerint
1051 1496 1166 1536 Gallo
1193 1495 1341 1535 amoris
1371 1495 1480 1535 curis
1500 1509 1603 1534 con-

67 1555 175 1594 fecto
197 1556 224 1597 8
239 1578 291 1584 —
307 1558 383 1598 12:
414 1569 506 1595 cum
531 1563 668 1596 tamen
689 1557 839 1596 amoris
865 1563 907 1595 et
926 1555 1196 1595 miserationis
1222 1554 1410 1593 affectum
1430 1559 1602 1592 testatae

68 1612 105 1652 ei
128 1613 210 1652 sint
232 1613 341 1667 ipsae
367 1614 612 1654 inanimatae
628 1629 715 1665 res,
746 1616 912 1655 arbores
943 1621 985 1653 et
1003 1628 1100 1653 saxa
1114 1644 1125 1663 ‚
1157 1616 1280 1655 13—
1294 1614 1368 1655 15:
1398 1618 1488 1651 tum
1508 1625 1602 1664 gre-

66 1684 134 1724 ges
157 1685 249 1710 cum
275 1672 507 1725 pastoribus
531 1676 733 1716 16—20.
792 1673 1013 1713 Miserandi
1039 1679 1080 1711 et
1099 1670 1337 1711 consolandi
1358 1684 1499 1709 caussa
1529 1684 1602 1709 ac-

68 1742 221 1768 cessere
234 1730 310 1783 ipsi
337 1730 415 1769 dii:
444 1731 591 1784 Apollo
609 1734 661 1773 21
682 1755 741 1761 ——-
758 1735 833 1782 235
863 1732 1052 1770 Silvanus
1071 1730 1139 1772 24.
1163 1731 1239 1779 253
1274 1729 1360 1767 Pan
1378 1731 1436 1771 26
1454 1751 1514 1758 -
1531 1731 1601 1771 30.

67 1788 174 1827 Tum
192 1788 350 1839 Gallus,
377 1789 422 1827 in
438 1789 617 1828 lamenta
639 1796 682 1828 et
707 1797 874 1842 questus
898 1803 1132 1842 erumpens,
1170 1801 1285 1826 suam
1301 1793 1454 1826 sortem
1475 1793 1517 1825 et
1532 1787 1602 1825 in-

66 1847 247 1886 faustum
270 1861 451 1886 amorem
472 1848 762 1900 conqueritur;
793 1848 913 1886 malle
933 1862 975 1887 se
994 1847 1170 1901 pastoris
1191 1846 1320 1885 vitam
1343 1859 1459 1898 agere
1478 1847 1530 1887 31
1543 1867 1602 1875 -

66 1904 138 1946 48.
174 1905 293 1944 Nunc
319 1906 365 1944 in
388 1907 532 1945 castris
549 1907 703 1946 versari
725 1907 893 1946 amicam
911 1906 955 1945 in
976 1906 1126 1945 Gallias
1145 1905 1372 1958 profectam
1396 1902 1599 1946 44—-49,

66 1962 241 2002 Videtur
262 1970 399 2003 tamen
411 1965 476 2003 vel
489 1966 547 2004 sic
565 1965 639 2004 sibi
655 1972 822 2018 repente
834 1965 874 2004 in
892 1979 964 2004 rus
984 1965 1173 2018 migrasse
1192 1970 1235 2002 et
1252 1963 1338 2001 aliis
1358 1962 1465 2001 curis
1485 1976 1600 2000 amo-

66 2021 125 2061 ris
152 2027 361 2062 tormenta
388 2023 526 2062 levare
557 2026 766 2075 50—-613
805 2024 878 2062 sed
901 2024 1168 2062 amoris-mox
1191 2021 1449 2074 impatientia
1466 2021 1600 2060 victus

65 2079 180 2118 nulla
205 2079 301 2119 inde
319 2081 463 2120 solatia
482 2088 671 2135 expectat
692 2085 813 2124 62—
826 2085 894 2125 69.
956 2081 1239 2120 Praemittitur
1263 2079 1479 2118 exordium
1498 2091 1600 2132 poe-

65 2144 158 2187 tae,
197 2152 290 2178 eum
320 2140 499 2192 epilogo,
543 2154 623 2192 quo
651 2140 894 2192 singularem
923 2140 1028 2179 Galli
1063 2152 1242 2178 amorem
1267 2144 1466 2177 testatum
1489 2137 1599 2176 facit.

66 2195 201 2235 Habet
216 2196 297 2236 hoe
314 2211 477 2236 carmen
495 2198 640 2237 miram
652 2205 781 2237 artem
800 2212 848 2237 ac
864 2199 1127 2249 suavitatem3
1144 2197 1323 2250 primum
1339 2197 1384 2235 in
1405 2210 1466 2247 eo,
1488 2195 1601 2248 quod

29 2261 34 2265 “
67 2254 220 2305 omnia,
262 2255 316 2294 ad
341 2256 538 2295 maiorem
564 2257 670 2295 Galli
691 2256 951 2308 dignitatem,
982 2271 1066 2296 non
1093 2256 1217 2295 modo
1238 2256 1292 2294 ad
1312 2255 1442 2294 vitam
1457 2261 1599 2308 pasto-

65 2313 226 2363 ritim,
257 2314 329 2352 sed
344 2314 397 2353 ad
415 2321 601 2368 tempora
618 2314 805 2365 heroica,
835 2315 878 2354 iu
898 2315 1044 2367 quibus
1063 2314 1247 2367 permisti
1274 2313 1517 2352 mortalibus
1540 2312 1599 2351 dii

43 2371 276 2422 *viverent,
308 2373 439 2411 relata
466 2379 508 2412 et
534 2387 585 2412 ex
613 2373 794 2413 sensibus
814 2380 855 2412 et
871 2373 1128 2426 opinionibus
1147 2373 1323 2411 istorum
1342 2372 1599 2413 saeculorum

66 2430 310 2470 adumbrata
333 2438 451 2482 sunt;
481 2445 606 2483 quare
627 2433 748 2471 etiam
762 2430 868 2471 ferre
889 2432 1093 2482 debemus,
1124 2431 1277 2483 siquae
1295 2431 1434 2483 paullo
1454 2430 1599 2469 altiore

67 2503 115 2528 ac
129 2490 314 2542 graviore
331 2490 476 2543 spiritu
494 2489 562 2529 hic
582 2490 693 2530 dicta
711 2491 980 2542 reperiamus,
970 2506 978 2512 ·
1011 2490 1159 2529 deinde
1176 2503 1276 2529 vero
1302 2489 1495 2541 quoniam
1517 2488 1598 2526 im-

64 2548 246 2601 potentis
260 2554 302 2586 et
326 2549 454 2601 spreti
484 2549 632 2588 amoris
650 2555 783 2587 aestus
803 2549 870 2587 ille
894 2563 941 2587 ac
959 2549 1098 2598 furor,
1128 2548 1170 2586 in
1192 2560 1330 2587 omnes
1347 2554 1485 2600 partes
1507 2547 1597 2586 ani-

65 2619 179 2645 mum
196 2606 378 2659 rapiens,
408 2607 540 2659 ipsum
568 2607 736 2660 legentis
758 2607 940 2647 animum
961 2620 1216 2646 commovere
1231 2606 1421 2656 videtur;
1451 2620 1598 2658 quam-

68 2677 191 2715 quam
205 2663 312 2703 hac·
300 2679 345 2703 ιιι
372 2671 491 2718 parte
514 2665 723 2705 Theocriti
738 2666 914 2718 vestigiis
938 2665 1112 2713 institit,
1143 2665 1308 2718 1dyll.l‚
1330 2664 1461 2714 unde,
1494 2677 1597 2716 quae

68 2721 121 2760 de
144 2721 357 2775 Daphnide
382 2723 494 2762 dicta
523 2730 662 2775 erant,
699 2724 744 2763 in
776 2698 938 2763 Gallum
954 2709 1190 2773 transtulit,
1220 2729 1269 2761 ut
1284 2695 1416 2762 multa
1432 2729 1597 2761 tantum

67 2779 203 2818 latinis
231 2781 367 2820 verbis
395 2781 644 2833 reddiderit,
682 2782 727 2821 in
750 2781 838 2821 aliis
866 2788 1004 2822 autem
1030 2796 1124 2821 cum
1154 2795 1202 2820 eo
1224 2781 1464 2832 certaverit5
1500 2780 1596 2819 uni-

115 2892 145 2937 *)
173 2895 391 2939 Conquestio
412 2907 493 2929 cum
515 2895 656 2930 Gallo'
644 2907 684 2929 m
707 2895 801 2930 scri-
857 2908 943 2942 pon.
958 2896 1061 2937 Sab.;
1084 2896 1181 2942 quod
1196 2907 1269 2929 non
1287 2906 1465 2940 assequor,
1482 2905 1595 2939 quor-

67 2939 140 2986 ptis
153 2939 341 2974 nonnullis.
354 2944 585 2996 Conquestio
597 2955 677 2976 cum
689 2943 801 2977 Gallo
858 2956 935 2977 sum
958 2943 1090 2977 dictum
1111 2943 1168 2976 sit.
1217 2945 1336 2976 Poeta
1360 2942 1410 2974 ad
1431 2941 1593 2974 Gallum.

62 2995 181 3042 poeta
207 2986 254 3020 de
275 2988 380 3033 agris
400 2988 550 3031 Medic.;
585 2995 623 3022 et
648 2989 700 3023 sie
722 2990 801 3023 fere
859 2994 916 3024 De
941 3003 1066 3024 amore
1091 2990 1196 3023 Galli
1217 2988 1423 3023 consolatio
1442 2987 1592 3022 Gudian.

69 3045 106 3068 ιιι
137 3045 199 3067 sex
227 3041 406 3078 septemve
430 3035 531 3077 aliis3
564 3035 670 3070 etiam
690 3037 801 3070 Pom-
860 3037 930 3071 vid.
947 3038 1132 3071 Burmann.
1154 3036 1200 3070 ad
1217 3035 1253 3069 h.
1273 3035 1296 3068 l.
