1768 3320
356 213 761 285 Buconch
795 214 958 264 ECL.
995 215 1109 279 vn,
1149 221 1299 269 1—6

1486 226 1587 275 ‘189

71 308 288 407 Tliyrsis
306 356 463 406 ἴονέε,
502 339 760 404 Corydon
781 338 1036 389 distentas
1061 339 1197 390 lacte
1221 343 1463 408 capellaS,

68 411 246 462 Ambo
266 404 524 460 flerentes
546 409 802 460 aetatibus
814 450 828 473 ,

862 409 1096 459 Arcades
1118 410 1297 476 amb0‚

65 483 136 532 Et
155 489 366 531 cantare
389 496 573 547 pare3‚
612 488 666 529 et
683 479 1020 546 respondere
1043 481 1224 546 parati.
1553 488 1586 536 5

25 586 32 604 ;
65 552 185 600 Huc
202 549 364 615 mihi,
402 549 532 600 dum
555 559 767 600 teneras
792 548 1034 600 defendo
1057 567 1085 599 a
1106 548 1307 615 frigore
1332 561 1550 618 myrtOS‚

67 647 71 654 ⁴
137 649 183 696 3.
221 657 505 704 aarum&

64 773 216 808 gregem
242 760 335 795 alter
359 761 528 796 Bottend.
560 773 635 795 eum
665 760 774 794 Pierii
802 768 871 795 aut.
900 760 979 794 cozl.

1083 761 1142 806 (—
1165 762 1200 797 3.
1225 763 1305 796 ovis
1323 763 1451 799 Medic.
1488 766 1584 819 Wr.)

63 809 89 845 5
119 816 264 842 certate
284 821 402 856 pares
427 809 529 842 Leid.
584 816 624 841 et
656 808 883 856 respondere
905 809 1024 855 periti
1046 808 1137 842 coni.
1165 810 1216 842 Io.
1244 809 1449 852 Schrader.‚
1484 819 1523 845 ut
1548 824 1586 846 ln

65 854 220 890 Theocr.
254 853 372 900 ἄμφω
394 856 570 902 συρίσδεν
590 855 834 900 δεδαημένοι,
859 851 984 899 Ηᾶμφω
1009 852 1146 891 ἅείδεν.
1194 855 1337 893 Scilicet
1355 865 1389 891 et
1405 858 1475 892 hoc
1492 859 1585 893 bene

63 901 233 947 scriptum
254 909 366 944 esoet3
399 903 464 937 sed
490 910 598 948 poeta
624 902 748 936 maluit
769 902 927 936 alterum.
962 902 1099 948 (melius
1112 905 1263 950 parati,
1297 905 1392 949 quod
1412 913 1585 949 promtam

62 948 266 984 facultatem
289 949 471 995 exprimit.
527 949 716 985 Wunderl.
747 949 792 983 ad
819 961 870 982 vs.
902 950 960 985 69.
994 950 1083 983 haec
1112 949 1252 984 scribit:
1286 951 1479 992 „Ceterum
1507 965 1584 987 cum

63 995 215 1042 Thynia
234 996 345 1035 vienus
361 997 618 1042 pronuntietur,
637 997 748 1038 vides,
773 1008 835 1030 cur
854 1007 960 1041 supra
979 1009 1011 1029 v.
1029 998 1064 1033 5.
1089 996 1203 1037 ambo,
1220 998 1387 1043 Corydon
1406 1006 1443 1034 et
1459 1000 1584 1045 Thyr-

62 1042 131 1085 sis,
154 1043 380 1091 respondere
395 1046 527 1092 parati
542 1043 717 1086 dicantur,
741 1055 813 1077 non
832 1044 1055 1097 respondere
1066 1046 1192 1091 periti.
1202 1047 1223 1063 “
1261 1045 1357 1088 Wr.)

1453 1048 1585 1083 6Huc

62 1090 149 1125 naha
170 1091 350 1126 revocavit
364 1091 500 1134 num„
535 1097 574 1124 ut
592 1091 628 1124 in
647 1091 776 1125 Medic.
799 1096 837 1124 et
858 1090 937 1123 aliis
958 1099 1108 1136 antiquis
1126 1091 1247 1133 libris,
1278 1092 1319 1126 it.
1344 1093 1453 1127 Goth.
1474 1106 1543 1128 sec.
1562 1107 1584 1128 a

61 1149 109 1173 m.
133 1149 188 1182 pr.
236 1138 417 1218 Hiffulu
431 1144 508 1172 erat
525 1137 562 1171 in
580 1138 660 1172 Ald.
681 1134 741 1182 pr.
767 1145 802 1171 et
827 1136 908 1171 hinc
935 1137 1145 1182 descriptis,
1179 1140 1263 1172 Huc
1279 1151 1301 1172 a
1323 1140 1502 1184 Naugerio
1520 1153 1583 1174 re·-

63 1191 292 1238 chmquu
360 1184 489 1219 iterum
506 1185 655 1219 eiectum
676 1185 713 1218 in
724 1184 983 1219 Pulmannianis
1003 1191 1039 1218 et
1056 1184 1136 1219 aliis
1154 1184 1235 1219 hinc
1253 1198 1319 1231 per
1337 1187 1494 1232 Belgium
1511 1188 1583 1221 du·-

62 1238 139 1266 cm.

61 1286 126 1313 tus
143 1290 168 1323 p

280 1238 441 1277 pretatur
456 1240 573 1266 tamen
593 1234 666 1266 Hic
683 1232 834 1266 Servius.
868 1239 1018 1266 teneros
1038 1233 1142 1266 Voss.
1175 1241 1319 1277 myrtus
1339 1235 1430 1268 Gud.
1464 1236 1582 1280 (myr—

231 1289 352 1318 mum.
369 1278 568 1315 editurae.
586 1281 629 1321 11,
653 1278 731 1320 64.;
764 1278 814 1312 sic
839 1277 891 1311 ibi
921 1286 955 1312 et
978 1279 1107 1312 Medic.
1137 1286 1171 1313 et
1188 1278 1286 1324 Lips.
1309 1281 1408 1323 ObL,
1443 1288 1480 1315 et
1501 1285 1582 1315 for-

60 1332 155 1362 tasse
181 1331 291 1360 enam
308 1326 441 1368 ‘'ceteri;
474 1326 544 1369 sed
565 1328 627 1360 Ge.
648 1327 716 1367 TV,
746 1325 825 1362 124.
873 1333 1013 1370 myrtos
1036 1325 1073 1358 in
1103 1326 1275 1360 omnibus.
1320 1329 1443 1374 Itaque
1471 1328 1581 1363 nolim

59 1378 196 1406 temere
222 1362 298 1418 pud1
300 1368 418 1415 ‘certo
448 1372 582 1419 aliquid
600 1372 786 1407 affirmare.
825 1372 919 1416 Wr.)
956 1373 1048 1406 conf.
1067 1374 1152 1407 Not.
1200 1374 1285 1408 Cum
1300 1372 1451 1421 frigus,
1484 1375 1581 1421 quod

58 1485 204 1533 poetae
229 1480 388 1533 pan-ius
423 1493 517 1533 ager
545 1480 684 1520 notior
709 1491 793 1519 ense

61 1538 215 1588 debuit,
234 1551 358 1590 quam
373 1543 421 1577 ut
436 1539 479 1577 in
497 1537 578 1577 hoc
593 1541 791 1591 peccam.

59 1596 165 1636 Male
199 1602 336 1635 autem
368 1595 437 1635 hie
462 1597 661 1648 Daphnis
690 1611 792 1636 con-

59 1653 247 1695 funditur
263 1667 356 1694 cum
375 1654 503 1692 altero
527 1654 618 1705 ill0‚.
635 1654 793 1707 mythi-

59 1725 121 1762 co,
148 1711 232 1751 Ecl.
250 1712 300 1751 V.
358 1711 399 1754 4.
417 1713 611 1763 florentes
641 1714 791 1751 aetati-

58 1769 151 1820 bus,
179 1775 230 1810 ut
254 1775 377 1823 poeta
401 1769 529 1820 dixit,
563 1771 682 1809 ambo
707 1770 789 1810 sso-

31 1827 38 1835 '
57 1833 173 1868 rente
192 1834 335 1867 aetate.
384 1827 424 1871 5.
454 1829 511 1866 Et
525 1837 688 1867 cantare
699 1842 790 1880 pa-

56 1900 119 1925 res
129 1915 141 1935 ,
166 1885 209 1926 h,
225 1899 343 1939 pares
359 1885 564 1925 cantando
575 1916 586 1936 ‚
611 1893 653 1925 et
670 1892 788 1925 uter-

57 1957 137 1995 que
150 1944 363 1983 amoebaeo
375 1944 552 1983 carmine
562 1948 788 1997 praestans:

55 2000 138 2041 hoc
151 2002 348 2057 expressit
362 2010 535 2054 paratu-s
553 2002 607 2041 ad
622 2017 789 2054 respon-

56 2059 232 2099 dendwn
243 2090 255 2110 ‚
289 2060 401 2112 quod
415 2060 460 2099 in
478 2073 525 2099 eo
542 2074 686 2113 genere
707 2061 788 2100 dif-

56 2117 279 2158 ficillimum
308 2124 380 2157 est.
437 2118 592 2158 Nemes.
623 2119 707 2158 Ecl.
736 2119 786 2169 H,

60 2178 115 2218 16
146 2176 264 2214 αηιῦο
293 2190 393 2215 aevo
421 2184 621 2228 cantuque
643 2191 782 2228 pares.

57 2233 212 2272 Similes
242 2232 342 2272 adeo
368 2233 417 2282 ii,
448 2234 517 2285 qui
542 2248 652 2273 nunc
677 2235 788 2273 Italis

56 2292 364 2343 Improvisalori
399 2290 605 2331 dicuntur.
663 2292 789 2341 Quod

55 2362 154 2388 vero
168 2350 351 2388 Made-s·
373 2349 491 2388 ambo
505 2356 621 2400 sunt,
650 2350 696 2389 id
714 2364 788 2403 per

56 2419 97 2445 se
133 2408 307 2447 otiosum
344 2421 429 2446 non
463 2414 584 2457 esset,
627 2422 719 2447 cum
750 2409 784 2447 is

54 2466 228 2518 populus
247 2466 395 2505 musica
416 2465 589 2504 maxime
606 2466 785 2505 delecta-

53 2529 191 2574 retur;
227 2524 315 2576 ipsa
341 2524 462 2562 etiam
497 2524 630 2576 legum
663 2524 786 2563 ‹lisci-

53 2581 185 2633 plina,
225 2581 278 2620 ad
308 2581 546 2620 muniendos
573 2581 785 2622 hominum

55 2639 175 2678 nullis
197 2639 368 2678 urbibus
392 2638 665 2679 habitantium
693 2655 784 2679 mo—

54 2709 118 2734 res
129 2725 140 2745 ,
170 2710 217 2735 ea
234 2703 322 2736 arte
338 2697 630 2737 erudiebantur
646 2699 783 2751 pueri3

55 2760 172 2792 erant
184 2755 319 2807 itaque
332 2755 439 2794 inter
459 2769 524 2794 eos
541 2756 689 2809 plures,
714 2757 784 2809 qui

53 2811 97 2849 in
117 2824 162 2849 ea
179 2812 432 2851 excellerent.
473 2814 544 2852 Est
562 2820 699 2853 tamen
721 2816 783 2854 al-

53 2875 142 2907 tera
160 2883 213 2908 ex
229 2876 368 2923 parte,
396 2871 507 2922 quod
519 2886 664 2924 parum
682 2887 781 2911 con-

51 2927 192 2966 venire
206 2927 383 2977 videtur,
399 2941 490 2966 oum
501 2929 544 2967 in
560 2943 653 2982 agro
663 2931 782 2969 Man-

52 2990 179 3023 tuano
208 2998 249 3024 v.
278 2988 344 3028 12.
377 2987 429 3027 13
456 2986 515 3025 illi
544 3001 680 3040 greges
704 3002 781 3041 pa-

850 1492 959 1518 scere
981 1479 1182 1520 dicantur.
1233 1479 1490 1521 Alterutrum
1503 1482 1580 1535 igi-

847 1543 921 1576 tur
940 1551 990 1576 ne
1006 1544 1267 1589 memoraret,
1296 1545 1418 1592 poeta
1437 1553 1580 1580 cavere

849 1594 1032 1635 debebat.
1094 1594 1248 1650 (Potius
1264 1597 1324 1637 ita
1342 1598 1579 1637 existiman-

849 1653 966 1692 dum:
989 1654 1116 1693 latere
1131 1669 1216 1704 neS,
1235 1669 1337 1707 quae
1354 1656 1477 1695 fuerit
1494 1657 1578 1696 eius

846 1711 904 1750 rei
923 1712 1041 1751 ratio.
1070 1712 1248 1751 Arcades
1267 1714 1373 1752 servi
1389 1720 1483 1766 post
1504 1714 1579 1753 de-

845 1768 969 1808 letam
997 1770 1237 1810 Corinthum
1256 1771 1299 1810 in
1320 1771 1477 1810 Italiam
1502 1785 1578 1811 ve-

844 1827 949 1866 nisse
975 1828 1170 1868 videntur
1193 1829 1355 1879 Vossio;
1384 1829 1486 1868 nihil
1501 1844 1577 1869 au-

844 1892 928 1924 tem
955 1886 1147 1939 impedit,
1186 1886 1284 1938 quin
1314 1887 1365 1925 ab
1391 1888 1469 1927 illis
1502 1887 1577 1927 hos

842 1949 1024 1996 pastores
1041 1951 1153 1983 ortos
1169 1951 1369 1997 putemus.
1404 1947 1476 1986 W
1468 1945 1517 2001 r.)

903 2005 942 2044 6.
971 2002 1142 2054 defendo
1160 2018 1189 2041 a
1197 2002 1375 2055 frigore,
1400 2003 1575 2055 vindico,

841 2059 1015 2112 tegendo
1039 2074 1104 2099 eas
1128 2061 1334 2111 stramine,
1363 2063 1575 2102 sarmentis

845 2123 934 2167 etc.‚
963 2131 1015 2156 ne
1030 2119 1177 2170 frigore
1190 2125 1378 2158 urantur.
1409 2120 1491 2166 Sed
1508 2119 1576 2159 hic

845 2188 891 2213 ea
929 2175 1144 2215 difficultas
1181 2176 1262 2215 iam
1300 2177 1475 2229 antiquis
1517 2176 1574 2232 (v.

845 2232 976 2288 Serv.)
997 2234 1276 2274 animadversa
1296 2236 1440 2285 oritur,
1462 2235 1575 2287 quod

843 2291 996 2330 aestivo
1014 2298 1196 2345 tempore
1214 2299 1305 2332 tota
1322 2292 1444 2332 huius
1453 2294 1574 2333 Eclo-

842 2363 913 2402 gae
930 2363 994 2388 res
1013 2350 1074 2402 agi
1090 2351 1294 2400 videatur,
1322 2351 1366 2390 in
1386 2365 1479 2403 quo,
1506 2352 1574 2390 in-

842 2407 982 2460 primis
1014 2409 1200 2447 clementi
1225 2409 1365 2448 Italiae
1390 2410 1518 2459 caelo,
1549 2423 1573 2448 a

838 2466 985 2517 frigore
1011 2466 1147 2505 nullus
1168 2473 1301 2506 metus
1326 2481 1408 2506 esse
1425 2474 1572 2520 potest.

841 2523 1145 2563 Descenderunt
1165 2525 1265 2564 adeo
1284 2525 1364 2564 viri
1391 2525 1501 2564 docti
1519 2525 1573 2564 ad

841 2582 1183 2621 emendationem:
1218 2583 1303 2622 vid.
1336 2583 1430 2623 var.
1462 2584 1570 2622 Lect.

841 2640 1056 2679 Enimvero
1078 2641 1139 2692 agi
1154 2640 1222 2679 hic
1248 2641 1298 2679 de
1324 2655 1443 2680 verno
1469 2649 1569 2679 tem-

834 2712 958 2749 pore,
997 2704 1048 2737 ut
1074 2705 1318 2748 statuamus,
1359 2705 1401 2737 et
1429 2698 1570 2736 umbra

841 2771 1006 2808 quereus
1017 2762 1058 2794 et
1069 2757 1278 2795 arundinis
1288 2765 1443 2795 tenerae
1454 2769 1569 2794 men-

839 2813 897 2852 tio
907 2844 918 2863 ,
950 2820 991 2852 et
1009 2829 1138 2865 apum
1157 2829 1341 2853 susurru-s·
1357 2812 1567 2867 permittit,

838 2871 1002 2923 depulsi
1017 2885 1115 2911 vero
1133 2887 1156 2910 a
1175 2873 1280 2911 lacte
1304 2874 1408 2923 agni
1424 2877 1464 2908 et
1482 2871 1567 2907 dals-

839 2938 969 2967 tentae
999 2931 1103 2967 lacle
1138 2930 1322 2981 capellae
1355 2929 1474 2966 etiam
1499 2927 1568 2964 iu-

838 2987 937 3025 bent
945 3002 956 3036 ;
974 2987 1086 3026 exitu
1101 2988 1206 3026 enim
1217 2985 1461 3026 auctumnali
1473 2996 1568 3022 oves
