1734 3320
158 233 262 279 680
492 227 547 277 P.
583 224 948 277 VIRGILII
984 223 1365 276 MARONIS

160 359 285 420 Quo
307 352 442 404 fletu
464 352 661 418 ManiS,
700 369 806 420 qua
826 350 1061 403 Numina
1080 368 1216 403 voce
1235 357 1521 403 moveret?
1601 354 1706 406 505

158 426 256 477 Illa
279 424 505 493 quidem
528 423 704 489 Stygia
726 423 890 473 nabat
909 422 1017 474 iam
1034 420 1227 490 frigida
1251 422 1456 489 cymba.

161 499 388 565 Septem
409 494 564 546 illum
585 503 732 545 totos
754 492 1051 561 perhibent
1069 509 1131 544 ex
1151 493 1346 544 ordine
1368 493 1573 544 mensis

158 571 320 636 Rupe
340 566 440 617 sub
457 565 609 617 vaeria
631 564 831 615 deserti
856 563 924 615 ad
950 565 1252 629 Strymonis
1270 564 1479 615 undam

157 638 420 702 Flevisse‚
461 646 515 687 et
538 634 728 702 gelidis
747 634 884 686 haec
910 633 1169 686 evolvisse
1193 635 1293 702 suh
1318 635 1506 700 antri3‚

159 708 498 762 Mulcentem
517 707 688 773 tigriS‚
722 714 777 756 et
799 714 1052 771 agentem
1075 706 1314 756 carmine
1335 721 1581 774 quercus
1604 708 1708 758 510

160 779 344 845 Qualis
365 777 605 847 populea
626 793 879 828 maerens
903 775 1206 828 Philomela
1226 777 1326 828 sub
1346 775 1544 827 umbra

207 910 278 947 505
303 921 399 957 quae
417 909 586 944 Numina
601 908 732 943 Medic.
752 909 852 954 (sane
872 908 924 943 sic
950 908 1045 955 apud
1062 910 1198 955 Fogg.;
1226 906 1394 943 Heinsius
1412 906 1504 942 nihil
1524 907 1600 942 tale
1617 917 1710 952 pro-

162 958 237 992 fert
256 970 276 991 e
301 956 430 991 Medic.
478 956 551 992 Sed
575 956 742 1002 Fogginii
769 956 1012 991 testimonium
1041 956 1112 991 iam
1138 956 1327 991 confirmat
1345 955 1570 1002 Freytagius.
1609 956 1666 991 W
1662 956 1709 1001 r.)

161 1012 199 1040 et
218 1004 391 1039 Rottend.
410 1016 466 1050 pr.
487 1017 508 1038 a
530 1017 576 1038 m.
594 1016 662 1049 pn,
687 1012 724 1038 ut
742 1011 779 1038 et
797 1006 997 1047 Romanus,
1020 1004 1057 1038 in
1075 1015 1146 1050 quo
1167 1016 1298 1050 porro:
1327 1007 1429 1048 Quos
1438 1005 1542 1050 fletu
1562 1005 1711 1038 Manes.

160 1052 344 1088 Gudianus
375 1064 397 1086 a
426 1064 472 1086 m.
499 1064 554 1097 pr.
585 1053 692 1096 Quod
711 1053 815 1099 fletu
838 1072 883 1078 —-
910 1064 1006 1099 quae
1037 1053 1202 1087 nomina.
1259 1064 1335 1098 qua
1361 1052 1530 1098 flumina
1561 1051 1710 1086 Vratisl.

159 1100 306 1135 Liceret
328 1099 457 1134 saltem
479 1099 660 1134 scribere:
695 1103 796 1145 Quos
814 1101 916 1147 fletu
947 1101 1101 1142 Manes,
1137 1112 1233 1146 quae
1248 1100 1406 1133 numina
1425 1111 1517 1134 voce
1534 1107 1710 1134 moveret.

159 1156 325 1183 moneret
350 1147 479 1181 Medic.
506 1160 527 1181 a
553 1160 599 1181 m.
622 1159 676 1193 pr.
726 1155 894 1182 maneret
912 1147 1038 1181 Franc.
1089 1148 1250 1193 (Manes
1279 1146 1410 1181 Medic.
1447 1146 1544 1192 lVr.)
1640 1147 1712 1183 506

160 1196 237 1230 Illa
254 1195 411 1243 quidem.
459 1195 562 1229 Hunc
580 1207 719 1229 versum
735 1201 904 1242 tanquam
926 1194 1081 1229 otiosum
1093 1221 1101 1237 ‚
1128 1201 1165 1228 et
1180 1194 1275 1228 inter
1292 1193 1470 1240 graviora,
1495 1207 1585 1240 quae
1604 1202 1712 1229 ante—

161 1243 292 1278 cedunt
310 1249 347 1276 et
366 1249 582 1288 sequuntur,
607 1242 883 1289 interpositum,
908 1243 1035 1277 abesse
1064 1255 1121 1276 me
1145 1242 1273 1285 malle,
1308 1242 1395 1276 olim
1417 1241 1710 1288 significaveram.

160 1290 355 1324 Bruuckius
372 1302 445 1324 non
465 1290 552 1324 satis
579 1290 713 1324 firmam
740 1302 900 1325 caussam
926 1289 1155 1335 reperiebat,
1193 1303 1253 1324 cur
1274 1301 1353 1323 eum
1371 1298 1502 1336 poetae
1523 1290 1712 1325 abiudica-

159 1346 226 1373 ret.
274 1341 321 1373 At
347 1338 538 1372 Meierotto
565 1338 603 1372 in
632 1337 761 1372 Dubiis
784 1351 821 1384 p.
849 1338 896 1374 28
923 1344 961 1372 et
981 1337 1059 1385 ipse
1079 1337 1117 1371 in
1142 1338 1180 1372 id
1198 1337 1396 1380 inciderat,
1432 1344 1472 1371 ut
1493 1349 1632 1372 versum
1651 1344 1713 1372 aut

160 1386 314 1421 alienum
338 1392 398 1420 aut
417 1385 535 1420 alieno
563 1386 645 1420 loco
667 1386 839 1420 insertum
858 1393 1018 1431 putaret,
1052 1386 1182 1420 saltem
1201 1385 1408 1419 retraheret
1426 1391 1512 1432 post
1532 1386 1712 1434 paludem

159 1447 193 1469 v.
211 1434 293 1470 503.
342 1435 413 1468 Res
431 1445 535 1476 saue,
560 1441 598 1468 ut
615 1434 652 1467 in
670 1433 852 1480 plerisque
881 1433 1086 1467 huiusmodi
1111 1433 1244 1468 caussis
1273 1433 1430 1477 criticis,
1465 1440 1520 1467 est
1545 1445 1589 1467 ex
1607 1445 1713 1468 sensu

161 1481 400 1516 diiudicanda.
451 1481 685 1528 (Adstipulor
711 1481 878 1527 Heynio‚
918 1481 1132 1528 praesertim
1168 1493 1274 1527 quum
1302 1481 1392 1515 haec
1427 1481 1711 1527 praecesserint:

162 1541 260 1574 „nec
281 1529 439 1575 portitor
462 1528 544 1563 Orci
561 1528 721 1576 Amplius
741 1529 919 1563 obiectam
946 1541 1071 1574 passus
1097 1529 1253 1563 transire
1275 1528 1491 1575 paludem;“
1530 1541 1621 1576 quae
1642 1529 1713 1564 iam

161 1576 406 1611 transmissam
429 1577 641 1622 significant.
699 1577 869 1624 Suspicor
897 1576 993 1611 huuc
1015 1589 1158 1623 quoque
1196 1588 1338 1610 versum
1365 1588 1407 1610 ex
1444 1575 1515 1611 alio
1543 1583 1712 1623 poemate

161 1625 258 1659 idem
275 1631 520 1670 argumentum
545 1631 724 1660 tractante
750 1625 903 1671 petitum
932 1625 1085 1671 margini
1104 1624 1322 1670 adscriptum
1345 1624 1478 1666 fuisse3
1504 1624 1569 1660 cfr.
1588 1631 1714 1659 notata

161 1673 208 1707 ad
231 1685 282 1706 vs.
305 1672 387 1708 203.
436 1671 588 1707 Vossius
614 1671 759 1718 quidem
778 1673 831 1707 ita
850 1672 1015 1706 defendit
1035 1673 1131 1707 hunc
1151 1684 1293 1707 versum
1306 1698 1315 1715 ,
1339 1679 1379 1706 ut
1392 1672 1596 1719 Eurydicen
1615 1672 1713 1708 dicat

162 1732 242 1754 cum
272 1719 448 1765 gravitate
474 1720 610 1767 opponi
636 1721 782 1767 Orpheo
811 1719 971 1765 lugenti3
1008 1732 1132 1755 verum
1163 1719 1413 1767 oppositorum
1439 1719 1556 1764 ratio,
1601 1732 1714 1766 prae-

162 1779 287 1814 gresso
315 1768 531 1802 Pronomine
561 1768 658 1811 Illa,
689 1769 891 1802 Pronomen
917 1768 1018 1803 hunc
1040 1767 1205 1814 proximo
1232 1780 1283 1802 vs.
1311 1767 1534 1813 requireret,
1574 1780 1653 1803 eum
1675 1767 1714 1802 in

161 1815 324 1849 modum:
349 1817 394 1849 H
402 1828 491 1849 unc
513 1823 651 1863 septem
671 1824 781 1850 totos.
831 1816 996 1849 Ceterum
1015 1815 1146 1850 Medic.
1166 1815 1240 1850 Ille
1255 1827 1364 1861 supra
1383 1813 1519 1861 scripta
1539 1828 1582 1858 ας
1617 1815 1715 1850 idem

162 1861 293 1897 cumba
320 1875 427 1908 supra
462 1862 597 1907 scripta
623 1862 769 1906 miniata
785 1876 829 1909 y·
868 1864 926 1898 W
922 1863 967 1909 r.)
1064 1863 1135 1899 507
1166 1861 1364 1910 perhibent
1385 1870 1487 1897 toto-3
1514 1875 1601 1897 unus
1617 1864 1715 1909 apud

162 1909 287 1945 Heins.
327 1909 472 1956 (Medic.
503 1922 668 1954 menses,
705 1917 742 1945 et
771 1923 791 1944 a
810 1923 856 1944 m.
876 1922 932 1955 pr.
959 1909 1170 1958 prohibent.
1198 1909 1297 1955 Wr.)
1395 1909 1467 1947 509
1491 1911 1620 1946 Flesse
1645 1909 1717 1946 sibi

164 1965 202 1991 et
221 1959 324 1991 Rom.
343 1970 420 1992 cum
442 1957 497 1991 ed.
519 1959 611 1992 Ven.
660 1956 728 1992 sub
747 1959 863 1992 astris
881 1957 978 1991 idem
998 1959 1102 1992 Rom.
1123 1963 1161 1992 et
1182 1957 1322 2003 aliquot
1339 1956 1403 1992 alii
1417 1957 1528 1991 Pierii
1551 1970 1630 1993 cum
1650 1958 1713 1993 alt.

162 2005 307 2050 Menag.
341 2011 378 2039 et
407 2004 469 2039 alt.
486 2006 592 2040 Voss.
619 2005 730 2039 Goth.
750 2017 841 2048 sec.,
877 2011 918 2038 ut
943 2011 981 2039 et
1003 2005 1041 2038 in
1065 2005 1271 2050 vulgaribus
1298 2004 1478 2039 nonnullis
1500 2006 1603 2049 edd„
1628 2005 1714 2041 satis

164 2052 290 2096 docte,
316 2064 395 2086 cum
412 2053 551 2099 gelidis
570 2051 639 2086 sub
657 2054 774 2087 astris
799 2053 845 2087 de
864 2052 1040 2087 sideribus
1062 2052 1416 2098 septemtrionalibus
1437 2052 1551 2100 accipi
1578 2061 1714 2100 posset,

164 2100 230 2135 sed
247 2111 327 2134 meo
354 2099 498 2146 quidem
527 2099 684 2144 iudicio,
717 2100 834 2135 Statio
857 2100 977 2146 aliquo
1003 2107 1065 2134 aut
1091 2100 1287 2134 Claudiano
1315 2099 1470 2146 dignius.
1518 2105 1567 2136 At
1595 2108 1715 2136 tuetur

163 2147 293 2195 gelida
319 2156 428 2181 astra
451 2148 598 2183 Wakef.
628 2154 664 2182 et
692 2148 843 2195 recepit.
902 2150 955 2183 Ex
984 2147 1136 2183 laudatis
1162 2148 1291 2182 saltem
1316 2147 1406 2183 facit
1435 2148 1482 2183 ad
1509 2161 1585 2184 rem
1611 2149 1714 2184 Ovid.

163 2194 279 2242 Epist.
308 2196 352 2239 11,
380 2195 449 2232 123
468 2207 535 2229 seu.
555 2194 708 2243 frigida
740 2196 868 2231 lacent
884 2197 1034 2239 sidera,
1071 2203 1110 2230 et
1125 2195 1238 2230 multo
1256 2195 1370 2241 magis
1389 2196 1532 2231 Lucret.
1556 2198 1618 2240 VI,
1642 2198 1717 2234 720

164 2243 277 2277 flabra
297 2263 343 2268 —
362 2256 459 2290 quae
488 2243 627 2290 gelidis
656 2241 704 2277 ab
726 2244 851 2278 stellis
884 2245 969 2278 axis
994 2252 1175 2291 aguntur.
1224 2244 1404 2278 Hactenus
1435 2250 1599 2290 praestat
1623 2245 1716 2280 haec

163 2290 287 2325 lectio.
396 2290 464 2326 511
486 2291 690 2339 pampinea
706 2303 771 2325 ms.
790 2291 941 2326 Brunck.
958 2291 1103 2326 ductum
1128 2303 1174 2326 ex
1190 2290 1265 2326 Ecl.
1281 2292 1360 2334 VII,
1384 2291 1444 2328 58.

165 2402 240 2427 cea
260 2386 415 2440 famus
449 2389 693 2426 commixtas
725 2400 780 2427 sc.
811 2401 907 2427 cum
965 2401 1034 2440 ce,
1064 2394 1114 2428 ut
1135 2388 1216 2428 Ecl.
1237 2387 1307 2440 VI,
1327 2390 1384 2431 80
1416 2403 1496 2442 quo
1522 2403 1707 2431 cursu-

167 2460 280 2485 aura.
310 2446 491 2485 Petitum
512 2452 650 2485 autem
662 2458 714 2485 ex
729 2446 844 2486 Iliad.
856 2456 906 2499 ψ,
970 2446 1118 2501 quibus
1140 2448 1237 2486 alis.

170 2507 267 2547 100.
306 2503 390 2544 vid.
437 2505 515 2543 alia
563 2504 674 2558 apud
720 2505 907 2546 Cerdam.
1025 2505 1125 2549 506.
1153 2505 1327 2558 frigida
1341 2535 1353 2556 ‚
1396 2511 1555 2556 morte,
1580 2508 1716 2546 'vecta

167 2563 267 2607 500.
285 2562 410 2615 fugit
436 2563 598 2602 diversa
612 2593 623 2613 ‚
664 2577 759 2603 cum
775 2563 820 2603 in
842 2564 908 2603 di-
967 2570 1081 2604 retro
1104 2577 1178 2618 per
1202 2565 1381 2618 Stygem.
1440 2563 1542 2604 Mox
1561 2564 1648 2608 507
1665 2580 1717 2604 ex

167 2634 348 2671 versam,
380 2635 427 2660 ac
445 2635 526 2674 qua
553 2621 744 2675 Orpheus
761 2623 910 2662 tende-
970 2623 1120 2673 ordine,
1136 2623 1355 2663 continuos
1372 2622 1565 2676 intellige.
1593 2623 1716 2663 Prae-

167 2680 239 2720 bat
247 2710 258 2731 ,
289 2685 469 2733 partem,
498 2678 541 2719 h.
560 2687 696 2732 retro,
728 2682 911 2721 auferre-
968 2681 1049 2721 ivit
1075 2681 1300 2722 Lueretius.
1332 2688 1394 2720 est
1422 2681 1518 2735 ἑξῆς
1537 2712 1549 2733 ,
1585 2687 1717 2725 καθε-

168 2745 253 2779 tur.
275 2745 326 2778 ut
350 2753 438 2792 sup.
462 2751 502 2779 v.
530 2741 617 2781 367
637 2740 826 2791 flamina
844 2740 911 2778 di-
971 2741 1059 2793 ξῆς.
1120 2740 1218 2784 509.
1261 2741 1454 2779 ενοῖνίεεε
1477 2769 1490 2790 ,
1540 2737 1716 2783 διαπτύ-

169 2813 287 2837 versa
305 2798 416 2837 locis.
465 2797 564 2840 503.
596 2796 793 2837 obiectam
810 2812 913 2851 poe-
973 2800 1040 2849 ξαι
1058 2829 1070 2850 ,
1122 2798 1368 2848 ἔξειλίσσειν.
1425 2798 1553 2849 haee,
1599 2813 1716 2839 casus

169 2856 252 2895 tico
278 2861 428 2896 ornatu
452 2855 668 2895 adiectum.
697 2863 746 2895 ut
768 2857 913 2909 Georg.
972 2870 1067 2896 suos
1087 2888 1098 2907 ,
1142 2856 1354 2908 querendo
1389 2870 1620 2909 enarrasse3
1666 2864 1717 2898 ut

169 2915 245 2965 III,
276 2915 361 2958 253
403 2929 485 2953 non
520 2914 676 2954 obieeta
705 2915 915 2954 retardant
973 2916 1074 2954 Stat.
1098 2914 1225 2955 Theb.
1251 2916 1290 2966 I,
1315 2919 1344 2959 2
1373 2925 1506 2955 sontes
1536 2918 1716 2957 evolvere

160 2975 362 3026 flumina.
413 2973 512 3016 505.
537 2974 627 3025 Quo
637 2974 914 3026 fletu—qua
979 2973 1150 3014 Thebas.
1212 2974 1311 3018 510.
1342 2976 1488 3027 tigres,
1518 2974 1560 3014 in
1582 2975 1717 3015 Thra-

170 3047 282 3082 voce,
316 3045 393 3085 pro
415 3032 621 3084 quomodo
641 3031 740 3071 fletu
767 3046 814 3071 ac
836 3045 913 3072 vo-
951 3031 1061 3082 cia,
1117 3038 1164 3072 ut
1202 3039 1325 3087 poeta
1364 3039 1566 3074 memorat
1586 3065 1597 3085 ‚
1646 3034 1717 3088 qui
