1734 3320
273 184 769 238 GEORGfflON
795 188 937 242 LIB.
961 191 1052 258 IV,
1084 200 1380 253 366—376

0 361 2 366 ,
56 307 347 363 Eridanus:
383 325 496 379 quo
517 326 635 362 non
653 310 784 363 alius
803 331 905 381 per
923 316 1142 384 pinguia
1161 321 1298 374 culta

15 382 24 390 ²
57 381 123 432 In
142 396 295 432 mare
310 397 653 448 purpureum
674 383 964 436 violentior
985 385 1159 440 effluit
1181 394 1366 448 amnis,

9 511 11 514 ¹
56 453 355 519 Postquam
375 459 455 502 est
477 451 533 502 in
557 451 777 504 thalami
798 456 1095 523 pendentia
1116 463 1331 541 pumice
1355 474 1494 517 tecta

11 575 16 580 ,
56 523 415 585 Perventum,
453 530 508 572 et
528 523 640 573 nati
660 521 820 575 fletus
845 529 1097 592 cognovit
1115 530 1299 582 inanes

8 584 295 658 Cyrene.
329 591 582 644 manibus
605 592 839 661 liquidos
865 596 995 690 dant
1020 599 1215 652 ordine
1238 601 1404 653 fontis

128 686 247 739 375.
282 699 449 736 cmm

1487 206 1591 257 659

1486 542 1591 592 3⁷5

206 813 331 862 φυκία
357 814 551 850 secundum
580 816 776 851 Romanum
805 825 840 851 et
865 817 1005 864 aliquot
1035 819 1143 854 Pierii
1172 820 1308 867 libros,
1339 823 1436 859 idem
1464 826 1590 862 Medic.

10 891 13 900 ,
54 861 164 906 eud„
200 813 366 918 reponit
393 862 518 897 Heius.
565 864 695 910 influit
720 864 838 910 vulgo.
863 866 1128 911 (commemorat
1151 867 1243 905 hanc
1260 849 1423 906 le'cfionis
1442 873 1592 908 diversi-

605 911 703 955 Wr.)
753 913 891 959 influat
916 913 1020 948 Leid.
1051 926 1072 949 a
1090 927 1139 949 m.
1164 929 1223 971 pr.
1271 918 1475 954 violentius
1495 922 1591 957 Toll.

53 955 128 994 374
157 957 261 991 inser
287 922 563 992 thalarnigynm
468 957 608 992 Zalich.
664 958 902 1005 splendentia
938 960 1025 1006 legit
1051 962 1236 1007 Valesius,
1279 965 1344 999 sed
1369 967 1542 1002 refutatus
1571 982 1592 1004 a

53 1003 212 1038 Bmukh.
229 1003 391 1050 ndProp
393 1011 458 1039 ert.
477 1006 545 1048 III,
578 1006 621 1048 2,
644 1006 714 1049 28,
738 1013 886 1040 notante
906 1009 1022 1042 Burm.

0 734 16 798 ἱ

0 795 15 882 ὲ

0 883 17 1064 ἱ
54 887 167 944 tatoni
185 908 293 944 etim
316 909 563 956 Philargyrum

0 1071 12 1130 ξ

1102 1011 1228 1054 omice,
1251 1013 1390 1058 punice
1407 1015 1586 1050 scribitur.

53 1050 128 1088 875
150 1050 328 1086 nabunt
344 1051 477 1087 Medic.
494 1065 515 1087 a
534 1065 580 1087 ιιι.
601 1065 659 1099 pr.
675 1031 714 1086 et'
720 1054 845 1107 Regio
864 1022 1461 1106 Martin.,1‹fmflentes.flexus
1478 1063 1589 1097 Goth.

0 1133 12 1142 ,μ
54 1109 126 1133 aec.
174 1099 311 1133 inm-t
335 1099 554 1134 Burmannus
585 1099 768 1155 reposuit,
801 1113 868 1146 Ριο
895 1104 1042 1145 inanis,
1077 1115 1123 1137 ne
1145 1105 1308 1150 ambigua
1338 1114 1433 1141 esset
1457 1108 1591 1152 lectio;

0 1141 9 1149 ’”
0 1145 275 1244 {praeferrem
303 1145 356 1182 aie
374 1148 533 1189 inaneis,
567 1147 597 1181 si
619 1147 729 1181 semel
748 1148 866 1193 prisca
893 1151 1071 1195 sequenda
1097 1159 1188 1185 sunt.

55 1191 287 1239 exhibent(
273 1194 414 1239 (inanis
428 1194 532 1240 ipse.
525 1195 727 1236 Mediam„
763 1195 859 1229 idem
876 1199 977 1240 nati,

1235 1152 1384 1188 Codices
1404 1161 1590 1210 utrumque

1012 1198 1107 1243 quod
1135 1211 1244 1244 quare
1260 1200 1494 1247 restitum-im,
1518 1204 1589 1238 do-

0 1173 14 1306 {4
52 1241 177 1284 eetQ.
197 1241 244 1276 V.
263 1241 477 1286 XXXVIII,
499 1243 602 1279 2.-
649 1243 731 1280 376·
757 1242 891 1278 libidos
910 1244 1038 1279 Medic.
1058 1258 1141 1279 am.
1161 1258 1216 1292 pr.
1244 1247 1344 1293 Wr.)

0 1270 16 1358 a
53 1336 412 1381 871.F1uviorum
425 1337 483 1378 dii
496 1338 688 1378 cornibus
705 1345 794 1378 tau-

0 1372 22 1450 ἓ
51 1395 156 1436 riuis
171 1409 237 1436 rea
258 1396 478 1437 notissima.
537 1397 673 1437 Padus
691 1411 793 1438 vero

851 1353 944 1390 rae,
974 1345 1023 1379 ut
1041 1340 1142 1379 adeo
1163 1342 1215 1380 sit
1233 1356 1310 1395 pro
1329 1343 1498 1397 fulgens,
1520 1345 1589 1385 ni-

851 1404 962 1437 tens:
991 1404 1040 1437 ut
1059 1400 1483 1453 lumenpurpureum,
1515 1406 1589 1443 nix

0 1464 18 1571 ξ
51 1452 178 1495 habet
197 1469 350 1495 cornua
370 1464 548 1505 aut-aem
586 1456 671 1495 sive
690 1470 792 1509 pro·
842 1471 1067 1509 purpurea.
1132 1457 1244 1497 Mare
1263 1465 1400 1499 tamen
1426 1475 1589 1515 purpu-

51 1518 150 1568 pter
164 1513 420 1554 fertilitatem
448 1515 535 1568 agri
559 1515 792 1565 adiacentis,

0 1572 27 1641 {53
52 1571 141 1612 aive
176 1571 413 1626 simpliciter
428 1603 440 1623 ,
488 1573 584 1626 quia
622 1546 793 1613 deomni

0 1638 25 1685 (ξ
51 1630 256 1670 attributa
283 1631 458 1671 sollenni
484 1631 666 1685 epitheto
698 1639 796 1672 sunt

50 1703 195 1729 aurea.
252 1688 379 1745 Apud
414 1690 644 1730 Martialem
681 1691 746 1741 X,
768 1694 797 1734 7

2 1746 14 1798 {J
51 1747 239 1788 omnihus
257 1763 407 1789 aureus
428 1751 599 1802 recepti-e
628 1721 797 1788 Rhenus

0 1805 297 1860 [appellatum
315 1807 429 1847 unde
448 1808 644 1861 Spencius
661 1808 795 1847 locum

51 1865 185 1906 nostri
218 1872 366 1918 poetae
403 1866 637 1906 illustrabat
672 1866 796 1919 Poly-

1 1920 149 1964 smet.
170 1923 269 1964 Dinl.
290 1924 400 1975 XIV,
417 1939 459 1978 p.
483 1927 591 1976 2313
621 1925 693 1964 sed
714 1940 795 1964 au-

2 2007 16 2037 }-
49 1996 144 2023 παπ
164 1982 223 2022 ibi
254 1996 349 2024 cum
373 1983 567 2023 cornibus
597 1983 654 2022 nil
672 1982 796 2022 habet

4 2049 280 2082 commune.
347 2040 414 2080 Ad
455 2041 567 2080 sidus
612 2041 794 2090 Eridani,

49 2099 167 2153 quod
184 2113 375 2150 azo-eum,
406 2099 602 2149 lucidum,
633 2099 697 2149 sit,
721 2105 794 2137 aut

0 2160 38 2215 ⁵ssss
50 2157 107 2199 nd
113 2163 301 2199 ramenta
316 2158 434 2198 fluvii
444 2172 573 2197 aurea
589 2157 791 2197 referebat

42 2215 195 2257 (iada.
235 2214 375 2271 (quod
417 2216 566 2269 probat
604 2216 795 2265 Vossius,

2 2273 38 2313 φ
49 2274 222 2316 laudato
249 2275 352 2315 Plin.
383 2275 583 2325 XXXIII,
605 2274 646 2324 4,
667 2289 697 2313 a.
723 2277 794 2316 21.

0 2314 34 2372 Ξ.
27 2335 129 2378 W
121 2332 180 2389 r)
239 2333 625 2387 Impetuosissimum
657 2339 794 2372 autem

0 2387 30 2416 7³
51 2405 215 2432 amnem
250 2393 349 2432 olim
373 2392 532 2431 Padum
556 2391 701 2441 fuisse,
741 2404 795 2429 ex

7 2450 142 2493 abis
186 2451 286 2491 Iods
320 2451 582 2491 manifestum
622 2455 702 2500 εει,
744 2449 793 2488 cs.

0 2500 124 2557 Ge.
159 2509 217 2561 11,
253 2509 354 2553 451.
399 2509 510 2559 452,
546 2521 793 2561 quamquam

30 2579 164 2613 nunc
203 2568 292 2608 eius
324 2573 474 2607 natura
513 2567 675 2607 diversa
709 2579 794 2605 esse

19 2633 262 2677 nan-ratur
317 2629 417 2670 373.
448 2625 508 2675 εἷς
529 2621 608 2667 ἅλα
625 2640 793 2675 πορφυ-

147 2698 252 2735 σαν,
304 2685 493 2738 nigrum,
540 2690 590 2724 ut
636 2688 792 2722 notum.

147 2744 216 2785 vir
253 2743 402 2783 doctus
438 2742 511 2795 qui
538 2755 793 2794 purpureum

14 2806 166 2848 ἵκανε
185 2802 305 2843 malit
320 2815 405 2841 esse
422 2802 639 2841 albescens.
688 2801 794 2838 Sane

40 2861 280 2915 ‘pupianus
304 2874 390 2901 non
420 2871 579 2912 semper
606 2858 659 2897 ad
677 2858 793 2898 colo-

13 2927 142 2981 gm
165 2920 370 2970 refertur3
409 2930 557 2958 verum
587 2917 710 2956 etiam
738 2915 794 2955 ad

13 2970 314 3032 ‘Splendorem
339 2990 388 3017 ac
421 2976 600 3016 nitorem
627 2987 792 3028 purpu-

849 1528 968 1555 reum
989 1515 1106 1554 simili
1124 1515 1247 1555 modo
1278 1530 1320 1556 es
1321 1531 1363 1556 se
1384 1519 1589 1572 accipien-

851 1573 983 1623 dum,
1023 1574 1216 1627 exemplis
1257 1575 1401 1616 catull.
1433 1577 1514 1617 Pel.
1548 1585 1590 1617 et

855 1631 972 1671 Thet.
1003 1635 1165 1675 269—
1191 1634 1290 1676 275.
1317 1635 1418 1674 Gell.
1444 1636 1588 1687 XVIII,

858 1693 926 1732 11.
961 1690 1039 1729 Cic.
1058 1689 1183 1730 Acad.
1215 1691 1295 1740 Qu.
1316 1693 1392 1743 lv,
1424 1696 1480 1736 33
1504 1708 1589 1734 non

855 1748 1082 1788 conficitur.

914 1806 1012 1849 374.
1053 1806 1247 1846 Pervenit
1281 1807 1449 1847 tandem
1493 1809 1589 1849 An·-

855 1871 991 1904 staeus
1039 1865 1093 1904 ad
1141 1864 1369 1906 thalamum
1422 1867 1589 1919 matris,

845 1923 1070 1975 pendentia
1081 1926 1248 1976 pumice
1266 1932 1386 1974 tecta,
1424 1931 1590 1966 antrum

852 1981 1105 2034 pumiceum,
1137 1982 1264 2020 exesis
1284 1983 1412 2032 saxis,
1444 1983 1498 2022 ad
1519 1998 1588 2023 ca-

850 2052 988 2078 marae
1014 2052 1170 2078 morem
1197 2053 1371 2079 curvum
1400 2046 1442 2079 et
1457 2042 1588 2082 sorni-

851 2103 990 2136 catum
1007 2112 1019 2149 3
1066 2110 1160 2150 ergo
1201 2097 1333 2137 latera
1368 2103 1411 2137 et
1446 2098 1587 2139 tholus

850 2161 949 2195 sunt
989 2158 1157 2207 pumice
1198 2156 1396 2207 pendenti
1409 2171 1426 2204 ;
1475 2156 1587 2197 unde

850 2213 1033 2267 poeticus
1049 2226 1180 2253 sermo
1202 2214 1439 2266 exquisitius
1466 2215 1586 2255 etiam

851 2280 998 2311 tec-tum
1007 2272 1193 2324 pendens
1207 2274 1375 2324 pumice
1385 2271 1505 2312 dicit:
1534 2279 1585 2313 ut

851 2331 1004 2370 Seneca
1028 2330 1149 2370 Herc.
1170 2330 1249 2369 fur.
1279 2332 1364 2372 719
1381 2330 1450 2368 lzic
1468 2340 1584 2370 vasto

850 2403 973 2441 specu
983 2388 1164 2441 pendent
1174 2390 1339 2440 tyranni
1347 2396 1464 2427 tecta.
1498 2389 1585 2428 Ex-

851 2453 994 2499 ceptus
1030 2446 1098 2486 ille
1135 2445 1314 2499 hospitio
1353 2445 1519 2486 lavatur
1546 2452 1586 2486 et

849 2518 986 2544 mensa
1025 2504 1212 2558 apposita
1247 2510 1488 2555 recreatur3
1535 2504 1585 2544 fit

849 2563 992 2602 libatio
1003 2593 1014 2614 ,
1044 2563 1089 2602 in
1106 2562 1234 2616 patris
1252 2561 1415 2614 quidem
1434 2563 1583 2601 Oceani

850 2629 892 2661 et
906 2620 1188 2675 Nympharum
1204 2619 1403 2660 honorem
1412 2643 1471 2650 —
1485 2622 1583 2662 383.

848 2681 962 2719 Inter
976 2679 1078 2718 haec
1104 2685 1236 2719 mater
1249 2709 1261 2729 ,
1291 2692 1411 2731 quam
1430 2691 1481 2716 ex
1499 2677 1582 2716 filio

851 2738 1124 2778 calamitatem
1149 2737 1335 2776 didicisse
1360 2742 1402 2775 et
1437 2735 1487 2775 de
1513 2748 1583 2774 re-

850 2797 984 2837 medio
1010 2796 1205 2849 cogitasse
1232 2801 1351 2847 puta,
1382 2806 1434 2832 ex
1462 2793 1582 2832 flam-

849 2869 936 2906 ma,
966 2855 1063 2895 vino
1082 2854 1208 2893 libato
1234 2852 1441 2900 emicante,
1471 2851 1581 2890 bono

850 2914 984 2953 omine
1026 2917 1145 2965 capto
1186 2915 1319 2949 erecta
1360 2908 1489 2948 filium
1526 2907 1582 2947 ad

848 2972 1042 3012 Proteum
1068 2969 1244 3021 ablegat,
1283 2973 1332 3006 ut
1355 2980 1406 3006 ex
1425 2977 1473 3005 eo
1488 2979 1580 3005 mo-

1183 3037 1298 3083 42*
