1768 3320
183 221 252 270 86
535 214 592 263 P.
628 207 995 262 VIRGILII
1040 198 1439 254 MARONIS·

187 347 369 406 Quum
379 337 651 406 placidum
659 336 829 386 ventis
839 340 999 383 staret
1006 345 1154 380 mare
1166 351 1178 387 ;
1194 343 1308 376 11011
1320 337 1419 391 ego
1431 323 1710 393 Daphnim

184 411 370 465 Iudice
387 417 441 458 te
461 416 726 468 metuam;
764 406 805 454 si
823 416 1121 469 numquam
1141 395 1274 447 fallit
1291 396 1484 462 imago.

257 532 338 581 26.
372 528 619 576 DAPHNIN

258 602 340 651 27.
376 608 623 656 METUAM,
661 605 707 639 sl
734 606 780 638 N.
803 601 1003 636 FALLAT

236 743 284 779 26
309 744 404 774 Dum
421 738 599 785 placitum
620 739 768 779 quatuor
786 744 842 776 ap.
852 733 967 764 Burin.
1000 729 1178 775 Daphnin
1196 726 1297 761 multi
1315 724 1468 760 Pieriani
1490 730 1527 759 et
1539 722 1713 758 Rufinian.

192 801 268 823 cum
283 787 440 832 pluribus
457 786 569 817 Burm.
618 780 654 814 Si
672 780 873 814 Menalcan
902 777 1057 818 scribas,
1093 775 1217 809 debuit
1244 781 1281 808 et
1306 773 1483 819 Daphnin
1510 770 1619 806 scribi
1637 782 1716 805 cum

191 835 370 870 Pulmann.
398 829 560 865 Commel.
584 828 683 861 Conf.
704 826 824 860 Heius·
850 825 895 858 ad
915 837 947 858 v.
969 825 1025 861 73.
1051 822 1241 856 Conficitur
1258 833 1316 855 res
1343 832 1386 854 ex
1402 821 1448 862 V,
1466 819 1515 855 52
1537 818 1715 865 Daphnin

194 883 244 916 ad
275 889 380 915 astra
397 877 579 926 feramus.
627 876 748 918 Itaque
774 873 959 919 Daphnim
994 869 1155 915 expunxi.
1205 868 1288 915 (Sed
1313 879 1390 902 eam
1417 864 1627 911 scripturam
1652 877 1716 898 re-

195 926 404 962 stituendam
423 923 554 964 videri,
580 921 685 954 docet
707 922 750 961 Q.
768 921 811 954 V.
831 921 890 961 III,
914 920 947 955 3.
980 917 1075 962 lVr.)
1109 917 1261 964 Daphni
1274 913 1448 949 Rufinian.
1461 925 1496 958 p.
1516 914 1598 950 272.
1621 911 1717 958 quod

195 974 312 1009 ornari
334 978 465 1018 posset,
491 969 520 1003 si
548 968 638 1001 tanti
660 973 764 1001 esset.
833 967 879 1002 27
896 965 1018 1012 fallat
1050 964 1215 998 meliores
1249 962 1342 996 Pier.
1374 967 1412 995 et
1438 959 1577 1001 Heins.;
1611 966 1648 993 et
1666 959 1717 992 sic

196 1021 391 1066 elegantior
409 1021 522 1052 sermo
541 1016 635 1048 ferre
653 1020 796 1059 putatur
816 1025 883 1057 pro
905 1011 1040 1057 vulgari
1058 1024 1122 1045 usu
1137 1010 1257 1057 fallit,
1283 1008 1378 1055 quod
1397 1014 1474 1042 erat
1494 1014 1575 1041 ante
1593 1005 1716 1042 Heins-

195 1069 382 1113 vulgatum.
407 1063 549 1099 Mentel.
564 1075 618 1107 pr.
642 1068 679 1095 et
698 1062 786 1095 Ven.
806 1059 933 1107 fallet.
983 1058 1144 1104 (Vossius
1159 1084 1168 1100 ‚
1193 1057 1328 1102 Spohn.
1353 1062 1390 1090 et
1409 1054 1718 1100 laha-praetule-

195 1122 277 1149 runt
284 1113 407 1160 fallit.
432 1114 561 1149 Recte3
587 1107 764 1153 Spohuius
783 1108 871 1141 haec
890 1106 1031 1140 scribit:
1069 1105 1229 1148 „Fallat
1251 1102 1509 1137 dubitationem
1537 1101 1718 1151 exprime-

196 1168 253 1195 ret
270 1162 313 1194 ab
330 1160 365 1193 h.
383 1160 407 1192 l.
428 1158 585 1192 alienam.
634 1155 814 1189 Sententia
848 1155 935 1189 haec
961 1160 1033 1187 est:
1068 1153 1151 1187 Nou
1179 1150 1338 1185 informis
1375 1162 1468 1190 sum3
1502 1148 1584 1183 vidi*
1605 1160 1661 1183 me
1680 1147 1719 1183 in

196 1209 322 1250 litore,
349 1213 384 1240 et
401 1206 515 1249 imago
532 1215 604 1236 non
621 1202 724 1236 fallit.
737 1205 759 1221 ‘⁴
807 1200 944 1235 Diversi
964 1199 1061 1234 modi
1090 1207 1246 1233 metuam
1268 1196 1430 1232 vicinitas
1461 1196 1579 1230 locum
1607 1194 1718 1238 dedit,

198 1262 237 1289 ut
256 1253 457 1298 saepissime
476 1252 607 1284 factum
625 1249 782 1282 videmus
796 1275 805 1290 ,
831 1247 1088 1293 depravationi.
1139 1245 1244 1288 Quod
1275 1244 1402 1279 clarius
1431 1243 1539 1285 etiam
1561 1241 1721 1280 ostendit

197 1301 305 1336 tertia
323 1300 429 1334 lectio
447 1297 585 1345 fallet,
610 1296 716 1329 abiis
737 1296 962 1337 introducta,
988 1294 1047 1340 qui
1066 1302 1225 1328 metuam
1253 1293 1410 1326 futurum
1437 1303 1515 1324 esse
1541 1289 1721 1334 existima-

198 1355 288 1383 rent.
337 1346 452 1381 Fallit
475 1344 614 1390 quidem
640 1343 808 1376 maiorem
835 1343 946 1376 habet
971 1354 991 1376 a
1017 1340 1197 1376 codicibus
1227 1339 1493 1379 auctoritatem5
1518 1336 1582 1371 sed
1607 1336 1721 1372 in‘his

199 1395 279 1440 plus
300 1394 407 1427 etiam
430 1391 549 1425 valere
568 1390 661 1423 ratio
682 1390 812 1432 debet,
837 1402 941 1435 quam
971 1388 1130 1428 codices;
1155 1387 1225 1421 vid.
1247 1388 1290 1428 Q.
1311 1388 1357 1422 V.
1375 1387 1437 1427 VI,
1462 1385 1496 1421 4.
1529 1386 1587 1420 W
1580 1384 1626 1430 r.)

200 1537 310 1564 nunc
357 1521 406 1561 ‹le
445 1525 606 1573 pastore
619 1550 630 1569 ,
679 1518 748 1571 qui
787 1519 930 1558 melius

200 1583 333 1630 fonte,
361 1580 475 1629 rivo,
507 1578 634 1627 amni,
673 1591 748 1630 pro
770 1577 931 1631 speculo

202 1639 346 1679 utitur.
404 1636 459 1676 At
482 1635 644 1675 Servius
674 1636 836 1675 omnino
857 1648 932 1674 ne·-

204 1702 272 1749 gat
289 1708 399 1734 mare
410 1707 590 1745 unquam
608 1706 689 1731 esse
709 1695 803 1732 satis
814 1700 933 1733 tran-

205 1754 395 1806 quillum,
439 1757 489 1790 ut
526 1751 736 1803 imaginem
771 1752 932 1791 reddat.

205 1811 378 1851 Videtur
393 1810 426 1849 is
445 1808 493 1847 cle
510 1809 590 1847 alto
606 1810 815 1862 cogitasse;
838 1824 934 1849 nam

208 1869 262 1908 ad
282 1869 396 1907 littus
415 1867 534 1905 maris
558 1867 675 1906 facies
697 1869 791 1907 satis
814 1875 934 1907 tran-

209 1926 332 1980 quilla
362 1930 403 1964 et
436 1925 635 1978 pellucida
664 1938 747 1964 esse
782 1932 935 1980 potest:

210 1985 313 2024 cons.
345 1983 472 2021 Cerda
491 1989 531 2021 et
550 1983 686 2022 Burin.
710 1986 849 2024 Servio
871 1991 938 2023 ta·-

209 2055 302 2082 men
329 2041 658 2092 obtemperarunt
687 2042 773 2092 alii,
804 2043 847 2082 in
874 2042 938 2080 his

211 2100 300 2140 Alb.
322 2099 488 2137 Gentih's
501 2129 511 2148 ,
543 2099 610 2150 qui
632 2099 681 2138 de
707 2101 800 2139 lacu
818 2100 937 2139 Man-

210 2164 338 2197 tuano
371 2156 545 2209 accipere
572 2158 736 2208 maluit,
766 2166 815 2198 ut
838 2158 937 2198 Aen.

212 2216 242 2266 I,
273 2213 356 2257 244
387 2227 497 2252 mare
534 2214 583 2252 de
615 2216 793 2255 Timavo.
864 2214 939 2271 (De

212 2273 382 2324 imagine
411 2271 454 2310 in
476 2274 692 2324 tranquilla
724 2275 846 2313 maris
868 2289 940 2314 su—

214 2330 374 2385 perficie
383 2338 679 2382 repraesentata
687 2332 769 2371 vid.
778 2333 939 2372 Lucian.

214 2388 315 2427 Dial.
333 2387 432 2426 Mar.
454 2388 498 2425 T.
514 2388 542 2426 I.
560 2402 599 2440 p.
613 2392 708 2432 239.
729 2390 802 2429 Ed.
818 2393 940 2433 1687.

214 2446 348 2498 ibique
367 2445 617 2497 interpretes.
649 2449 719 2487 JV
713 2446 760 2501 r.)
810 2449 944 2499 Quum.

214 2504 426 2556 placidam
451 2506 575 2541 ventis
602 2512 721 2543 staret
748 2520 873 2555 mare,
902 2505 943 2545 ll.

217 2576 241 2600 a
257 2561 412 2610 ventis,
442 2573 514 2612 per
535 2568 689 2600 ventos.
718 2576 756 2602 v.
782 2563 851 2602 inf.
874 2565 944 2604 Ge.

219 2620 282 2669 IV,
300 2616 398 2660 484.
429 2618 476 2656 cs.
505 2618 648 2657 Tibull.
681 2620 747 2670 IV,
781 2624 817 2671 1,
850 2624 944 2664 126.

216 2676 404 2730 Explicat
430 2677 578 2713 Seneca
607 2677 771 2725 Quaest.
800 2686 884 2718 nat.
909 2680 946 2718 V

215 2749 278 2788 pr.
297 2735 441 2785 Itaque
459 2735 494 2770 si
512 2734 653 2784 legeris
666 2752 677 2772 .-
702 2735 840 2783 Qoun
858 2737 948 2790 pla-

219 2791 354 2831 nidum
372 2790 504 2830 ventis
524 2797 651 2829 staret
677 2806 787 2831 mare
804 2824 814 2842 ,
853 2797 949 2833 scito

219 2850 325 2889 illud
347 2863 428 2887 non
446 2856 549 2886 stare
563 2879 574 2897 ,
607 2850 678 2887 secl
702 2851 838 2889 leviter
857 2868 950 2889 suc—

221 2909 302 2947 cuti
314 2937 325 2957 ,
358 2914 395 2944 et
418 2905 501 2943 dici
533 2908 796 2959 tranquillum
809 2940 819 2958 ‚
854 2912 951 2962 quia

221 2980 292 3004 nec
306 2965 386 3003 huc
403 2977 474 3002 nec
492 2964 588 3001 illuc
598 2966 791 3016 impetam
801 2969 950 3017 capiat.

989 1518 1062 1557 Est
1103 1517 1185 1557 hoe
1221 1514 1451 1571 philosophi
1487 1513 1722 1568 argutantis.

986 1576 1255 1629 Quantopere
1287 1576 1454 1624 Tassus‚
1498 1573 1597 1612 dum
1625 1586 1724 1611 ean-

992 1635 1083 1674 dem
1106 1648 1193 1674 rem
1209 1634 1253 1674 in
1268 1635 1450 1685 Amynta
1470 1644 1616 1670 ornare
1634 1630 1725 1671 vel-

988 1694 1068 1743 let,
1108 1707 1132 1731 a
1158 1706 1298 1732 rerum
1324 1696 1473 1730 natura
1502 1688 1724 1738 recesserit,

992 1752 1167 1791 docuere
1192 1749 1274 1790 viri
1305 1748 1426 1788 docti.
1497 1746 1727 1802 (placidum

990 1810 1117 1850 ventis
1140 1807 1342 1862 Spohnius
1361 1806 1558 1859 explieat:
1582 1806 1726 1857 placi-

991 1868 1090 1906 dum
1117 1883 1144 1906 a
1171 1868 1319 1915 aventis,
1371 1865 1460 1904 coll.
1490 1863 1600 1903 Hirt.
1628 1863 1726 1903 Bell.

994 1925 1108 1966 Alex.
1131 1939 1164 1964 0.
1187 1927 1244 1966 1.;
1275 1938 1404 1974 „nam
1423 1921 1610 1961 incendio
1645 1922 1728 1961 fere

995 1990 1088 2023 tuta
1124 1989 1185 2022 est
1222 1981 1507 2021 Alexandria.“
1574 1980 1729 2019 Verum

996 2043 1029 2082 si
1058 2056 1150 2081 omn
1192 2040 1256 2079 his
1288 2039 1506 2079 contuleris
1541 2037 1638 2078 Aen.
1678 2036 1728 2086 V,

995 2103 1111 2143 763.;
1163 2098 1347 2152 „placidi
1381 2102 1619 2136 straverunt
1660 2107 1730 2135 ae-

996 2172 1125 2210 quora
1141 2157 1253 2197 venti
1265 2158 1301 2207 ;“
1319 2155 1631 2209 probabiliorem
1649 2166 1730 2192 esse

994 2216 1190 2268 intelliges
1230 2212 1524 2258 Wunderlichii
1568 2219 1731 2252 senten-

997 2272 1118 2324 tiam‘,
1149 2274 1206 2313 ita
1227 2273 1458 2312 scribentis:
1487 2271 1733 2321 „Placidum

998 2334 1139 2382 ventis,
1172 2332 1197 2371 i.
1220 2345 1252 2370 e.
1271 2330 1403 2370 ventis
1424 2329 1574 2382 sopitiS‚
1607 2341 1734 2380 quum

1001 2391 1113 2431 venti
1151 2389 1350 2441 quievere.
1416 2388 1519 2428 Nam
1558 2385 1734 2427 vffentis

1000 2448 1226 2502 placidis
1256 2453 1499 2486 sternere
1537 2458 1734 2496 aequo-

1000 2520 1056 2546 ra
1072 2506 1282 2555 tribuitur,
1308 2511 1357 2544 ut
1368 2504 1526 2553 Aen.V,
1546 2505 1643 2546 763.
1673 2501 1736 2540 Ita

1006 2564 1115 2618 apud
1126 2563 1368 2617 Soph.Aiac.
1385 2561 1499 2605 674:
1531 2562 1679 2602 δεινοῖν
1702 2554 1736 2600 δ’

1005 2621 1117 2676 ἅημα
1151 2618 1396 2675 πνευμάτων
1432 2620 1611 2672 ἐκοίμισε
1653 2616 1735 2660 στέ-

1006 2697 1128 2722 νοντα
1150 2675 1311 2722 πόντον.
1332 2678 1373 2718 h.
1401 2691 1433 2718 e.
1453 2679 1590 2730 flatus
1614 2675 1737 2715 vehe-

1006 2741 1198 2777 mentium
1214 2745 1419 2777 ventorum
1438 2733 1508 2791 (sc.
1527 2731 1736 2786 cessando)

1004 2805 1229 2848 gementem
1249 2803 1424 2847 pontum
1448 2795 1578 2846 sopire
1613 2793 1710 2831 solet
1720 2806 1736 2838 ‚·

1007 2855 1078 2893 ubi
1119 2853 1202 2893 vid.
1243 2854 1498 2906 interpretes.
1509 2854 1533 2874 “
1598 2850 1740 2902 Itaque

1008 2914 1133 2950 ventis
1145 2912 1362 2963 placidum
1379 2924 1489 2949 mare
1506 2909 1531 2948 i.
1550 2922 1588 2961 q.
1609 2908 1741 2948 ventis

1009 2969 1234 3020 placatum,
1265 2974 1451 3009 stratum.
1486 2965 1599 3021 Wr.)
