1768 3320
178 208 239 303 18
452 250 552 299 DE
594 248 960 298 CARMINE
997 241 1420 294 BUCOLICO

174 387 258 427 tus
287 377 366 439 sit,
402 391 516 424 non
548 373 802 442 equidem
834 371 1000 422 ausim
1029 368 1391 436 pronuntiare.
1447 370 1586 420 Nam
1617 368 1697 419 di-

174 463 322 497 versa
343 462 428 495 res
450 453 551 503 est;
591 460 703 494 esse
736 442 866 492 dura
894 438 1171 503 nonnulla,
1211 455 1348 505 quae
1370 438 1425 488 in
1447 438 1529 488 his
1552 439 1698 494 eclo-

174 517 251 582 gis
283 522 587 578 occurrant,
645 529 780 580 quae
820 521 1000 561 tamen
1042 517 1292 574 corrupta
1320 509 1500 575 potius
1534 518 1587 559 et
1616 509 1698 558 in-

175 585 434 653 terpolata
466 584 667 634 dixeris.
736 585 810 632 Ex
837 597 948 630 uno
979 595 1107 629 vero
1138 577 1258 640 illo,
1297 578 1447 645 quod
1479 580 1698 629 cuium

176 672 376 723 pecus
423 653 811 719 reprehensum
858 649 1020 699 fuisse
1068 650 1458 710 Grammaticus
1506 658 1698 713 narrat,

175 727 257 776 vix
288 725 407 774 satis
447 733 562 772 tuto
595 722 847 772 iudicium
884 718 1054 770 facias,
1125 721 1197 769 Ut
1235 727 1419 769 tamen
1448 720 1698 786 Virgilius

174 804 375 846 tantam
418 793 556 860 apud
589 790 874 858 populares
904 806 1028 838 suos
1070 788 1289 838 laudem
1319 806 1419 856 per
1446 790 1697 840 Bucolica

178 872 617 930 consequeretur,
652 860 780 910 fecit
811 860 1052 926 inprimis
1081 860 1169 927 rei*
1192 860 1423 925 novitas,
1459 859 1697 928 felixque

177 938 231 986 in
272 935 502 984 carmine
542 930 742 992 Siculo,
800 930 950 997 quod
991 931 1102 996 ipsa
1150 931 1416 980 sermonis
1463 931 1697 982 Romani

178 1005 425 1072 asperitas
451 1018 704 1068 respuere
733 1000 1026 1062 videbatur,
1062 999 1441 1051 transferendo
1467 1000 1696 1052 audacia.

174 1074 431 1127 Nondum
462 1073 606 1122 enim
635 1087 813 1120 sermo
843 1072 1122 1121 Romanus
1154 1070 1222 1121 ad
1250 1070 1357 1122 hoc
1389 1089 1575 1122 rerum
1603 1087 1697 1137 ge-
1763 1068 1766 1077 ¹

175 1162 298 1205 nus,
337 1143 403 1192 ad
440 1150 716 1192 venustam
746 1141 882 1190 hanc
914 1140 1336 1207 simplicitatem,
1396 1142 1465 1192 ad
1502 1158 1697 1192 nume-

175 1231 361 1264 rorum
394 1213 528 1262 hanc
554 1211 864 1273 mollitiem,
911 1211 1173 1278 expolitus
1206 1220 1339 1275 erat,
1390 1229 1514 1262 cum
1542 1216 1695 1263 Maro

175 1286 377 1352 primus
402 1291 630 1332 tentaret
663 1298 877 1330 carmen
910 1282 1221 1331 bucolicum
1253 1282 1501 1332 scribere.
1561 1284 1697 1332 Sunt

174 1363 445 1422 praeterea
472 1351 641 1401 multa
669 1352 848 1415 magni
868 1361 1064 1418 poetae
1095 1353 1149 1401 in
1171 1351 1253 1401 his
1283 1353 1408 1419 ipsis
1449 1354 1696 1402 carmini-

173 1426 271 1473 bus
291 1422 515 1487 vestigia,
535 1422 775 1488 inprimis
798 1421 1038 1472 doctrina
1060 1423 1300 1489 copiosa,
1338 1423 1593 1473 orationis
1616 1423 1696 1472 di-

173 1494 338 1559 gnitas
369 1502 421 1541 et
451 1491 716 1541 elaborata
737 1492 1026 1561 limataque
1047 1493 1102 1542 in
1123 1492 1398 1560 plerisque
1422 1492 1694 1558 elegantia.

308 1562 466 1613 Eclo
479 1577 592 1626 gae
632 1562 854 1629 quidem
885 1580 1116 1626 nomen,
1173 1580 1287 1613 non
1317 1564 1498 1613 minus
1532 1581 1693 1631 quam

173 1631 422 1697 Idyllii,
457 1631 603 1681 haud
637 1632 798 1682 dubie
830 1634 1199 1684 Grammaticis
1235 1633 1478 1684 debetur.
1555 1635 1693 1685 Cum

176 1701 309 1751 illud
336 1702 511 1767 primo
543 1701 695 1751 latius
726 1711 955 1769 pateret,
1005 1714 1058 1754 et
1088 1704 1156 1754 ad
1187 1703 1416 1772 quodvis
1448 1705 1694 1754 carminis

175 1772 283 1821 sive
313 1772 487 1836 operis
516 1787 682 1836 genus
719 1775 1037 1840 pertineret,
1102 1773 1280 1843 quod
1318 1791 1348 1824 e
1384 1774 1694 1841 pluribus

178 1841 511 1890 delectum
552 1852 748 1908 esset,
821 1854 909 1894 aut
950 1861 979 1894 e
1028 1844 1338 1912 pluribus
1395 1843 1694 1894 eiusdem

176 1909 426 1959 formae
473 1921 757 1972 constaret3
810 1924 871 1963 ut
904 1916 1110 1965 Horatii
1139 1917 1432 1966 Sermones
1467 1916 1522 1964 in
1553 1931 1694 1964 non-

177 1979 336 2029 nullis
377 1979 644 2031 codicibus
696 1982 893 2033 eodem
933 1986 1159 2035 nomine
1202 1985 1439 2050 insigniri
1478 1994 1694 2035 narrant

178 2050 271 2099 viri
313 2049 478 2109 docti3
538 2053 978 2121 quandoquidem
1016 2055 1172 2123 plura
1202 2056 1436 2105 carmina
1466 2056 1693 2118 minora,

179 2119 301 2167 licet
331 2119 568 2170 eiusdem
601 2125 829 2187 generiS,
880 2125 1092 2176 duobus
1123 2126 1269 2176 libris
1301 2125 1692 2192 comprehensa

181 2197 233 2237 et
263 2188 482 2238 collecta
524 2202 667 2252 sunt3
715 2194 950 2245 adhaesit
980 2196 1037 2246 id
1067 2214 1298 2260 nomen,
1352 2205 1381 2246 e
1412 2198 1693 2246 Gramma-

179 2258 406 2307 ticorum
430 2259 679 2325 doctrina,
699 2267 926 2328 generi
954 2266 1294 2326 bucolico3
1319 2275 1525 2316 constat
1545 2266 1693 2316 enim

181 2327 444 2377 eiusmodi
484 2329 618 2380 liber
647 2349 676 2382 e
705 2333 946 2399 pluribus
990 2337 1336 2397 carminibus;
1395 2353 1531 2404 quae
1574 2336 1689 2404 qui—

181 2395 307 2476 dem
335 2406 395 2446 ut
427 2414 486 2446 ex
516 2400 624 2450 aliis
662 2404 740 2452 sui
771 2407 979 2468 generis
1017 2407 1213 2457 selecta
1249 2408 1376 2470 sint,
1433 2407 1525 2474 qui
1562 2422 1691 2473 pro-

179 2483 322 2531 prius
370 2469 610 2520 vocabuli
650 2473 968 2537 significatus
1018 2487 1120 2537 est,
1194 2478 1420 2527 minime
1470 2493 1690 2526 necesse

181 2551 294 2615 esse
324 2537 558 2617 arbitror.
631 2545 751 2604 Quo
790 2547 1011 2596 nomine
1042 2547 1290 2613 Virgilius
1324 2564 1385 2597 ea
1418 2547 1473 2596 in
1501 2546 1691 2612 vulgus

182 2615 438 2683 emiserit,
501 2626 612 2658 non
651 2623 877 2674 constat3
944 2616 1011 2666 de
1051 2618 1207 2667 titul‘o
1251 2626 1304 2667 et
1342 2617 1689 2683 inscriptione

180 2672 441 2724 librorum
468 2688 672 2729 veteres
703 2698 816 2732 noii
845 2685 999 2735 valde
1034 2686 1368 2746 laborabant3
1421 2686 1690 2736 Bucoli-

181 2758 403 2793 corum
467 2755 647 2797 tamen
695 2767 898 2802 nomen
958 2758 1132 2806 verius
1182 2767 1235 2807 et
1274 2757 1540 2824 antiquius
1596 2765 1688 2806 est.

177 2813 360 2878 Ipsum
397 2825 629 2881 poetam,
658 2830 943 2888 postquam
973 2826 1175 2890 singula
1208 2845 1267 2877 ea
1300 2827 1532 2877 carmina
1570 2826 1688 2877 vul-

177 2892 409 2963 gaverat,
475 2903 585 2963 uno
633 2889 907 2941 volumine
959 2906 1143 2945 cuncta
1189 2914 1302 2947 esse
1345 2896 1687 2963 complexum

178 2952 454 3018 probabile
495 2956 577 3018 iit,
645 2975 765 3007 cum
806 2963 1012 3026 Tityrus
1055 2966 1264 3016 initium
1307 2966 1685 3017 Bucolicorum
