1768 3320
264 231 750 288 GEORGICON
786 228 1007 291 LlB.1‚
1045 229 1266 278 34-—47

1428 231 1527 279 291

1 371 332 435 Ignarosque
350 363 467 413 viae
486 376 709 411 mecum
726 357 1008 408 miseratus
1030 353 1262 420 agrestiS,

2 435 323 504 Ingredere,
362 442 416 484 et
434 432 571 482 votis
598 430 707 480 iam
729 443 875 478 nunc
900 425 1156 487 adsuesce
1178 421 1371 473 vocari.

73 511 216 561 Vere
236 520 382 555 novo
396 544 410 567 ,
445 499 656 568 gelidus
677 498 820 549 canis
843 513 1015 564 quum
1032 493 1312 544 montibus
1333 490 1536 540 humor

3 577 274 646 Liquitur,
311 583 365 625 et
385 571 634 640 Zephyro
656 569 828 638 putris
849 583 906 617 se
925 565 1082 633 gleba
1102 561 1338 626 resolvit,

3 653 275 716 Depresso
299 644 516 711 incipiat
537 643 643 692 iam
666 649 783 690 tum
803 637 939 688 mihi
962 646 1144 687 taurus
1165 642 1338 684 aratro
1470 632 1538 682 45

5 722 317 785 Ingemere,
356 723 409 764 et
429 712 578 764 sulco
602 710 826 762 adtritus
845 706 1227 776 splendescere
1251 717 1457 753 vomer.

6 789 102 841 Illa
128 803 280 854 seges
305 785 533 836 demum
554 783 692 833 votis
715 778 1016 848 respondet
1034 776 1173 827 avari

57 906 129 955 (41.
162 919 187 942 a
215 905 327 940 restis
344 902 457 947 *etiam
484 901 637 945 Medic.‚
670 900 736 935 sed
759 900 775 933 i
797 897 836 933 in
854 910 875 932 e
902 902 1065 932 mutatur.
1097 894 1194 940 Wr.)

157 920 219 988 ἆέ.
237 949 446 987 Terentiani
466 949 600 991 Mauri,
623 958 824 994 perperam.
860 945 1041 999 ste-putris
1060 941 1158 977 Toll.

8 956 117 1004 putri
135 967 154 988 e

1302 887 1351 926 44
1381 888 1543 943 zephyro

1254 936 1302 975 46
1326 948 1443 972 vomis
1461 935 1543 969 Me·-

11 1003 81 1038 dic.
98 1014 119 1038 a
135 1014 182 1036 m.
202 1013 273 1035 sec.
291 1005 376 1034 tert.
394 997 541 1032 Mentel.
560 998 648 1042 Reg.
666 1002 688 1030 a
704 1008 749 1028 m.
769 1005 860 1034 sec.;
885 1004 935 1026 sic
952 991 1015 1025 inf.
1038 991 1107 1026 162
1126 995 1163 1022 et
1183 999 1241 1033 ap.
1254 984 1353 1020 ovid.
1372 985 1466 1018 Fast.
1481 983 1543 1025 IV,

11 1051 95 1088 927.
130 1048 192 1083 ubi
217 1047 289 1082 vid.
309 1045 432 1080 Heius.
455 1051 491 1079 et
507 1047 605 1079 Serv.
631 1043 678 1078 ad
695 1045 782 1077 Aen.
802 1041 830 1083 1,
849 1040 932 1076 293.
981 1039 1121 1085 (vomer
1142 1041 1196 1069 est
1215 1033 1315 1080 prior
1336 1030 1443 1065 lectio
1461 1031 1545 1063 Me-

13 1097 129 1138 dicei3
154 1095 251 1142 quod
269 1092 398 1148 reliqui
415 1092 452 1126 in
469 1098 588 1132 textu3
608 1091 741 1126 ,vomis
761 1087 852 1122 enim
874 1099 916 1120 ex
935 1098 987 1120 vs.
1013 1086 1092 1121 162.
1118 1082 1291 1117 adscitum
1311 1078 1470 1119 videm-3
1495 1077 1546 1110 sic

15 1145 109 1179 enim
124 1142 300 1178 interdum
315 1139 480 1175 s1m11iu'm
498 1139 688 1173 verborum
705 1142 766 1171 aut
783 1133 1035 1170 sententiarum
1052 1128 1256 1166 recordatio
1277 1139 1386 1160 novas
1403 1124 1548 1172 peperit

14 1191 206 1234 lectiones,
237 1189 309 1224 vid.
333 1187 455 1222 Heius.
482 1186 527 1220 ad
547 1185 622 1220 Ecl.
638 1186 684 1228 V,
706 1185 766 1220 37.
797 1185 884 1216 Aen.
903 1182 948 1224 V,
972 1181 1029 1216 88.
1048 1178 1131 1215 486.
1165 1177 1231 1219 IX,
1259 1172 1353 1217 814„
1377 1172 1474 1207 cuius
1494 1171 1547 1205 rei

15 1237 169 1284 insignia
188 1236 359 1284 quaedam
376 1233 528 1279 vestigia
545 1233 677 1278 inipso
695 1229 860 1266 Mediceo
881 1225 1206 1274 deprehenduntur.
1237 1224 1293 1258 W
1288 1223 1332 1266 r.)
1403 1218 1450 1256 47
1469 1219 1550 1254 voti

17 1289 121 1322 Rom.
162 1285 292 1320 avaris
312 1282 448 1318 Zulich.

19 1392 175 1434 etiamsi
193 1405 218 1431 a
235 1397 368 1430 matre
385 1394 615 1438 revocetur,
644 1386 758 1427 redi-

19 1466 66 1493 re
95 1451 193 1491 inde
222 1450 339 1490 velit:
383 1448 484 1487 adeo
516 1453 627 1485 amat
648 1458 760 1485 nunc

19 1511 111 1551 loca
137 1509 280 1548 infera.
349 1506 419 1548 41.
449 1518 606 1544 mecum
636 1506 760 1542 mise-

21 1577 134 1608 ratus
162 1567 281 1620 iunge
307 1563 635 1618 interpretando:
674 1575 759 1611 seu,

23 1640 182 1666 mecum
214 1624 435 1676 ingredere,
478 1622 626 1675 incipe,
665 1619 706 1659 h.
732 1619 760 1658 1.

26 1682 244 1725 dummihi
261 1682 380 1732 ades,
409 1682 534 1720 faves.
596 1677 761 1734 (Ingre-

25 1744 116 1783 dere
155 1748 227 1781 aut
262 1754 356 1780 cum
384 1739 594 1778 Infinitivo
622 1737 763 1775 vocari

26 1800 278 1854 iungendum
289 1829 300 1850 ,
329 1804 378 1838 ut
396 1797 602 1850 ingredior
615 1796 760 1843 dicere,

27 1859 191 1900 scribere
212 1857 323 1912 apud
339 1856 517 1895 Tullium
527 1870 538 1906 3
557 1860 640 1904 aut,
653 1852 766 1906 quod

28 1923 232 1972 praestat,
255 1915 456 1955 ·absolute
479 1913 636 1952 dictum
655 1912 705 1950 de
721 1923 767 1950 re

29 1990 192 2030 magna,
224 1989 306 2027 quo
325 1973 441 2013 ducit
469 1972 554 2025 ipse
578 1970 768 2023 Virgilius

31 2034 130 2075 Aen.
148 2034 254 2084 VIII,
275 2034 492 2083 511.sqq.:
521 2030 624 2081 ‚‚Tu‚
656 2028 770 2068 euius

33 2100 75 2133 et
87 2092 202 2132 annis
220 2093 274 2131 Et
291 2091 426 2144 generi
443 2090 527 2128 fata
543 2087 770 2139 indulgent,

33 2165 155 2205 quem
171 2150 339 2190 numina
363 2152 560 2201 poscunt,
598 2146 616 2184 1
624 2157 772 2197 ngre-

36 2211 180 2259 dere,
212 2222 236 2247 ο
256 2209 460 2247 Teucrum
484 2210 605 2256 atque
622 2202 772 2242 Italum

35 2267 252 2308 fortissime
273 2264 478 2314 ductor;“
507 2262 653 2315 quibus
673 2273 773 2300 ver-

35 2327 99 2366 bis
118 2324 308 2365 Evander
334 2321 500 2362 Aenean
525 2319 578 2359 ad
602 2332 774 2372 regnum

37 2375 346 2438 Tyrrhenorum
386 2377 674 2433 capessendum
700 2390 776 2415 ex-

39 2444 152 2483 citat.
185 2443 256 2483 W
249 2439 298 2495 r.)
356 2439 421 2478 Ita
438 2437 598 2490 ingredi
612 2449 653 2476 v.
672 2449 706 2475 c.
725 2434 776 2485 II,

42 2499 126 2543 174
165 2499 238 2539 tibi
265 2513 327 2537 res
355 2498 549 2549 antiquae
576 2494 714 2533 laudis
741 2500 779 2531 et

41 2561 141 2598 artis
168 2557 394 2610 Ingredior.
437 2553 556 2592 Adde
584 2551 685 2592 Aen.
712 2550 779 2601 IV,

46 2619 141 2659 107.
158 2616 264 2666 VIII,
279 2615 376 2658 513.
392 2613 466 2663 XI,
477 2610 574 2654 704.
614 2609 683 2652 42.
694 2611 782 2648 iam

44 2688 151 2713 nunc
179 2674 392 2722 adsuesce,
421 2676 569 2724 utpote
593 2668 692 2707 deus
712 2668 780 2707 fu-

45 2739 176 2772 turus.

105 2789 161 2831 43
182 2810 240 2820 —
259 2786 328 2830 46.
368 2787 471 2826 Cum
505 2785 638 2838 primo
682 2795 781 2823 vere

49 2847 181 2888 aratio
216 2845 467 2885 instituenda
499 2849 578 2882 est:
618 2841 671 2880 ad
699 2841 781 2880 du-

50 2903 337 2946 ctumHesiodi
348 2900 466 2956 ’Έργ.
483 2900 567 2944 458
579 2914 677 2952 sqq.,
689 2913 782 2938 cum

52 2965 125 3004 nix
142 2961 329 3014 liquescit
342 2990 352 3009 ,
383 2966 426 2998 et
442 2965 567 3008 terra,
598 2972 621 2996 a
635 2957 782 3009 frigore

0 3034 9 3055 Χ
54 3021 294 3069 constricta,
321 3017 483 3070 tepidae
503 3023 624 3055 aurae
644 3015 783 3055 afflatu

814 1382 1047 1424 resolvitur.
1056 1380 1258 1433 putris—
1266 1374 1402 1429 gleba,
1422 1373 1550 1413 emol-

815 1443 888 1482 lita
912 1448 1074 1495 tepore,
1114 1436 1296 1477 resoluta
1327 1440 1370 1472 et
1396 1439 1550 1480 tenera,

817 1515 912 1540 cum
940 1505 1061 1538 antea
1090 1501 1194 1535 esset
1219 1494 1311 1546 gelu
1343 1491 1551 1530 adstricta.

817 1573 858 1599 v.
880 1558 933 1596 ad
948 1557 996 1607 Π,
1015 1555 1113 1598 204.
1172 1551 1228 1595 45
1249 1566 1306 1604 sq.
1330 1550 1467 1599 Quam
1483 1562 1553 1587 or-

819 1622 911 1656 nato
928 1629 1025 1669 pro:
1053 1614 1135 1653 iam
1153 1617 1244 1650 tum
1261 1607 1455 1648 arationis
1473 1606 1554 1645 ini-

818 1676 925 1714 tium
953 1671 1183 1713 faciendum
1215 1669 1295 1707 est!
1324 1668 1485 1706 Lucret.
1505 1664 1554 1715 V,

821 1736 906 1776 209
936 1733 998 1771 vis
1017 1731 1203 1769 humana
1221 1749 1281 1756 -
1296 1725 1436 1765 valido
1456 1737 1556 1762 con-

820 1799 934 1830 saeta
951 1789 1101 1828 bidenti
1121 1789 1330 1838 Ingemere
1355 1791 1391 1822 et
1410 1791 1558 1821 terram

816 1850 967 1902 pressis
984 1846 1241 1899 proscindere
1268 1842 1430 1881 aratris.
1492 1838 1558 1878 Ad

822 1922 910 1948 rem
927 1906 1012 1946 vid.
1037 1904 1222 1944 Dickson
1242 1898 1494 1951 Husbandty
1513 1896 1563 1950 off

825 1966 891 2005 tlze
907 1965 1086 2003 ancients
1102 1962 1147 2001 T.
1165 1960 1196 2010 I,
1212 1974 1252 2013 p.
1272 1958 1357 2001 483
1378 1971 1435 2009 sq.

883 2023 941 2065 47
964 2044 1022 2051 —
1041 2020 1110 2062 49.
1156 2018 1211 2057 At
1247 2016 1377 2056 aratio
1411 2015 1560 2054 iterato

826 2080 1011 2122 facienda
1037 2084 1119 2127 est,
1148 2082 1198 2116 ut
1225 2079 1450 2128 proventus
1478 2071 1561 2124 agri

827 2131 1218 2190 votis*1*espondeat.
1277 2133 1364 2172 Illa
1381 2145 1563 2184 seges—

831 2198 891 2236 bis
906 2210 1011 2250 quae
1033 2195 1179 2243 solem,
1210 2190 1450 2243 bissi-igora
1469 2203 1563 2227 sen-

830 2258 896 2294 sit.
930 2267 1044 2306 seges
1070 2251 1113 2291 h.
1132 2251 1160 2290 1.
1194 2255 1254 2288 est
1287 2255 1418 2298 terra,
1459 2259 1563 2298 ager.

832 2312 1059 2366 Trepidant
1085 2310 1129 2349 in
1156 2308 1198 2347 h.
1226 2307 1254 2346 l.
1278 2307 1456 2359 Interpp.
1483 2305 1566 2343 iam

832 2371 930 2411 inde
958 2384 982 2408 a
1020 2368 1154 2407 Probo
1174 2397 1186 2417 ‚
1232 2371 1284 2404 ut
1318 2367 1567 2417 componant

832 2429 936 2469 haec
966 2441 1061 2467 cum
1091 2424 1275 2465 aratione
1303 2422 1447 2471 tertia,
1486 2433 1567 2472 qua

835 2488 960 2540 vulgo
979 2490 1141 2525 constat
1158 2481 1237 2521 seri
1252 2482 1419 2520 solitum
1432 2479 1567 2528 fuisse,

837 2547 896 2586 ita
923 2550 974 2585 ut
1001 2555 1099 2584 vere
1131 2542 1300 2580 ineunte
1339 2552 1432 2591 ager
1466 2551 1568 2590 pro-

838 2603 1114 2651 scinderetur,
1151 2603 1303 2637 aestate
1334 2597 1568 2643 iteraretur,

838 2668 1059 2702 auctumno
1078 2657 1340 2706 tertiaretur,
1371 2661 1493 2706 atque
1509 2653 1571 2691 ita

838 2720 1026 2760 sementis
1043 2718 1172 2757 fieret.
1189 2714 1293 2753 cons.
1308 2713 1380 2753 inf.
1391 2714 1570 2762 219sqq.

839 2786 880 2819 et
904 2777 999 2818 vide
1016 2790 1056 2816 v.
1076 2789 1110 2814 c.
1131 2772 1286 2813 colum.
1305 2770 1392 2822 11,4
1411 2776 1453 2808 et
1469 2769 1570 2817 11,8.

840 2837 934 2877 add.
959 2835 1069 2874 Arat.
1094 2833 1266 2871 Diosem,
1295 2832 1376 2872 321
1401 2841 1458 2879 sq.
1517 2823 1573 2862 At

840 2895 947 2935 enim
969 2894 998 2932 ii
1026 2890 1244 2944 agricolae,
1285 2887 1357 2938 qui
1387 2886 1434 2924 in
1463 2889 1574 2921 terra

839 2954 918 2994 rite
934 2948 1156 3003 subigenda
1175 2958 1374 2985 summam
1391 2941 1575 2981 culturae

833 3010 1066 3065 ponebant,
1104 3009 1250 3058 quater
1281 3001 1472 3047 arabant,
1511 3009 1576 3035 se-

1187 3071 1294 3117 19*

1651 279 1666 301 X
