1768 3320
300 189 790 244 GE‘ORGICON
824 189 966 240 LIB.
1007 189 1054 253 Ι,
1091 194 1386 244 222—228

1503 199 1607 247 329

0 345 3 348 ·
78 321 271 373 Debita
297 334 460 387 quam
481 315 638 367 sulcis
667 315 951 366 conmittas
970 316 1202 381 semina,
1242 334 1516 386 quamque

79 391 281 442 Invitae
304 403 567 456 properes
588 386 712 436 anni
732 402 888 453 spem
914 385 1137 436 credere
1157 395 1346 439 terrae.

77 460 236 513 Multi
272 467 396 509 ante
428 473 678 508 occasum
699 457 870 507 Maiae
898 473 1162 523 coepere:
1199 456 1297 507 sed
1315 456 1434 507 illos
1505 460 1610 511 225

78 531 387 598 Exspectata
410 543 562 594 seges
578 526 725 577 vanis
747 525 904 576 elusit
924 527 1103 578 aristis,

82 601 139 652 Si
160 616 292 651 vero
310 599 611 666 viciamque
635 614 780 648 seres
798 596 1071 665 vilemque
1094 594 1342 662 faselum,

78 674 192 723 Nec
208 669 514 722 Pelusiacae
536 684 718 718 curam
746 666 1144 735 adspernabere
1167 666 1349 718 lentis:

80 776 197 859 &233
220 787 440 823 quamquam
460 775 589 808 Moret.
610 786 679 808 sec.

774 770 845 809 224
868 773 1022 807 caedere
1042 772 1172 807 Medic.
1188 772 1260 806 vid.
1282 773 1398 806 Burm-
1437 773 1613 821 properis

265 824 336 859 226
360 823 489 856 aristis
508 821 631 855 Heius.
651 833 670 855 e
688 820 817 855 Medic.
839 821 965 866 fragm.
988 822 1093 855 Voss.
1111 821 1240 854 Moret.
1260 832 1316 865 pr.
1341 828 1375 854 et
1392 827 1464 854 vet.
1482 822 1612 854 Gram-

11 886 17 889 “
79 870 236 906 maticis:
270 875 311 903 ut
332 869 401 903 iam
422 869 558 903 Pierius
580 880 622 902 ex
641 869 742 902 Rom.
768 875 805 902 et
829 868 906 902 aliis
932 874 1084 901 notarat.
1134 868 1264 902 aristis
1285 867 1389 901 etiam
1408 868 1519 902 Goth.
1541 879 1611 901 sec.

62 918 202 953 habet.
238 916 391 962 Vulgata
410 916 518 950 lectio
541 923 617 950 erat
635 917 780 957 aveni-55
806 915 902 961 quod
921 915 1067 960 proprie
1087 915 1154 949 hac
1170 914 1208 948 iu
1223 926 1262 948 re
1281 914 1431 957 dicitur;
1457 922 1494 949 et
1514 914 1612 961 quod

78 971 165 1012 post
185 964 338 998 Pieriam
361 963 530 1008 praetulit
547 962 777 1007 Cuningham.
826 962 977 997 Videtur
1000 970 1117 996 tamen
1143 961 1339 1007 proclivior
1363 975 1464 997 error
1489 962 1611 1005 fuisse,

79 1020 118 1047 ut
134 1012 181 1046 ad
196 1012 328 1046 avenis·
347 1010 473 1057 aliquis
495 1010 713 1052 deflecteret,
743 1021 847 1055 quam
865 1009 943 1043 vice
959 1021 1072 1044 versa.
1099 1009 1209 1055 (quod
1226 1009 1316 1043 mihi
1338 1022 1438 1044 secus
1456 1009 1610 1050 videtur;

80 1060 146 1094 sed
166 1071 271 1105 quum
293 1057 562 1093 veterrimorum
588 1057 760 1091 librorum
787 1064 822 1090 et
844 1057 1179 1099 Grammaticorum,
1211 1063 1371 1090 veterum
1392 1069 1531 1104 quoque
1547 1059 1611 1091 Iu—

78 1112 300 1153 terpretum,
334 1116 481 1151 quorum
503 1104 679 1138 silentium
697 1103 733 1137 in
749 1103 812 1137 tali
830 1116 870 1137 re
889 1103 1081 1138 testimonii
1104 1103 1242 1149 pondus
1265 1104 1374 1138 habet
1386 1131 1396 1147 ,
1420 1104 1610 1139 auctoritas

79 1159 287 1200 propugnet
305 1151 494 1187 lectionem
512 1152 652 1197 Heynio
677 1151 863 1196 probatam
877 1178 887 1194 ,
919 1151 1038 1185 malim
1059 1151 1111 1185 ita
1129 1157 1284 1185 statuere
1296 1178 1306 1194 ,
1332 1154 1481 1195 avenis,
1515 1152 1613 1198 quod

79 1203 187 1236 Voss.
207 1205 245 1234 et
262 1199 362 1233 Iahn.
382 1206 614 1244 receperunt,
651 1199 775 1232 deberi
803 1198 958 1232 librariis
979 1198 1172 1245 propinqui
1191 1210 1269 1232 voc.
1300 1201 1410 1233 vanis
1434 1211 1523 1233 sono
1542 1199 1611 1233 de-

80 1248 214 1295 ceptis;
237 1253 344 1292 atque
362 1246 496 1281 aurium
515 1245 646 1280 iudicio
668 1245 699 1279 si
718 1245 852 1291 aliquid
868 1246 1033 1289 dandum,
1056 1245 1188 1279 nemini
1206 1245 1311 1279 facile
1331 1246 1487 1290 placebit
1502 1248 1613 1281 vam's

79 1296 220 1330 avenis.
250 1293 346 1338 Wr.)
394 1295 539 1328 acervis
564 1293 732 1327 Arundel.
760 1301 800 1327 et
820 1293 986 1327 Cantabr.

81 1344 185 1377 Voss.
220 1341 360 1375 delusit
388 1341 551 1375 Parrhas.
599 1341 720 1374 illusit
746 1341 848 1374 Rom.

72 1388 253 1437 fasellum
279 1389 488 1434 viciamque.

79 1448 197 1483 neque
217 1435 323 1470 aliter
342 1436 407 1470 Ge.
428 1436 491 1479 IV,
512 1436 596 1472 289.
626 1435 724 1481 Wr.)

79 1520 170 1573 gine
193 1525 234 1558 et
251 1518 565 1558 circumactione
584 1517 715 1573 caeli),
737 1519 815 1558 So-

81 1580 133 1618 lis
152 1586 191 1617 et
204 1578 394 1618 adversos
425 1585 606 1616 metuant
629 1578 815 1616 Atlanti-

80 1636 150 1674 des
170 1644 278 1676 ortus
290 1652 302 1674 :
348 1648 430 1687 quo
451 1635 616 1687 quidem
631 1635 722 1674 loco
737 1649 815 1688 pro

79 1695 229 1734 celetur
252 1693 400 1747 legitur
428 1695 633 1743 celeretur,
673 1708 817 1733 eume-

35 1798 39 1802 ,
80 1761 146 1791 tur
156 1768 173 1801 ;
214 1752 351 1792 nullus
375 1756 514 1790 tamen
540 1751 683 1791 dubito
710 1752 816 1790 cele-

80 1819 146 1849 tur
167 1810 225 1850 ibi
252 1823 335 1849 esse
360 1822 499 1849 veram
529 1809 746 1849 lectionem
765 1823 818 1849 ex

78 1868 235 1921 Virgilii
294 1868 524 1908 imitatione
567 1869 814 1922 profectam,

79 1926 289 1980 Virgilium
303 1932 439 1966 autem
448 1927 492 1966 in
504 1940 720 1966 erroneum
731 1927 817 1965 cal-

81 1984 220 2024 culum
245 1984 450 2035 incidisse,
482 1985 583 2024 dum
606 1985 817 2024 Democri-

79 2049 187 2082 team
203 2043 405 2083 rationem
422 2044 680 2095 sequebatur,
695 2057 819 2095 quam

81 2102 262 2141 servavit
302 2101 629 2154 Geoponicorum
673 2108 818 2141 auctor

82 2172 135 2198 ex
154 2159 328 2212 Didymo
344 2160 413 2199 lib.
434 2160 493 2209 ΙΙ,
517 2159 570 2201 14
611 2156 819 2214 Δημόκρι-

81 2233 150 2267 τος
168 2216 214 2259 δὲ
235 2214 418 2271 φυσικήν
428 2233 520 2258 τινα
535 2213 819 2272 παρατήρησιν

81 2272 361 2330 παραδιδοΰς,
398 2274 494 2330 περὶ
523 2272 600 2328 τήν
628 2278 705 2317 τοῦ
723 2278 820 2317 Στε-

83 2330 225 2387 φάνου
261 2330 433 2387 μάλιστα
469 2329 595 2375 δύσιν
633 2334 815 2389 σπείρειν

82 2388 372 2446 συμβουλεύει·
393 2414 443 2422 --
481 2389 644 2444 ἄρχεται
684 2390 729 2433 δὲ
760 2390 816 2440 ὥς

82 2449 150 2492 ἐπὶ
168 2447 215 2492 w*
236 2447 342 2501 πολὺ
361 2448 392 2503 ἦ
412 2452 489 2492 τοῦ
505 2445 724 2502 Στεφάνου
747 2446 817 2491 δύ-

84 2521 147 2556 σις
168 2508 212 2550 ἐν
230 2511 318 2558 τοῖς
327 2504 429 2549 κατᾶ
454 2509 657 2561 Φοινίκην
676 2503 819 2557 τόποις

83 2568 137 2624 τῇ
163 2562 245 2620 πρό
275 2563 376 2607 ἑπτά
406 2567 625 2607 καλανδῶν
661 2569 815 2619 Δεκεμ-

83 2623 212 2677 βρίων
238 2629 314 2663 etc.
370 2624 559 2664 Dubitari
581 2624 711 2677 igitur
743 2637 817 2663 ne-

84 2681 193 2733 quit,
231 2681 342 2733 quod
368 2682 475 2732 dixi,
514 2696 535 2721 e
565 2689 701 2722 mente
721 2683 818 2722 Vir-

83 2739 167 2791 gilii
191 2739 373 2779 occidere
407 2741 608 2780 Coronam
635 2741 710 2780 sub
729 2741 818 2781 exi-

83 2802 173 2836 tum
197 2797 435 2837 Novembris
463 2805 505 2837 et
533 2799 712 2852 praecipi
742 2799 817 2838 sub

84 2854 197 2893 istud
240 2860 399 2907 tempus
442 2852 568 2896 tritici
609 2858 817 2898 sationem.

86 2910 188 2965 (vid.
225 2911 277 2961 Q.
307 2913 356 2951 V.
392 2914 577 2965 XXXX,
616 2918 656 2957 3.
692 2914 816 2970 Wr.)

86 2973 183 3013 223.
202 2969 271 3013 24.
291 2970 542 3011 Ornatissimi
558 2974 724 3012 versus!
754 2975 817 3012 in-

1033 1293 1130 1328 Vide
1159 1292 1220 1326 hic
1245 1292 1445 1328 Martinam.
1494 1294 1612 1328 eluxit

950 1341 1020 1376 227
1051 1339 1123 1374 Alii
1147 1341 1361 1386 phaselum,
1393 1341 1610 1388 phasillum,

537 1388 750 1435 (phaselum
778 1399 856 1422 cum
881 1387 1010 1422 ceteris
1038 1386 1294 1422 vetustioribus
1326 1387 1431 1422 etiam
1455 1388 1610 1430 Medic.;

872 1522 981 1559 vitae
994 1525 1141 1570 terrae,
1166 1518 1498 1572 quandoquidem
1516 1533 1611 1558 ara-

872 1578 983 1617 tione
1004 1578 1225 1631 subigenda
1243 1584 1316 1617 est.

933 1636 1031 1680 225.
1071 1645 1164 1675 ante
1194 1650 1385 1675 oceasum
1427 1636 1580 1674 Maiae
1594 1665 1606 1685 ,

872 1693 914 1734 h.
935 1694 1168 1745 Pleiadum,
1200 1707 1221 1733 e
1242 1694 1388 1747 quibus
1404 1707 1489 1732 una
1506 1693 1612 1733 Maia

874 1758 947 1792 est.
995 1751 1063 1792 Ad
1078 1766 1166 1792 rem
1183 1751 1373 1806 Xenoph.
1391 1751 1610 1791 Oeconom.

875 1825 908 1850 c.
929 1811 1056 1862 XVII,
1075 1814 1116 1854 2.
1156 1811 1380 1850 Columella
1404 1810 1477 1861 XI,
1492 1813 1533 1861 2,
1554 1812 1610 1853 80

879 1871 1006 1910 Vetus
1037 1878 1095 1908 est
1133 1870 1411 1922 agricolarum
1439 1883 1611 1920 prover-

874 1927 998 1978 bium,
1029 1930 1250 1967 Maturam
1269 1930 1467 1966 sationem
1488 1941 1611 1978 saepe

873 1986 1054 2038 decipere
1071 1987 1206 2036 solere,
1223 2000 1354 2024 seram
1372 1999 1610 2038 numquam,

875 2046 975 2097 quin
1013 2045 1130 2082 mala
1168 2046 1242 2091 sit;
1290 2043 1404 2095 quod
1442 2049 1482 2082 et
1509 2043 1610 2082 Plin.

875 2108 1077 2140 memorat
1099 2102 1252 2151 XVIII,
1280 2102 1349 2145 56.
1407 2101 1613 2141 Posterius

875 2159 958 2198 iam
997 2159 1199 2199 Hesiodus
1242 2166 1460 2199 monuerat
1493 2158 1607 2214 '‘qu.

877 2216 963 2260 479
995 2231 1081 2270 sqq.
1126 2219 1176 2257 cf.
1216 2218 1398 2271 Geopon.
1433 2218 1491 2270 H,
1532 2217 1611 2268 14,

876 2289 966 2329 pag.
989 2278 1085 2318 129.

928 2336 1014 2375 227
1032 2355 1092 2364 --
1117 2336 1216 2377 230.
1262 2334 1398 2374 Viciae
1414 2364 1426 2385 ,
1474 2333 1610 2385 faseli,

873 2397 916 2430 et
931 2391 1054 2430 lentis
1078 2393 1179 2431 satio
1210 2393 1285 2432 sub
1305 2393 1467 2433 inifium
1494 2406 1612 2432 men-

875 2449 928 2488 sis
948 2450 983 2489 N
986 2451 1189 2490 ovembris
1219 2464 1349 2504 usque
1369 2452 1423 2491 ad
1440 2452 1613 2491 multam

875 2507 1061 2558 hiemem.
1120 2509 1168 2549 In
1184 2508 1248 2548 his
1269 2516 1404 2549 autem
1424 2510 1612 2549 omnibus

876 2566 1148 2606 clementioris
1185 2568 1284 2607 caeli
1310 2583 1385 2608 nos
1414 2581 1611 2607 memores

875 2638 959 2663 esse
974 2625 1033 2664 sas
1058 2630 1140 2666 est.¹
1187 2627 1362 2665 Faselus
1395 2633 1457 2666 est
1487 2640 1612 2679 genus

874 2683 1060 2722 fabarum
1070 2713 1081 2734 ,
1112 2684 1225 2735 quod
1240 2685 1357 2723 nobis
1374 2686 1499 2723 Bona
1512 2698 1611 2736 por-

874 2744 970 2780 cina
1018 2748 1060 2780 et
1111 2740 1314 2782 Tumicaj
1353 2742 1438 2782 vid.
1481 2741 1612 2780 Index

874 2799 1050 2853 Scrippt.
1070 2800 1118 2839 R.
1135 2801 1206 2851 R.;
1233 2806 1404 2853 propter
1419 2802 1610 2851 frequen-

873 2858 974 2896 tiam
1010 2859 1104 2897 vilis
1139 2858 1262 2897 dicta.
1331 2860 1430 2899 228.
1469 2859 1612 2895 Lentis

874 2929 1019 2968 magna
1039 2916 1290 2968 praestantia
1307 2921 1349 2953 et
1366 2915 1479 2966 copia
1500 2913 1611 2967 apud

874 2972 1114 3026 Aegyptios3
1143 2973 1227 3013 vid.
1246 2973 1346 3012 Plin.
1369 2972 1512 3023 XVIII,
1531 2974 1583 3014 31
1599 2986 1610 3023 3
