1734 3320
310 197 804 252 GEORGICON
839 202 982 254 L-IB.
1013 205 1102 270 lv,
1127 213 1419 265 377—387
1528 222 1626 269 661

20 363 27 368 .
97 321 323 392 Oceano
348 322 609 389 libemuS,
648 326 732 377 ait.
791 328 964 379 Simul
987 329 1099 396 ipsa
1114 345 1372 399 precatur

97 391 494 461 Oceanumque
516 403 729 462 patrem
755 414 965 463 rerum,
992 402 1372 473 Nymphasque
1396 424 1626 477 sororeS‚

96 463 335 514 Centum
365 480 505 531 quae
539 464 715 531 silvas,
755 477 975 520 centum
996 487 1134 538 quae
1162 470 1383 527 flumina
1401 479 1623 534 servant.

95 534 208 583 Ter
227 531 440 601 liquido
463 534 749 587 ardentem
770 537 1012 605 perfudit
1030 550 1245 594 nectare
1270 544 1510 601 Vestam:

94 604 207 654 Ter
226 601 447 655 flamma
472 604 540 655 ad
565 623 843 659 summum
866 612 991 661 tecti
1013 611 1252 664 subiecta
1274 614 1475 670 reluxit.
1520 624 1622 673 385

0 926 8 950 *ν
0 848 7 866 ”“
0 588 19 806 Ἀ’-Ψινιζςυῆςέᾙ,

93 673 298 725 Omine
322 691 434 743 quo
458 673 682 726 firmans
708 680 973 745 animum,
1011 682 1085 732 sic
1111 683 1295 751 incipit
1319 686 1454 753 ipsa:

157 746 255 796 Est
277 745 334 796 in
359 746 648 814 Carpathio
670 750 907 817 Neptuni
930 753 1138 818 gurgite
1159 763 1328 821 vate5‚

160 825 279 893 383.
313 854 581 904 summm

135 978 271 1016 383&

86 1036 177 1060 ιιιιιιι
195 1027 278 1061 Μαι

315 987 375 1015 ost
389 981 509 1017 silvas
529 983 634 1017 Rom.

349 1028 436 1074 (Sed
452 1041 480 1063 n
495 1029 535 1063 in
551 1028 753 1078 perfundit
771 1040 900 1077 puncto
917 1039 1077 1066 notatum
1095 1033 1132 1067 in
1157 1035 1331 1070 Mediceo.
1359 1036 1455 1082 Wr.)

698 848 813 896 387.
850 859 1017 895 vA'rEs
1044 848 1100 899 C.

728 983 799 1019 384
817 983 1015 1031 perfundit
1030 986 1158 1021 Medic.
1175 987 1317 1034 Menag.
1335 1000 1390 1034 pr.
1407 989 1538 1030 Moret.
1556 992 1617 1027 alt.

1546 1039 1617 1076 385

86 1071 239 1129 sublata
256 1073 386 1110 Medic.
401 1088 422 1110 a
445 1088 491 1110 m.
509 1089 564 1123 pr.
584 1084 620 1111 et
639 1077 731 1111 Gud.
768 1078 948 1123 (sublecta
967 1080 1092 1114 Medic.
1110 1094 1132 1114 a
1149 1093 1194 1115 m.
1214 1094 1300 1124 sec.;
1320 1082 1415 1117 idem
1422 1085 1616 1130 flammam

86 1126 127 1155 et
141 1128 260 1156 tecue.
291 1122 387 1167 Wt.)
436 1122 615 1158 subvecta
635 1125 762 1159 Moret.
780 1132 892 1171 quart.
912 1139 988 1160 cum
1005 1128 1130 1172 fragm.
1146 1130 1275 1163 Moret.
1296 1130 1431 1164 zulich.
1460 1133 1553 1166 conf.
1570 1134 1616 1167 ad

85 1167 220 1223 eaerg.
245 1169 313 1213 111,
337 1169 420 1206 241.

513 1171 585 1207 386
606 1172 727 1216 firma
753 1173 897 1213 Medic.;
922 1175 948 1208 f.
968 1186 1033 1220 pro
1053 1176 1225 1219 firmata,
1249 1177 1341 1210 coni.
1360 1178 1481 1212 Heius.
1508 1180 1615 1234 (apud

83 1215 237 1262 Foggln.
255 1216 307 1251 sic
325 1223 504 1252 exaratum
519 1218 681 1253 invenio:
698 1219 790 1264 firm
815 1223 995 1261 animum;
1030 1222 1093 1255 sed
1114 1222 1227 1267 priori
1244 1235 1320 1258 voc.
1341 1224 1467 1259 literae
1482 1226 1613 1260 minia—

82 1269 145 1298 tae
173 1275 246 1299 ans
270 1276 380 1310 supra
407 1265 580 1300 adiectae.
616 1266 715 1312 Wr.)
755 1266 934 1316 formans
960 1269 1052 1303 Gud.
1077 1282 1098 1303 a
1124 1282 1169 1303 m.
1200 1282 1254 1317 pr.
1299 1273 1380 1319 ipse
1405 1272 1476 1317 ed.‚
1510 1285 1613 1320 quam

82 1310 208 1346 Heins.
235 1311 414 1348 mutabat
422 1338 433 1358 ‚
455 1312 589 1348 vitium.

87 1407 350 1448 Caoehesimn
367 1423 441 1450 vas
458 1410 690 1464 oblongum,
715 1425 828 1451 ansa-

82 1472 185 1506 tum.
195 1466 280 1507 vid.
290 1466 546 1510 Athenaeum
556 1470 627 1520 XI,
637 1484 677 1523 p.
688 1470 774 1512 474
782 1472 826 1510 Ε.

884 1428 949 1463 τες
969 1412 1064 1455 θεοὶ
1082 1413 1350 1466 intelligendi,
1382 1416 1431 1454 cs.
1453 1430 1493 1455 v.
1512 1419 1610 1459 201.

883 1471 1035 1511 Verum
1062 1472 1148 1525 ipsa
1177 1473 1266 1511 loca
1289 1486 1340 1511 ex
1366 1472 1555 1526 Orphieis
1568 1481 1610 1514 et

81 1523 210 1564 Docta
255 1525 308 1565 de
349 1540 397 1566 eo
451 1528 675 1580 disputatio
715 1529 826 1582 apud
883 1530 1042 1569 Cratete
1071 1531 1168 1570 satis
1206 1530 1378 1581 docent,
1414 1537 1506 1584 post
1519 1532 1609 1572 Ho-

80 1582 261 1624 Mncrob.
284 1584 343 1636 V,
365 1589 436 1628 21.
506 1589 604 1628 381.
642 1587 820 1639 Oceano,

81 1642 235 1695 quippe
249 1644 459 1686 communi
479 1645 662 1684 omnium
689 1645 822 1684 flumi-

79 1714 182 1740 num
216 1696 464 1742 eir-*sontium
490 1704 611 1757 patri.
643 1704 755 1743 Iliad.
775 1720 820 1756 φ,

83 1759 168 1802 195
191 1773 278 1812 sqq.
304 1767 346 1800 et
365 1761 473 1801 alibi.
514 1762 597 1800 Diis
618 1776 731 1801 sacra
758 1763 821 1801 sa-

78 1817 198 1857 ciunt
213 1818 282 1857 alii
301 1818 359 1858 dii
395 1820 517 1859 etiam
545 1821 662 1871 alibi,
698 1821 820 1860 etiam

75 1875 123 1916 in
151 1876 392 1931 anaglyphis
426 1879 604 1930 antiquis
642 1879 819 1918 minores

75 1934 302 1975 maioribus
312 1950 324 1987 3
353 1935 395 1976 h.
423 1937 450 1976 l.
482 1938 605 1976 etiam
628 1937 818 1990 Nympha

75 1992 180 2033 libat
195 1993 416 2047 Nymphis,
455 1994 555 2034 dum
574 2009 713 2048 preces
733 1997 817 2048 Cy-

74 2065 175 2092 rene
199 2052 301 2090 facit
319 2051 373 2091 ad
393 2052 603 2092 Oceanum
626 2060 668 2092 et
686 2054 816 2106 Nym-

14 2136 24 2145 .
73 2109 179 2164 phas
200 2110 421 2163 placandas
438 2110 543 2159 filio,
574 2111 643 2163 qui
661 2111 816 2164 flagitio

74 2169 120 2208 in
138 2168 372 2222 Eurydicen
389 2169 600 2208 commisso
625 2170 728 2208 iram
746 2183 813 2207 ea-

73 2241 169 2267 rum
202 2227 247 2266 in
285 2240 327 2266 se
361 2234 651 2267 commoverat.
716 2228 816 2266 Mox

73 2299 116 2326 v.
137 2288 223 2329 382
242 2285 428 2325 Oceanus
444 2292 505 2325 est
515 2295 639 2338 pater
654 2301 785 2325 rerum
799 2302 811 2324 :

72 2350 123 2384 ut
143 2344 246 2383 adeo
275 2345 440 2384 omnino
469 2351 640 2383 naturae
666 2358 813 2397 parens

70 2402 141 2442 ille
170 2403 327 2458 edatur.
386 2403 477 2442 Hoc
506 2403 694 2455 Virgilius
727 2417 812 2441 non

72 2475 127 2500 ex
151 2461 355 2512 Homero,
395 2461 468 2500 sed
494 2474 546 2500 ex
565 2461 696 2514 poetis
716 2460 812 2514 phi-

69 2519 352 2573 losophemata
372 2520 684 2559 decantantibus
702 2518 811 2558 hau-

71 2579 168 2618 sisse
210 2578 344 2619 videri
390 2579 520 2618 debet.
589 2580 734 2630 Segaar
768 2584 810 2617 et

70 2637 285 2690 Royaards
325 2637 369 2676 in
408 2637 588 2676 Diatribe
631 2636 809 2676 academ.

72 2693 223 2750 (1775)
239 2710 280 2749 p.
302 2698 354 2738 81
376 2696 591 2749 deceptum
608 2695 811 2748 putabant

70 2754 282 2806 Virgilium
311 2754 649 2808 interpretatione
682 2767 811 2806 prava

69 2825 215 2852 versus
242 2812 356 2851 Iliad.
386 2816 428 2863 ξ,
458 2812 545 2855 246
584 2809 806 2862 Ὠκεανοῦ,

69 2866 195 2924 ὅςπερ
216 2869 374 2925 γένεσις
391 2869 589 2911 πάντεσσι
609 2870 805 2919 τέτυκται,

70 2943 165 2968 cum
185 2924 382 2970 πάντεσσι
411 2929 611 2981 acceperit
634 2928 805 2967 ductum

70 3002 94 3026 a
111 2984 267 3029 πάνταε
313 3001 405 3027 cum
426 2993 566 3027 tamen
594 2986 677 3026 sint
695 2983 803 3028 πάν-

879 1602 1036 1628 merum
1071 1590 1188 1638 alios,
1239 1589 1308 1640 qui
1336 1589 1382 1627 id
1411 1590 1608 1642 prodide-
1676 1604 1684 1606 “

877 1653 996 1697 rant,
1043 1647 1206 1699 Virgilio
1238 1646 1318 1685 hoc
1349 1648 1608 1700 suppeditare

877 1705 1066 1757 potuisse.
1098 1706 1203 1745 conf.
1229 1705 1306 1744 loc.
1338 1719 1359 1743 e
1386 1706 1527 1745 Servio
1553 1706 1608 1745 ad

877 1777 917 1803 v.
938 1766 1038 1806 363.
1095 1766 1193 1806 383.
1221 1762 1451 1816 Nymphae,
1489 1778 1606 1803 soro-

876 1835 942 1860 res
960 1822 1135 1875 Cyrenes
1154 1822 1329 1875 generali
1347 1822 1524 1873 notione,
1554 1822 1605 1861 ab

877 1880 1040 1919 Oceano
1059 1894 1183 1934 genus
1210 1879 1422 1930 ducentes,
1456 1886 1505 1919 ut
1519 1881 1606 1933 ipsa

877 1939 1054 1991 Cyrene,
1085 1938 1238 1992 Hypsei
1254 1938 1284 1977 f.
1304 1938 1352 1977 cf.
1371 1938 1427 1977 ad
1447 1951 1487 1977 v.
1507 1939 1603 1980 341.

872 2005 1049 2045 servant,
1081 1997 1277 2045 incolunt,
1307 2002 1356 2034 ut
1374 2009 1490 2049 saepe
1503 2009 1604 2049 poe-

873 2060 951 2093 tae.
970 2055 1040 2093 inf.
1060 2068 1100 2094 v.
1124 2054 1208 2097 459
1238 2054 1412 2105 hydrum
1436 2068 1602 2093 servan-

874 2120 953 2150 tem
966 2115 1092 2164 rzPaS.
1130 2111 1227 2154 384.
1254 2113 1438 2160 Vestam,
1458 2106 1600 2164 ignem.

874 2170 972 2212 385.
991 2169 1180 2219 subiecta,
1198 2169 1410 2208 subiiciens
1425 2182 1479 2219 se,
1505 2170 1602 2208 emi-

873 2242 969 2267 cans
989 2234 1031 2267 et
1050 2228 1228 2266 lambens
1248 2227 1428 2266 lacunar.
1446 2227 1516 2266 Ge.
1533 2228 1598 2277 111,

870 2285 954 2328 241
978 2286 1092 2325 unda
1107 2292 1293 2325 aestuans
1311 2288 1476 2337 nigram
1503 2285 1599 2324 sub-

870 2347 991 2382 iectat
1007 2359 1190 2383 arenam.
1244 2344 1343 2382 Erat
1362 2349 1499 2382 autem
1519 2342 1598 2382 hoc

869 2403 992 2441 fausti
1023 2403 1192 2452 ominis,
1243 2408 1292 2440 ut
1333 2414 1449 2454 saepe
1482 2401 1598 2451 alias3

868 2475 949 2513 quo
988 2461 1121 2500 omine
1158 2461 1320 2503 firmata
1351 2460 1433 2499 iam
1455 2465 1596 2508 mater,

866 2526 916 2558 ut
946 2519 1102 2558 consilii
1129 2518 1192 2558 sui
1222 2519 1377 2557 bonum
1406 2523 1595 2556 eventum

866 2578 999 2616 animo
1029 2577 1301 2631 praeciperet,
1340 2582 1389 2615 ut
1406 2576 1595 2614 Proteum

866 2636 1020 2685 adiret,
1064 2649 1192 2688 puero
1221 2634 1366 2674 suadet
1388 2664 1399 2683 ,
1438 2647 1490 2671 ex
1514 2647 1593 2684 quo

865 2694 1188 2747 reparandorum
1210 2693 1440 2732 examinum
1464 2691 1594 2729 ratio-

867 2767 961 2792 nem
990 2752 1222 2805 comperiat.
1254 2748 1336 2807 (—
1354 2752 1450 2791 386.
1479 2750 1588 2799 ipsa,

863 2811 948 2851 vid.
970 2811 1023 2860 Q.
1040 2811 1089 2850 V.
1120 2810 1265 2858 XVIII,
1291 2811 1331 2857 2,
1356 2807 1396 2845 b.
1431 2805 1545 2860 Wr.)

922 2872 1019 2912 387.
1047 2870 1199 2907 Locum
1226 2867 1336 2905 hune
1364 2878 1416 2902 ex
1445 2863 1523 2903 Od.
1546 2865 1590 2914 δ,

863 2927 950 2970 864
984 2950 1042 2956 -
1076 2925 1160 2968 384
1191 2939 1276 2976 sqq.
1306 2922 1592 2961 adumbratum

862 2998 968 3036 esse,
1011 2997 1148 3024 omnes
1177 2983 1374 3023 viderunt
1401 2980 1589 3033 Interpp.,
