1768 3320
302 214 799 301 emiffiicoN
834 245 977 295 LIB.
1012 245 1063 309 1,
1102 249 1321 305 29—33

1490 253 1593 302 289

57 376 175 440 Qua
193 375 346 428 locus
367 375 645 440 Erigonen
667 373 810 429 inter
837 371 1144 440 Chelasque
1168 373 1443 440 sequentis

91 483 150 532 [33
170 494 376 550 Erigonem
395 492 469 529 alii.

53 589 198 630 referri
205 604 218 642 ;
246 598 324 643 pro
343 589 534 642 vulgari,
563 590 608 630 in
627 589 797 640 caelum,

53 648 163 688 inter
193 648 312 699 deos,
349 647 488 702 recipi.
546 647 613 688 An
641 662 799 688 novum

52 705 187 757 sidus,
233 711 275 746 et
314 705 481 759 quidem
517 705 563 746 in
604 706 796 758 Zodiaco,

53 764 164 804 caelo
191 777 426 804 accessurus
445 764 510 804 sis.
570 763 797 816 Annorum,

51 822 252 863 mensium
278 836 326 862 ac
348 823 529 873 dierum,
561 837 794 864 mensuram

51 881 233 921 siderum
270 880 466 921 decursus
496 882 615 934 sacit5
654 883 793 935 itaque

52 954 207 979 menses·
244 945 457 980 memorat.
506 941 645 980 tardos
686 941 794 982 dixit

51 998 214 1052 poetico
249 1011 364 1038 more
383 1028 395 1050 ,
433 1004 599 1039 tantum
625 1005 676 1039 ut
705 1000 793 1053 epi-

51 1055 170 1096 theto
194 1063 362 1096 ornaret
369 1071 382 1107 3
418 1071 516 1097 nam
548 1058 663 1107 anni,
694 1058 792 1109 dies,

50 1127 228 1165 menses,
258 1113 383 1155 modo
402 1115 525 1169 longi,
555 1115 679 1156 modo
697 1116 793 1156 bre-

51 1186 147 1224 ves,
175 1173 302 1225 tardi,
333 1173 494 1225 celeres,
522 1189 599 1228 pro
622 1175 791 1215 consilio

50 1237 194 1287 poetae
220 1232 414 1286 appellari
446 1239 621 1287 possunt
644 1247 692 1273 ac
722 1248 791 1273 so-

50 1290 150 1330 lent.
197 1289 278 1330 Alii
299 1290 385 1330 aliis
404 1291 536 1343 modis
555 1298 791 1345 exponunt;

51 1348 160 1389 inter
189 1347 313 1400 haec,
342 1354 390 1389 ut
419 1349 470 1389 de
489 1352 654 1389 aestivis
673 1366 790 1390 men-

51 1406 162 1447 sibus
181 1407 424 1461 accipiatur:
454 1408 665 1448 subtiliore
683 1423 789 1462 quo-

52 1478 131 1518 que
154 1466 315 1505 ratione
338 1465 626 1506 mathematica
653 1481 790 1507 arces-

51 1524 141 1563 sita.
221 1524 441 1573 Enimvero
489 1539 703 1566 versamur
746 1526 791 1565 in

50 1588 193 1636 poeta:
236 1583 302 1622 cui
329 1585 476 1623 aestivi
508 1584 594 1622 dies
620 1589 793 1650 possunt

51 1653 136 1684 esse
173 1641 403 1694 longiores,
448 1641 668 1691 tardiores;
719 1642 793 1682 vix

51 1713 218 1739 menses.
275 1699 360 1738 Nec
396 1699 474 1739 nisi
505 1714 582 1753 pro
619 1707 792 1740 ornante

54 1757 236 1811 epitheto
273 1758 427 1812 accipio
463 1772 527 1812 ap.
567 1758 705 1799 Manil.
741 1759 791 1808 Π,

32 1818 139 1865 ,202
166 1830 261 1855 oum
286 1817 351 1855 sol
375 1816 548 1856 adversa
575 1832 654 1869 per
678 1826 791 1856 astra

50 1874 264 1914 Aestivum
291 1874 420 1914 tardis
453 1875 617 1913 attollat
637 1877 791 1914 mensi-

38 1931 126 1971 bus
158 1947 325 1972 annum.
393 1933 590 1973 Subtilius
608 1963 620 1983 ,
667 1948 791 1986 quam

49 2004 128 2044 pro
138 1991 299 2043 poetica
314 1991 585 2045 simplicitate,
606 2005 658 2031 ex
678 1991 790 2045 phy-

50 2049 142 2088 sicis
166 2049 394 2092 rationibus
422 2050 625 2091 Halleium
657 2051 790 2104 expli-

52 2113 214 2146 cantem
234 2108 418 2160 sequitur
435 2108 657 2158 Martinus,
689 2108 789 2148 dum

51 2165 121 2204 alii
141 2165 193 2205 de
204 2166 346 2206 diebus
364 2167 527 2206 aestivis
541 2167 788 2219 intelligunt.

51 2226 121 2266 33.
167 2224 262 2276 Qua
289 2225 428 2275 locus,
467 2224 510 2264 h.
539 2225 649 2264 inter
664 2225 802 2277 signa,

51 2281 257 2334 Virginem
277 2288 320 2321 et
330 2283 557 2336 Scorpium,
581 2296 662 2335 qua
678 2297 790 2323 nunc

49 2340 174 2380 Libra
211 2346 293 2392 est,
342 2355 446 2393 quae
481 2341 707 2393 antiquitus
738 2342 788 2381 ab

52 2398 240 2438 omnibus
279 2399 490 2452 astrologis
532 2399 642 2439 iuter
677 2399 789 2452 signa

50 2471 135 2496 non
157 2455 399 2508 habebatur,
428 2458 565 2497 locum
585 2471 686 2497 vero
704 2458 789 2498 eius

53 2514 201 2554 Chelae
236 2529 309 2555 seu
353 2516 587 2570 Scorpionis
618 2515 788 2556 brachia

53 2574 333 2627 occupabant;
372 2589 453 2627 quo
470 2574 650 2628 respexit
668 2575 789 2615 Ovid.

51 2630 148 2670 Met.
174 2632 223 2683 II,
255 2632 337 2676 195
355 2655 414 2663 --
437 2635 520 2675 197
564 2634 641 2672 Est
658 2634 786 2683 loeus,

52 2691 98 2727 in
114 2691 299 2741 gemisws
317 2690 388 2729 ubi
405 2690 574 2729 brachia
592 2700 792 2731 concavat

53 2761 173 2786 amus
194 2748 401 2800 Scorpios,
435 2757 472 2787 et
488 2749 625 2787 cauda
635 2750 790 2801 flexis·-

0 2854 1 2857 ,
54 2819 132 2858 que
152 2807 350 2858 utrimque
370 2807 530 2845 lacertis
550 2808 731 2860 Pon-igit
746 2811 791 2848 in

52 2865 237 2915 spatium
253 2865 462 2915 signorum
481 2864 660 2904 membra
686 2865 791 2904 duo-
812 2912 814 2914 ‚

53 2935 156 2960 mm.
222 2920 379 2960 Vacans
424 2924 599 2975 spatium
645 2922 792 2962 deinde

54 2978 176 3018 Libra
195 2979 423 3032 occupavit,
453 2980 513 3018 ita
530 2986 579 3019 ut
598 2980 648 3019 ab
667 2983 791 3020 Scor—

54 3036 123 3090 pio
149 3042 382 3086 teneretur,
410 3042 459 3075 ut
482 3038 604 3076 etiam
624 3051 791 3092 expres-

126 3105 338 3155 VIRGIL.
388 3106 532 3155 ΤοΜ.
568 3105 607 3155 Ι.

855 602 947 629 sum
974 588 1019 628 in
1044 587 1249 627 Marmore
1275 586 1470 628 Famesio
1492 602 1593 628 con-

855 647 1040 701 spicitur.
1105 646 1251 686 Librae
1283 646 1423 698 itaque
1456 646 1594 687 locum

855 706 1031 760 assignat
1067 703 1273 758 Augusto,
1311 710 1500 758 respectu.
1525 705 1593 744 iu-

855 765 988 805 stitiae
1012 770 1055 803 et
1076 762 1315 816 aequitatis,
1347 763 1463 803 cuius
1479 777 1593 817 sym-

853 824 996 864 bolum
1018 822 1124 863 libra
1154 821 1297 861 habita
1322 828 1395 861 est.
1465 822 1593 862 Simili

850 882 946 922 lusu
984 895 1037 921 ex
1076 880 1325 934 astrologicis
1362 880 1592 934 rationibus

850 941 926 981 sub
953 940 1075 980 Libra
1103 939 1211 979 natis
1238 938 1385 979 iudicis
1410 945 1451 978 et
1473 938 1590 992 legis-

849 999 994 1039 latoris
1048 998 1272 1038 auctoritas
1320 997 1590 1051 promittitur.

849 1072 890 1098 v.
911 1057 1049 1097 Manil.
1068 1057 1137 1108 IV,
1157 1055 1242 1100 548
1261 1069 1332 1108 sq„
1351 1069 1472 1108 quem
1488 1057 1590 1096 adeo

850 1116 1026 1170 Scaliger
1054 1115 1107 1155 ad
1132 1114 1364 1168 Augustum
1391 1116 1590 1168 respicere

847 1175 1036 1230 putabat.
1095 1174 1150 1214 Et
1176 1173 1221 1213 in
1246 1171 1310 1212 his
1328 1173 1590 1225 acquiescen-

849 1234 951 1274 dum
975 1238 1076 1273 erat.
1130 1231 1284 1272 Verum
1309 1232 1440 1271 multa
1457 1232 1589 1272 subti-

846 1293 942 1332 liter
972 1292 1023 1331 de
1047 1290 1090 1330 h.
1118 1290 1145 1330 l.
1176 1290 1317 1343 quaeri
1349 1303 1517 1344 coepere
1545 1291 1589 1330 in

849 1349 1127 1404 disputatione
1158 1348 1209 1388 de
1236 1348 1301 1388 die
1318 1347 1493 1401 Augusti
1510 1363 1589 1389 na-

846 1410 939 1449 tali:
968 1415 1018 1448 ut
1035 1408 1158 1447 etiam
1178 1413 1300 1460 poeta
1320 1407 1514 1447 credatur
1535 1407 1589 1447 ad

846 1468 963 1507 illum
982 1466 1225 1520 respexisse,
1256 1465 1300 1504 in
1315 1466 1428 1518 signo
1445 1466 1589 1506 Librae

847 1525 1008 1566 numini
1019 1526 1162 1564 futuro
1183 1523 1436 1576 assignando.
1457 1524 1587 1577 Vulgo

851 1585 1017 1636 quidem
1046 1583 1204 1636 signum
1231 1582 1314 1622 eius
1346 1582 1482 1621 natale
1508 1582 1588 1622 ha-

851 1643 985 1683 bitum
1004 1648 1065 1681 est
1087 1640 1379 1694 Capricornus3
1408 1641 1502 1680 vide
1519 1642 1588 1681 vel

850 1703 961 1740 Suet.
974 1700 1074 1753 Aug.
1085 1699 1141 1742 94
1151 1714 1163 1750 ;
1179 1699 1290 1738 idem
1300 1699 1344 1738 in
1355 1700 1487 1738 numis
1497 1699 1587 1739 Au-

848 1760 956 1813 gusti
984 1759 1172 1809 obvium;
1199 1771 1239 1797 v.
1258 1756 1424 1798 Eckhel.
1447 1758 1586 1798 Doctr.

849 1832 962 1857 num.
979 1817 1068 1857 Vol.
1087 1816 1152 1866 VI,
1177 1830 1217 1868 p.
1241 1818 1336 1866 109,
1368 1822 1410 1855 et
1438 1817 1518 1869 egit
1537 1816 1587 1856 de

849 1889 897 1916 eo
932 1877 1092 1929 copiose
1125 1873 1318 1926 Schlegel.
1347 1874 1402 1913 ad
1427 1874 1587 1914 Morelli

848 1935 977 1988 Impp.
1010 1935 1055 1973 Τ.
1082 1933 1114 1982 Ι,
1140 1946 1181 1985 p.
1207 1931 1302 1975 194.
1334 1932 1418 1971 dies
1437 1934 1586 1972 natalis

846 1993 1029 2032 traditur
1049 1992 1110 2031 IX
1136 1990 1227 2029 Kal.
1258 1990 1471 2042 Octobris,
1503 1993 1586 2031 sole

847 2065 899 2091 ex
931 2050 1093 2104 vulgari
1129 2049 1290 2088 ratione
1325 2050 1488 2090 Libram
1518 2051 1585 2090 in-

846 2123 999 2162 gresso,
1034 2122 1088 2147 ex
1106 2119 1205 2147 vera
1224 2113 1361 2147 autem
1384 2108 1521 2148 adhuc
1541 2109 1585 2148 in

846 2167 1012 2220 Virgine
1039 2171 1253 2215 versante,
1293 2179 1379 2206 non
1411 2180 1512 2206 vero
1540 2167 1585 2206 in

847 2225 1109 2279 Capricorno.
1168 2222 1330 2263 Scilicet
1349 2224 1489 2264 eadem
1505 2239 1585 2265 no-

847 2291 912 2324 cte
930 2284 1045 2322 Luna
1061 2283 1106 2322 in
1117 2281 1365 2334 Capricorno
1383 2291 1473 2323 erat
1488 2298 1586 2336 gra--

847 2342 906 2382 du
924 2341 1020 2381 XVI
1038 2340 1106 2380 vel
1122 2340 1248 2380 XVII.
1268 2338 1370 2394 (vid.
1387 2340 1584 2395 Alphons.

845 2401 916 2439 des
939 2401 987 2441 V
981 2400 1138 2452 igvzoles
1160 2399 1204 2437 in
1221 2400 1336 2445 Hist.
1357 2402 1442 2439 erit.
1472 2401 1522 2439 de
1539 2401 1585 2439 la

846 2460 956 2510 Rep.
978 2458 1049 2496 des
1067 2459 1223 2496 Lettres
1242 2457 1288 2496 T.
1306 2457 1377 2496 XI.
1392 2458 1484 2508 XII,
1514 2458 1584 2510 qui

846 2517 891 2555 in
910 2515 1081 2555 eandem
1108 2515 1352 2554 sententiam
1367 2516 1584 2555 lectionem

845 2574 1004 2614 Manilii
1012 2574 1062 2624 II,
1072 2574 1159 2617 507
1176 2572 1326 2613 trahit:
1342 2583 1481 2613 eontra
1499 2574 1583 2613 C'a-

840 2635 1055 2686 prcbomus·
1083 2634 1127 2670 in
1146 2631 1275 2684 ipsam
1301 2632 1500 2670 Convertit
1516 2634 1583 2671 vi-

846 2706 916 2730 sus
926 2706 943 2739 ;
983 2690 1086 2743 quid
1123 2691 1232 2728 enim
1274 2689 1486 2729 mirabitur
1513 2690 1583 2728 ille

853 2751 1018 2799 Maius,
1060 2750 1105 2787 in
1138 2748 1323 2800 Augusti
1344 2747 1460 2800 felix
1489 2762 1583 2785 cam

834 2807 1004 2860 fulserit
1033 2807 1189 2845 ortum!
1220 2819 1313 2845 cum
1340 2811 1503 2858 recepta
1528 2805 1583 2842 sit

848 2865 993 2904 lectio:
1032 2866 1077 2903 in
1103 2866 1241 2915 aps-um
1277 2863 1359 2902 scil.
1390 2877 1442 2902 se.
1502 2861 1582 2900 Alii

849 2923 928 2962 alia
955 2921 1173 2962 commenti
1199 2927 1307 2959 sunt.
1336 2920 1423 2960 vid.
1454 2919 1581 2957 Scali-

873 2994 915 3021 er
935 2987 976 3020 et
994 2980 1115 3020 Faius
1133 2978 1331 3018 adManil.
1347 2979 1374 3017 l.
1389 2977 1417 3017 l.
1447 2978 1581 3015 Lettre

843 2995 898 3077 {e
914 3040 1091 3078 Mairan
1107 3040 1151 3076 in
1160 3038 1316 3075 Lettres
1330 3044 1368 3074 et
1389 3031 1581 3087 Opust-zb-

1208 3104 1298 3150 19
