1768 3320
194 225 297 274 326
516 222 573 272 P.
625 220 991 272 VIRGILII
1036 216 1413 272 MARONIS

191 345 483 413 Adcipiunt
506 346 664 411 sulci,
703 356 758 398 et
782 346 932 397 milio
960 346 1107 397 venit
1131 364 1307 397 annua
1328 363 1478 398 cura:

195 416 468 467 Candidus
488 417 680 468 auratis
703 418 874 485 aperit
904 435 1075 486 quum
1096 417 1348 468 cornibus
1370 433 1575 467 annum

195 489 428 553 TauruS,
468 497 522 538 et
544 487 768 539 adverso
795 487 994 539 cedens
1018 488 1176 540 Canis
1198 487 1395 539 occidit
1414 496 1569 539 astro,

238 629 309 665 216
332 630 529 677 Accipiam
549 629 609 663 alt.
628 629 768 674 Menag.
798 635 835 663 et
857 629 913 663 ed.
936 630 1027 664 Ven.
1075 629 1269 676 Accipient
1285 629 1448 664 Parthas.
1543 628 1614 665 217
1639 629 1726 663 dum

191 676 331 721 Menag.
360 689 414 721 pr.
509 678 580 712 218
603 675 869 721 Disputationes
894 676 938 709 de
964 676 1000 710 h.
1021 676 1046 709 l.
1077 675 1158 710 vide
1184 689 1240 730 ap.
1267 675 1471 710 Heinsium.
1503 682 1578 710 tam
1600 688 1726 722 parum

193 723 377 768 expeditas
400 730 435 757 et
456 723 661 768 explicitas,
695 730 734 757 ut
751 735 824 757 non
845 723 1017 757 eruditior
1033 723 1098 756 sed
1114 722 1286 757 incertior
1305 718 1389 757 hinc
1409 723 1583 757 discedas.
1631 724 1726 759 Vul-

192 777 274 816 gata
291 771 398 804 lectio
419 777 495 804 erat
514 771 691 804 adverso:
718 770 931 804 conveniunt
951 771 987 803 in
1006 770 1074 804 hac
1091 770 1221 804 Medic.
1241 777 1278 804 et
1294 771 1485 813 Romanus,
1510 770 1726 805 diversarum

192 817 279 852 alias
297 825 471 852 sectarum
489 818 608 859 duces,
624 830 703 851 cum
718 817 845 851 iisdem
862 817 935 851 alii.
962 817 1027 864 (sic
1041 819 1095 853 11.
1110 819 1165 853 12.
1181 816 1236 853 14.
1268 819 1325 852 W
1319 818 1366 863 r)
1401 818 1574 873 Reposuit
1593 831 1725 853 averso

192 865 315 899 Heins.
337 865 554 907 Gudianum‚
579 865 725 899 Mentel.
745 871 952 911 utrumque,
977 866 1211 910 fragmentum
1228 866 1335 899 Voss.
1360 871 1397 898 et
1415 865 1574 899 Servium
1593 876 1725 912 sequu-

191 920 267 946 tus·
291 912 342 946 sic
363 919 399 945 et
419 912 526 946 Goth.
549 924 619 946 sec.
670 919 705 946 et
728 924 860 946 averso
887 913 1063 946 mcedens
1077 911 1208 946 Medic.
1227 911 1346 946 Pierii.
1395 912 1481 946 Cum
1496 918 1616 946 tamen
1636 925 1725 958 per-

191 957 300 1005 petua
321 959 357 992 in
374 959 430 993 his
450 959 595 993 vocibus
615 938 662 993 sit
680 959 879 1004 scripturae
899 960 1072 993 varietas:
1107 971 1149 993 ex
1167 959 1247 1004 ipsa
1272 959 1446 1002 lectione,
1472 960 1634 1014 utrinque
1653 961 1724 995 bo-

191 1006 246 1040 nis
266 1006 371 1040 codd.
390 1006 534 1049 munita,
561 1006 628 1040 etsi
646 1007 806 1041 adverso
826 1006 883 1040 vel
904 1007 955 1041 sic
974 1007 1145 1041 maiorem
1161 1007 1407 1040 auctoritatem
1425 1006 1586 1042 codicum
1603 1008 1723 1051 habet,

193 1053 318 1088 confici
340 1053 582 1087 controversia
600 1054 732 1100 nequit.
781 1054 885 1099 Atqui
904 1055 949 1088 ad
970 1066 1109 1088 sensum
1126 1066 1193 1088 nec
1214 1054 1326 1088 minus
1347 1061 1496 1100 utraque
1510 1054 1616 1089 lectio
1639 1056 1724 1090 satis

192 1100 369 1135 convenit.
402 1101 439 1135 Si
456 1114 505 1135 az
507 1114 591 1135 ers-o
609 1110 713 1136 astro
729 1101 885 1135 retinere
900 1101 1015 1144 malis,
1033 1102 1144 1135 iustas
1161 1101 1273 1135 habes
1292 1113 1449 1137 caussas:
1468 1102 1565 1148 quod
1581 1102 1723 1137 omnino

184 1146 235 1198 su
264 1161 308 1181 ae
325 1149 587 1182 accommodata
604 1161 672 1182 vox
685 1161 852 1192 aversus,
877 1161 957 1183 nam
978 1149 1038 1195 qui
1055 1148 1167 1193 fugit,
1189 1160 1262 1182 non
1285 1149 1473 1191 adversus,
1499 1150 1563 1183 sed
1581 1162 1724 1184 aversus

192 1161 308 1236 οεὲιη
341 1203 438 1230 recte
457 1196 566 1229 modo
586 1197 774 1230 verborum
793 1196 991 1230 iuncturam
1015 1196 1195 1238 instituas,
1221 1196 1399 1242 iungenda
1418 1196 1510 1230 enim
1528 1204 1626 1239 sunt,
1653 1200 1724 1231 Ga-

191 1243 252 1276 πίε
270 1255 318 1276 av
321 1255 404 1277 ers-o
427 1251 532 1277 astro
555 1244 706 1286 cedens,
733 1243 768 1278 h.
792 1255 823 1277 e.
845 1244 947 1278 Canis
969 1256 1110 1277 aversus
1134 1221 1277 1287 cedens,
1300 1255 1373 1277 non
1400 1249 1439 1277 ut
1464 1256 1599 1278 averso
1618 1253 1723 1279 astro

192 1289 261 1332 sit,
284 1291 414 1324 Tauro.
462 1290 609 1325 Accedit
637 1291 732 1337 quod
759 1291 862 1325 Canis
891 1291 1043 1336 pedibus
1066 1297 1102 1325 et
1123 1291 1234 1325 cauda
1256 1290 1356 1337 prius
1380 1290 1512 1325 occidit
1532 1303 1635 1337 quam
1652 1292 1724 1325 hu-

190 1336 298 1371 meris
318 1350 357 1372 ac
374 1338 518 1371 fronte:
554 1344 593 1371 ut
617 1338 710 1372 bene
731 1338 827 1373 Pfaff
847 1339 982 1373 monuit
1007 1339 1052 1372 de
1075 1344 1159 1372 ortu
1189 1344 1226 1372 et
1246 1350 1373 1373 occasu
1391 1338 1498 1372 sider.
1524 1351 1560 1383 p.
1579 1340 1637 1375 60.
1686 1339 1724 1374 Si

191 1385 351 1419 adverso
371 1385 503 1427 tueris,
538 1391 614 1419 tum
632 1386 768 1420 cedens
794 1395 899 1420 astro
920 1387 1081 1420 adverso
1101 1387 1210 1420 Canis
1238 1392 1299 1419 aut
1316 1385 1472 1430 intelligi
1491 1393 1635 1432 potest,
1661 1398 1723 1420 ce—

191 1431 279 1465 dens
299 1433 373 1466 soli
397 1445 439 1465 ex
457 1412 606 1467 adverso
627 1433 749 1478 posito
763 1460 772 1476 ‚
798 1441 835 1467 ut
855 1434 950 1478 apud
970 1433 1199 1467 Columellam
1216 1434 1266 1476 X,
1283 1432 1331 1469 54
1356 1433 1455 1467 Solzs
1481 1441 1518 1466 et
1545 1434 1725 1467 adversos

191 1487 354 1513 metuent
370 1480 594 1515 Atlantides·
611 1487 736 1521 ortus-3
770 1487 831 1514 aut
857 1481 987 1514 cedens
1011 1483 1161 1523 Tauro,
1195 1486 1293 1514 astro
1323 1480 1393 1514 sibi
1417 1492 1459 1513 ex
1481 1480 1630 1514 adverso
1650 1492 1724 1525 po-

191 1526 280 1567 sit03
307 1526 398 1561 haec
413 1527 523 1561 lectio
544 1534 580 1561 et
596 1527 864 1573 interpretatio,
888 1540 987 1562 more
1007 1533 1044 1562 et
1063 1540 1127 1561 usu
1147 1527 1290 1572 poetico
1310 1528 1464 1570 firmata,
1485 1528 1725 1572 praeferenda

190 1573 303 1607 videri
322 1580 446 1619 potest
472 1582 686 1620 propterea,
722 1575 804 1621 quia
832 1575 1024 1609 secundum
1044 1582 1220 1608 astrorum
1248 1574 1406 1620 picturas
1429 1582 1588 1617 veteres,
1624 1581 1664 1608 ut
1686 1575 1724 1609 in

190 1621 359 1655 Farnesia
368 1622 498 1663 tabula,
522 1634 607 1667 quas
629 1629 760 1667 poetae
780 1623 880 1668 sequi
900 1623 977 1656 fere
994 1622 1111 1656 solent
1127 1623 1172 1667 (v.
1194 1622 1260 1657 inf.
1269 1624 1355 1657 Not.
1374 1622 1421 1656 ad
1438 1623 1500 1664 Ν,
1519 1622 1616 1667 233),
1636 1622 1724 1656 Cani

191 1668 376 1702 adversas
404 1671 554 1702 Taurus
576 1669 690 1703 sedet.
738 1671 811 1704 Iam
841 1678 956 1704 autem
991 1682 1033 1703 ex
1054 1676 1185 1715 poetae
1205 1676 1342 1710 mente,
1367 1669 1398 1703 si
1419 1668 1574 1715 penitius
1601 1670 1723 1703 consi-

191 1715 312 1757 deres,
346 1715 397 1750 vis
419 1716 613 1761 praecipua
629 1717 883 1761 phantasmatis
905 1717 941 1750 in
964 1716 1074 1751 Tauri
1096 1717 1210 1762 capite
1236 1716 1363 1751 minaci
1380 1716 1499 1761 posita
1519 1729 1597 1751 esse
1617 1717 1723 1751 vide-

190 1769 265 1804 tur,
288 1763 406 1808 itaque
428 1772 532 1797 astro
552 1764 731 1807 adverso,
763 1777 847 1798 casu
866 1763 996 1807 tenio,
1023 1771 1062 1798 ut
1080 1764 1183 1798 cedat
1207 1764 1311 1797 Canis
1334 1765 1452 1798 Tauro
1474 1763 1543 1797 sibi
1560 1765 1722 1807 adverso,

189 1821 281 1844 nunc
304 1810 477 1855 praetuli·
500 1810 682 1855 inprimis,
708 1811 788 1857 quia
807 1811 858 1846 sic
879 1811 990 1847 maior
1014 1811 1178 1845 codicum
1196 1811 1385 1846 auctoritas
1409 1809 1463 1845 ius
1482 1823 1582 1845 suum
1609 1811 1647 1846 in
1664 1812 1722 1846 iu-

190 1856 284 1891 dicio
308 1856 431 1892 critico
450 1857 613 1894 faciendo
637 1865 765 1893 servat.

191 1960 303 2018 (nam
321 1964 432 2017 apud
446 1964 620 2004 Plinium
639 1962 666 2005 1.
677 1964 704 2005 I.
733 1971 926 2019 corrupte

190 2024 350 2061 tricenis
368 2021 532 2078 legitur)
557 2024 672 2063 annis
690 2021 827 2063 durat.

245 2083 344 2123 217.
366 2082 465 2123 218.
501 2083 549 2122 V
543 2096 823 2135 ere—quum.
854 2080 926 2121 In-

145 2189 149 2193 *
189 2145 311 2177 eunte
331 2152 447 2189 v,ere
480 2140 562 2179 sole
592 2140 638 2179 in
660 2140 869 2180 Taurum·
858 2155 926 2179 m-

190 2211 236 2249 gi
240 2210 338 2236 esso.
389 2169 455 2236 A‹⁷l
473 2204 659 2251 tempora
678 2197 926 2251 designanda

187 2261 333 2308 poetae
363 2263 502 2295 amant
539 2256 721 2296 siderum
767 2263 928 2296 motum

188 2326 525 2365 commemorare,
567 2315 759 2367 quoniam
785 2329 831 2353 ea
855 2329 926 2354 ra·-

188 2371 249 2411 tio
279 2372 484 2424 poeticum
514 2381 706 2412 ornatum
732 2373 926 2413 admittit.

193 2431 354 2468 Taurus
373 2436 433 2469 est
452 2431 610 2483 signum
628 2433 746 2471 verni
764 2438 924 2484 tempo-

187 2488 242 2527 ris
253 2503 264 2538 ;
298 2501 390 2527 eum
408 2489 477 2527 Sol
493 2489 563 2528 illo
583 2496 767 2542 tempore
786 2490 927 2529 adibat

187 2545 242 2585 IV
258 2547 347 2585 Kal.
373 2546 509 2586 Maias.
539 2549 643 2588 conf.
665 2549 804 2588 Petav.
836 2547 926 2587 Au-

189 2609 288 2643 ctar.
309 2604 384 2657 Op.
412 2605 463 2644 de
480 2605 610 2645 doctr.
635 2612 758 2659 temp.
780 2606 865 2657 VII,
884 2609 923 2648 ὃ.

190 2662 422 2712 Candislas,
454 2669 654 2714 quatenus
682 2664 814 2703 sidera
840 2664 924 2703 sul-

186 2721 318 2773 gentia
334 2721 514 2759 candida
543 2721 762 2772 dicuntur,
794 2737 923 2761 aura-

188 2781 239 2817 tis
271 2778 454 2818 comibus
475 2809 485 2829 ‚
527 2780 794 2819 rutilantibus
821 2794 921 2832 pro-

186 2842 280 2890 pter
303 2836 568 2876 lucidissimas
587 2839 632 2877 in
659 2838 797 2876 fronte
823 2838 922 2876 stel-

186 2895 265 2945 las,
305 2897 435 2947 apen‘t
464 2910 619 2934 annum
640 2926 651 2946 ‚
692 2910 785 2935 cum
825 2895 922 2934 anni

188 2959 344 3007 tempus
372 2953 438 3003 id,
480 2967 560 3006 quo
592 2954 713 2993 tellus
742 2954 923 2993 resoluta

186 3012 308 3051 flores
336 3011 563 3064 herbasque
591 3012 793 3063 effundit,
832 3018 922 3052 tum

982 1963 1151 2017 incipiat
1170 1979 1182 2015 3
1220 1963 1292 2003 sed
1347 1977 1470 2015 quam
1522 1964 1718 2005 suaviter!

983 2023 1195 2075 Emergere
1212 2022 1323 2061 sidus
1344 2022 1471 2062 Tauri
1488 2029 1530 2076 et
1551 2023 1722 2062 adscen-

985 2081 1081 2120 dere
1100 2082 1257 2120 caelum
1284 2086 1375 2120 tum
1402 2081 1536 2120 videri
1568 2087 1721 2134 potest,

985 2140 1176 2179 cornibus
1205 2139 1345 2191 itaque
1374 2145 1416 2178 et
1446 2139 1576 2192 capite
1607 2140 1722 2192 quasi

984 2198 1108 2237 nixus
1129 2198 1239 2238 viam
1255 2197 1330 2237 sibi
1351 2197 1462 2247 facit,
1493 2211 1574 2249 qua
1591 2199 1721 2251 specie

984 2256 1030 2295 in
1066 2256 1283 2295 asterismis
1332 2261 1374 2294 et
1410 2256 1561 2295 tabulis
1600 2256 1721 2295 Orbis

985 2315 1166 2354 caelestis
1187 2313 1370 2353 exhiberi
1387 2314 1501 2364 solet,
1535 2320 1575 2353 et
1589 2315 1720 2354 multo

984 2373 1108 2426 magis
1135 2373 1231 2412 olim
1260 2371 1469 2411 exhibitus
1490 2372 1587 2412 fuit:
1626 2373 1721 2413 vide

984 2431 1220 2470 Farnesiam
1263 2429 1447 2469 tabulam
1487 2430 1599 2482 apud
1634 2431 1721 2470 Go-

983 2489 1092 2528 rium
1113 2489 1232 2527 Thes.
1250 2489 1450 2527 Gemmar.
1478 2494 1562 2527 ant.
1586 2489 1632 2528 Τ.
1652 2489 1718 2540 ΠΙ,

982 2547 1082 2586 item
1118 2547 1229 2599 apud
1263 2547 1479 2599 Spencium
1515 2547 1714 2598 Pohfmet.

982 2605 1065 2644 tab.
1086 2605 1234 2644 XXIV.
1283 2603 1447 2643 Servius
1466 2603 1533 2642 hie
1550 2605 1718 2646 nimium

982 2669 1135 2715 argute.
1177 2662 1300 2700 Canis
1314 2675 1427 2711 vero,
1459 2662 1598 2713 Sirius,
1628 2671 1719 2702 tum

982 2720 1133 2760 occidit
1159 2719 1341 2771 heliace,
1390 2719 1432 2759 h.
1473 2721 1717 2772 occultatur,

981 2778 1159 2831 conspici
1176 2778 1346 2844 amplius
1365 2792 1450 2817 non
1469 2785 1617 2831 potest,
1635 2780 1717 2818 sole

979 2837 1150 2876 nimium
1169 2836 1321 2876 vicino:
1352 2836 1408 2875 sic
1432 2836 1515 2875 iam
1537 2837 1716 2877 Macrob.

981 2895 1288 2947 Somn.Scip.1,
1312 2896 1364 2936 18
1381 2895 1581 2947 exposuit.
1612 2896 1717 2933 cedit

981 2954 1148 2993 adverso
1173 2961 1279 2991 astro
1300 2952 1637 3006 simplicissimum
1655 2958 1717 2992 est

981 3012 1162 3065 accipere
1179 3010 1338 3065 poetica
1360 3010 1520 3051 ratione
1539 3011 1590 3052 de
1608 3011 1716 3051 cane
