<?xml version="1.0" encoding="UTF-8"?>
<!DOCTYPE html PUBLIC "-//W3C//DTD XHTML 1.0 Transitional//EN"
    "http://www.w3.org/TR/xhtml1/DTD/xhtml1-transitional.dtd">
<html xmlns="http://www.w3.org/1999/xhtml" xml:lang="en" lang="en">
 <head>
  <title>
</title>
<meta http-equiv="Content-Type" content="text/html;charset=utf-8" />
  <meta name='ocr-system' content='tesseract 3.04.00' />
  <meta name='ocr-capabilities' content='ocr_page ocr_carea ocr_par ocr_line ocrx_word'/>
</head>
<body>
  <div class='ocr_page' id='page_1' title='image "./publiusvirgilius01virguoft/publiusvirgilius01virguoft_0492.png"; bbox 0 0 1768 3320; ppageno 0'>
   <div class='ocr_carea' id='block_1_1' title="bbox 168 221 270 269">
    <p class='ocr_par' dir='ltr' id='par_1_1' title="bbox 168 221 270 269">
     <span class='ocr_line' id='line_1_1' title="bbox 168 221 270 269; baseline -0.02 0"><span class='ocrx_word' id='word_1_1' title='bbox 168 221 270 269; x_wconf 74' lang='lat'><strong>324</strong></span> 
     </span>
    </p>
   </div>
   <div class='ocr_carea' id='block_1_2' title="bbox 498 208 1421 274">
    <p class='ocr_par' dir='ltr' id='par_1_2' title="bbox 498 208 1421 274">
     <span class='ocr_line' id='line_1_2' title="bbox 498 208 1421 274; baseline -0.005 -12"><span class='ocrx_word' id='word_1_2' title='bbox 498 210 957 265; x_wconf 84' lang='lat' dir='ltr'><strong>P.VIRG1L11</strong></span> <span class='ocrx_word' id='word_1_3' title='bbox 992 208 1374 260; x_wconf 84' lang='lat' dir='ltr'>MARONIS</span> <span class='ocrx_word' id='word_1_4' title='bbox 1417 271 1421 274; x_wconf 72' lang='lat'>.</span> 
     </span>
    </p>
   </div>
   <div class='ocr_carea' id='block_1_3' title="bbox 166 333 1626 405">
    <p class='ocr_par' dir='ltr' id='par_1_3' title="bbox 166 333 1626 405">
     <span class='ocr_line' id='line_1_3' title="bbox 166 333 1626 405; baseline -0.006 -12"><span class='ocrx_word' id='word_1_5' title='bbox 166 345 235 394; x_wconf 90' lang='lat' dir='ltr'><strong>Et</strong></span> <span class='ocrx_word' id='word_1_6' title='bbox 259 340 508 391; x_wconf 87' lang='lat' dir='ltr'><strong>medium</strong></span> <span class='ocrx_word' id='word_1_7' title='bbox 536 339 643 389; x_wconf 91' lang='lat' dir='ltr'><strong>luci</strong></span> <span class='ocrx_word' id='word_1_8' title='bbox 663 347 823 405; x_wconf 87' lang='lat' dir='ltr'><strong>atque</strong></span> <span class='ocrx_word' id='word_1_9' title='bbox 841 336 1049 386; x_wconf 87' lang='lat' dir='ltr'><strong>umbris</strong></span> <span class='ocrx_word' id='word_1_10' title='bbox 1074 336 1179 384; x_wconf 81' lang='lat' dir='ltr'><strong>iam</strong></span> <span class='ocrx_word' id='word_1_11' title='bbox 1201 333 1389 384; x_wconf 83' lang='lat' dir='ltr'><strong>dividit</strong></span> <span class='ocrx_word' id='word_1_12' title='bbox 1410 334 1626 384; x_wconf 87' lang='lat' dir='ltr'><strong>orbem:</strong></span> 
     </span>
    </p>
   </div>
   <div class='ocr_carea' id='block_1_4' title="bbox 144 405 1521 479">
    <p class='ocr_par' dir='ltr' id='par_1_4' title="bbox 144 405 1521 479">
     <span class='ocr_line' id='line_1_4' title="bbox 144 405 1521 479; baseline -0.008 -16"><span class='ocrx_word' id='word_1_13' title='bbox 144 416 449 479; x_wconf 13' lang='lat' dir='ltr'><strong>*Exercete,</strong></span> <span class='ocrx_word' id='word_1_14' title='bbox 487 410 610 474; x_wconf 82' lang='lat' dir='ltr'><strong>viri,</strong></span> <span class='ocrx_word' id='word_1_15' title='bbox 656 418 863 470; x_wconf 85' lang='lat' dir='ltr'><strong>tauros;</strong></span> <span class='ocrx_word' id='word_1_16' title='bbox 900 407 1060 456; x_wconf 87' lang='lat' dir='ltr'><strong>serite</strong></span> <span class='ocrx_word' id='word_1_17' title='bbox 1090 405 1298 454; x_wconf 88' lang='lat' dir='ltr'><strong>hordea</strong></span> <span class='ocrx_word' id='word_1_18' title='bbox 1321 405 1521 471; x_wconf 85' lang='lat' dir='ltr'><strong>campis</strong></span> 
     </span>
    </p>
   </div>
   <div class='ocr_carea' id='block_1_5' title="bbox 1592 410 1697 457">
    <p class='ocr_par' dir='ltr' id='par_1_5' title="bbox 1592 410 1697 457">
     <span class='ocr_line' id='line_1_5' title="bbox 1592 410 1697 457; baseline -0.01 0"><span class='ocrx_word' id='word_1_19' title='bbox 1592 410 1697 457; x_wconf 76' lang='lat'><strong>210</strong></span> 
     </span>
    </p>
   </div>
   <div class='ocr_carea' id='block_1_6' title="bbox 168 474 1696 615">
    <p class='ocr_par' dir='ltr' id='par_1_6' title="bbox 168 474 1696 615">
     <span class='ocr_line' id='line_1_6' title="bbox 168 474 1696 551; baseline -0.008 -17"><span class='ocrx_word' id='word_1_20' title='bbox 168 486 354 551; x_wconf 80' lang='lat' dir='ltr'>Usque</span> <span class='ocrx_word' id='word_1_21' title='bbox 384 481 484 531; x_wconf 88' lang='lat' dir='ltr'><strong>sub</strong></span> <span class='ocrx_word' id='word_1_22' title='bbox 505 489 806 530; x_wconf 88' lang='lat' dir='ltr'><strong>extremum</strong></span> <span class='ocrx_word' id='word_1_23' title='bbox 823 478 1050 527; x_wconf 81' lang='lat' dir='ltr'>brumae</span> <span class='ocrx_word' id='word_1_24' title='bbox 1075 474 1415 525; x_wconf 83' lang='lat' dir='ltr'><strong>intractabilis</strong></span> <span class='ocrx_word' id='word_1_25' title='bbox 1435 475 1696 535; x_wconf 80' lang='lat' dir='ltr'><strong>imbrem3</strong></span> 
     </span>
     <span class='ocr_line' id='line_1_7' title="bbox 168 546 1434 615; baseline -0.009 -10"><span class='ocrx_word' id='word_1_26' title='bbox 168 558 281 605; x_wconf 87' lang='lat' dir='ltr'><strong>Nec</strong></span> <span class='ocrx_word' id='word_1_27' title='bbox 302 569 417 602; x_wconf 89' lang='lat' dir='ltr'><strong>non</strong></span> <span class='ocrx_word' id='word_1_28' title='bbox 434 560 486 601; x_wconf 91' lang='lat' dir='ltr'><strong>et</strong></span> <span class='ocrx_word' id='word_1_29' title='bbox 505 551 601 600; x_wconf 85' lang='lat' dir='ltr'><strong>lini</strong></span> <span class='ocrx_word' id='word_1_30' title='bbox 621 558 861 615; x_wconf 81' lang='lat' dir='ltr'><strong>segetem</strong></span> <span class='ocrx_word' id='word_1_31' title='bbox 884 556 938 598; x_wconf 87' lang='lat' dir='ltr'><strong>et</strong></span> <span class='ocrx_word' id='word_1_32' title='bbox 960 546 1184 598; x_wconf 81' lang='lat' dir='ltr'><strong>Cereale</strong></span> <span class='ocrx_word' id='word_1_33' title='bbox 1201 562 1434 613; x_wconf 87' lang='lat' dir='ltr'><strong>papaver</strong></span> 
     </span>
    </p>
   </div>
   <div class='ocr_carea' id='block_1_7' title="bbox 218 684 1698 731">
    <p class='ocr_par' dir='ltr' id='par_1_7' title="bbox 218 684 1698 731">
     <span class='ocr_line' id='line_1_8' title="bbox 218 684 1698 731; baseline -0.009 -1"><span class='ocrx_word' id='word_1_34' title='bbox 218 691 287 731; x_wconf 75' lang='lat'><strong>209</strong></span> <span class='ocrx_word' id='word_1_35' title='bbox 314 693 446 727; x_wconf 71' lang='lat' dir='ltr'><strong>dividit</strong></span> <span class='ocrx_word' id='word_1_36' title='bbox 465 690 588 724; x_wconf 89' lang='lat' dir='ltr'><strong>Heins.</strong></span> <span class='ocrx_word' id='word_1_37' title='bbox 616 702 635 722; x_wconf 89' lang='lat' dir='ltr'><strong>e</strong></span> <span class='ocrx_word' id='word_1_38' title='bbox 661 688 887 728; x_wconf 82' lang='lat' dir='ltr'><strong>melioribus3</strong></span> <span class='ocrx_word' id='word_1_39' title='bbox 921 688 1063 720; x_wconf 77' lang='lat' dir='ltr'><strong>dividet</strong></span> <span class='ocrx_word' id='word_1_40' title='bbox 1090 686 1260 719; x_wconf 89' lang='lat' dir='ltr'><strong>intulerat</strong></span> <span class='ocrx_word' id='word_1_41' title='bbox 1281 684 1483 731; x_wconf 76' lang='lat' dir='ltr'><strong>Naugerius</strong></span> <span class='ocrx_word' id='word_1_42' title='bbox 1508 685 1590 719; x_wconf 84' lang='lat' dir='ltr'><strong>Ald.</strong></span> <span class='ocrx_word' id='word_1_43' title='bbox 1617 690 1698 718; x_wconf 88' lang='lat' dir='ltr'><strong>tert.</strong></span> 
     </span>
    </p>
   </div>
   <div class='ocr_carea' id='block_1_8' title="bbox 173 733 1535 788">
    <p class='ocr_par' dir='ltr' id='par_1_8' title="bbox 173 733 1535 788">
     <span class='ocr_line' id='line_1_9' title="bbox 173 733 1535 788; baseline -0.007 -13"><span class='ocrx_word' id='word_1_44' title='bbox 173 741 328 788; x_wconf 77' lang='lat' dir='ltr'><strong>(dividet</strong></span> <span class='ocrx_word' id='word_1_45' title='bbox 345 741 379 776; x_wconf 89' lang='grc'><strong>3.</strong></span> <span class='ocrx_word' id='word_1_46' title='bbox 400 741 433 775; x_wconf 90' lang='grc'><strong>8.</strong></span> <span class='ocrx_word' id='word_1_47' title='bbox 459 741 513 774; x_wconf 80' lang='grc'><strong>12.</strong></span> <span class='ocrx_word' id='word_1_48' title='bbox 538 736 591 773; x_wconf 85' lang='grc'><strong>14.</strong></span> <span class='ocrx_word' id='word_1_49' title='bbox 620 743 656 769; x_wconf 90' lang='lat' dir='ltr'><strong>et</strong></span> <span class='ocrx_word' id='word_1_50' title='bbox 681 739 779 770; x_wconf 87' lang='lat' dir='ltr'><strong>Serv.</strong></span> <span class='ocrx_word' id='word_1_51' title='bbox 795 734 922 768; x_wconf 85' lang='lat' dir='ltr'><strong>Dresd.</strong></span> <span class='ocrx_word' id='word_1_52' title='bbox 957 734 1028 768; x_wconf 88' lang='lat' dir='ltr'><strong>vid.</strong></span> <span class='ocrx_word' id='word_1_53' title='bbox 1050 740 1170 767; x_wconf 89' lang='lat' dir='ltr'><strong>notata</strong></span> <span class='ocrx_word' id='word_1_54' title='bbox 1186 733 1232 767; x_wconf 90' lang='lat' dir='ltr'><strong>ad</strong></span> <span class='ocrx_word' id='word_1_55' title='bbox 1253 745 1304 766; x_wconf 84' lang='lat' dir='ltr'><strong>vs.</strong></span> <span class='ocrx_word' id='word_1_56' title='bbox 1325 733 1407 769; x_wconf 86' lang='lat'>450.</span> <span class='ocrx_word' id='word_1_57' title='bbox 1439 733 1535 777; x_wconf 76' lang='lat' dir='ltr'><strong>lVr.)</strong></span> 
     </span>
    </p>
   </div>
   <div class='ocr_carea' id='block_1_9' title="bbox 1629 732 1701 767">
    <p class='ocr_par' dir='ltr' id='par_1_9' title="bbox 1629 732 1701 767">
     <span class='ocr_line' id='line_1_10' title="bbox 1629 732 1701 767; baseline 0 0"><span class='ocrx_word' id='word_1_58' title='bbox 1629 732 1701 767; x_wconf 79' lang='lat'><strong>210</strong></span> 
     </span>
    </p>
   </div>
   <div class='ocr_carea' id='block_1_10' title="bbox 172 779 1702 874">
    <p class='ocr_par' dir='ltr' id='par_1_10' title="bbox 172 779 1702 874">
     <span class='ocr_line' id='line_1_11' title="bbox 172 779 1702 828; baseline -0.007 -5"><span class='ocrx_word' id='word_1_59' title='bbox 172 788 329 824; x_wconf 83' lang='lat' dir='ltr'><strong>servius:</strong></span> <span class='ocrx_word' id='word_1_60' title='bbox 357 786 500 821; x_wconf 76' lang='lat' dir='ltr'><strong>hordea</strong></span> <span class='ocrx_word' id='word_1_61' title='bbox 522 783 724 828; x_wconf 83' lang='lat' dir='ltr'><strong>usurpative</strong></span> <span class='ocrx_word' id='word_1_62' title='bbox 751 783 820 823; x_wconf 89' lang='lat' dir='ltr'><strong>ait;</strong></span> <span class='ocrx_word' id='word_1_63' title='bbox 849 802 894 807; x_wconf 92' lang='lat'>—</span> <span class='ocrx_word' id='word_1_64' title='bbox 929 793 1020 815; x_wconf 76' lang='lat' dir='ltr'><strong>sane</strong></span> <span class='ocrx_word' id='word_1_65' title='bbox 1047 781 1296 827; x_wconf 73' lang='lat' dir='ltr'><strong>reprehensus</strong></span> <span class='ocrx_word' id='word_1_66' title='bbox 1317 779 1500 827; x_wconf 76' lang='lat' dir='ltr'><em>Virgilius</em></span> <span class='ocrx_word' id='word_1_67' title='bbox 1524 779 1660 814; x_wconf 80' lang='lat' dir='ltr'><strong>dicitur</strong></span> <span class='ocrx_word' id='word_1_68' title='bbox 1678 791 1702 812; x_wconf 89' lang='lat' dir='ltr'><strong>a</strong></span> 
     </span>
     <span class='ocr_line' id='line_1_12' title="bbox 173 826 1701 874; baseline -0.007 -3"><span class='ocrx_word' id='word_1_69' title='bbox 173 838 292 871; x_wconf 77' lang='lat' dir='ltr'><strong>Bavio</strong></span> <span class='ocrx_word' id='word_1_70' title='bbox 320 842 357 869; x_wconf 78' lang='lat' dir='ltr'><strong>et</strong></span> <span class='ocrx_word' id='word_1_71' title='bbox 380 833 530 868; x_wconf 79' lang='lat' dir='ltr'><strong>Maevio</strong></span> <span class='ocrx_word' id='word_1_72' title='bbox 555 832 625 865; x_wconf 78' lang='lat' dir='ltr'><strong>hoe</strong></span> <span class='ocrx_word' id='word_1_73' title='bbox 645 842 775 865; x_wconf 76' lang='lat' dir='ltr'><strong>versu:</strong></span> <span class='ocrx_word' id='word_1_74' title='bbox 801 829 948 863; x_wconf 85' lang='lat' dir='ltr'><strong>Hordea</strong></span> <span class='ocrx_word' id='word_1_75' title='bbox 973 828 1033 874; x_wconf 90' lang='lat' dir='ltr'><strong>qui</strong></span> <span class='ocrx_word' id='word_1_76' title='bbox 1055 827 1163 872; x_wconf 77' lang='lat' dir='ltr'><strong>dixit,</strong></span> <span class='ocrx_word' id='word_1_77' title='bbox 1188 835 1369 873; x_wconf 86' lang='lat' dir='ltr'><strong>superest,</strong></span> <span class='ocrx_word' id='word_1_78' title='bbox 1393 833 1434 860; x_wconf 94' lang='lat' dir='ltr'><strong>ut</strong></span> <span class='ocrx_word' id='word_1_79' title='bbox 1452 826 1574 861; x_wconf 83' lang='lat' dir='ltr'><strong>tritica</strong></span> <span class='ocrx_word' id='word_1_80' title='bbox 1596 826 1701 860; x_wconf 88' lang='lat' dir='ltr'><strong>dicat.</strong></span> 
     </span>
    </p>
   </div>
   <div class='ocr_carea' id='block_1_11' title="bbox 135 948 927 3042">
    <p class='ocr_par' dir='ltr' id='par_1_11' title="bbox 135 948 927 3042">
     <span class='ocr_line' id='line_1_13' title="bbox 174 948 910 993; baseline -0.01 0"><span class='ocrx_word' id='word_1_81' title='bbox 174 953 306 993; x_wconf 75' lang='lat' dir='ltr'><strong>orbem</strong></span> <span class='ocrx_word' id='word_1_82' title='bbox 337 951 540 991; x_wconf 74' lang='lat' dir='ltr'><strong>libraverit</strong></span> <span class='ocrx_word' id='word_1_83' title='bbox 576 949 699 988; x_wconf 70' lang='lat' dir='ltr'><strong>horis.</strong></span> <span class='ocrx_word' id='word_1_84' title='bbox 772 948 910 988; x_wconf 86' lang='lat' dir='ltr'><strong>Horae</strong></span> 
     </span>
     <span class='ocr_line' id='line_1_14' title="bbox 175 1007 911 1063; baseline -0.011 -11"><span class='ocrx_word' id='word_1_85' title='bbox 175 1019 313 1051; x_wconf 89' lang='lat' dir='ltr'><strong>autem</strong></span> <span class='ocrx_word' id='word_1_86' title='bbox 319 1024 467 1063; x_wconf 80' lang='lat' dir='ltr'><strong>pares,</strong></span> <span class='ocrx_word' id='word_1_87' title='bbox 502 1008 597 1060; x_wconf 87' lang='lat' dir='ltr'><strong>quia</strong></span> <span class='ocrx_word' id='word_1_88' title='bbox 626 1007 709 1046; x_wconf 88' lang='lat' dir='ltr'><strong>dies</strong></span> <span class='ocrx_word' id='word_1_89' title='bbox 732 1013 816 1047; x_wconf 81' lang='lat' dir='ltr'><strong>tam</strong></span> <span class='ocrx_word' id='word_1_90' title='bbox 841 1020 911 1045; x_wconf 90' lang='lat' dir='ltr'><strong>ae-</strong></span> 
     </span>
     <span class='ocr_line' id='line_1_15' title="bbox 175 1065 912 1121; baseline -0.009 -11"><span class='ocrx_word' id='word_1_91' title='bbox 175 1071 304 1110; x_wconf 89' lang='lat' dir='ltr'><strong>stivus</strong></span> <span class='ocrx_word' id='word_1_92' title='bbox 323 1083 445 1121; x_wconf 90' lang='lat' dir='ltr'><strong>quam</strong></span> <span class='ocrx_word' id='word_1_93' title='bbox 472 1065 666 1106; x_wconf 90' lang='lat' dir='ltr'><strong>hibernus</strong></span> <span class='ocrx_word' id='word_1_94' title='bbox 696 1065 912 1105; x_wconf 85' lang='lat' dir='ltr'><strong>duodecim</strong></span> 
     </span>
     <span class='ocr_line' id='line_1_16' title="bbox 173 1123 911 1177; baseline -0.008 -9"><span class='ocrx_word' id='word_1_95' title='bbox 173 1129 298 1177; x_wconf 86' lang='lat' dir='ltr'><strong>horis,</strong></span> <span class='ocrx_word' id='word_1_96' title='bbox 330 1127 401 1165; x_wconf 91' lang='lat' dir='ltr'><strong>sed</strong></span> <span class='ocrx_word' id='word_1_97' title='bbox 418 1125 608 1177; x_wconf 84' lang='lat' dir='ltr'><strong>longioris</strong></span> <span class='ocrx_word' id='word_1_98' title='bbox 630 1125 767 1175; x_wconf 90' lang='lat' dir='ltr'><strong>modo,</strong></span> <span class='ocrx_word' id='word_1_99' title='bbox 787 1123 911 1163; x_wconf 88' lang='lat' dir='ltr'><strong>modo</strong></span> 
     </span>
     <span class='ocr_line' id='line_1_17' title="bbox 174 1182 911 1237; baseline -0.008 -10"><span class='ocrx_word' id='word_1_100' title='bbox 174 1186 374 1227; x_wconf 87' lang='lat' dir='ltr'><strong>brevioris</strong></span> <span class='ocrx_word' id='word_1_101' title='bbox 409 1183 561 1237; x_wconf 82' lang='lat' dir='ltr'><strong>spatii,</strong></span> <span class='ocrx_word' id='word_1_102' title='bbox 611 1182 911 1232; x_wconf 82' lang='lat' dir='ltr'><strong>absolvebatur,</strong></span> 
     </span>
     <span class='ocr_line' id='line_1_18' title="bbox 177 1241 913 1296; baseline -0.007 -12"><span class='ocrx_word' id='word_1_103' title='bbox 177 1245 358 1296; x_wconf 84' lang='lat' dir='ltr'><strong>adeoque</strong></span> <span class='ocrx_word' id='word_1_104' title='bbox 397 1242 524 1281; x_wconf 83' lang='lat' dir='ltr'><strong>horae</strong></span> <span class='ocrx_word' id='word_1_105' title='bbox 547 1272 578 1294; x_wconf 29' lang='lat'><strong>,⁴</strong></span> <span class='ocrx_word' id='word_1_106' title='bbox 599 1241 663 1280; x_wconf 89' lang='lat' dir='ltr'><strong>uti</strong></span> <span class='ocrx_word' id='word_1_107' title='bbox 692 1241 913 1280; x_wconf 83' lang='lat' dir='ltr'><strong>etiamnum</strong></span> 
     </span>
     <span class='ocr_line' id='line_1_19' title="bbox 176 1299 913 1354; baseline -0.008 -12"><span class='ocrx_word' id='word_1_108' title='bbox 176 1304 219 1342; x_wconf 94' lang='lat' dir='ltr'><strong>in</strong></span> <span class='ocrx_word' id='word_1_109' title='bbox 258 1303 374 1341; x_wconf 87' lang='lat' dir='ltr'><strong>Italia</strong></span> <span class='ocrx_word' id='word_1_110' title='bbox 394 1332 404 1352; x_wconf 92' lang='lat'><strong>,</strong></span> <span class='ocrx_word' id='word_1_111' title='bbox 453 1315 529 1354; x_wconf 86' lang='lat' dir='ltr'><strong>pro</strong></span> <span class='ocrx_word' id='word_1_112' title='bbox 569 1300 728 1339; x_wconf 83' lang='lat' dir='ltr'><strong>dierum</strong></span> <span class='ocrx_word' id='word_1_113' title='bbox 775 1299 913 1353; x_wconf 86' lang='lat' dir='ltr'><strong>spatiis</strong></span> 
     </span>
     <span class='ocr_line' id='line_1_20' title="bbox 177 1361 914 1413; baseline -0.008 -12"><span class='ocrx_word' id='word_1_114' title='bbox 177 1367 296 1401; x_wconf 90' lang='lat' dir='ltr'><strong>erant</strong></span> <span class='ocrx_word' id='word_1_115' title='bbox 314 1361 499 1413; x_wconf 87' lang='lat' dir='ltr'><strong>impares.</strong></span> <span class='ocrx_word' id='word_1_116' title='bbox 518 1366 682 1397; x_wconf 79' lang='lat' dir='ltr'><strong>somnus</strong></span> <span class='ocrx_word' id='word_1_117' title='bbox 693 1372 767 1412; x_wconf 88' lang='lat' dir='ltr'><strong>pro</strong></span> <span class='ocrx_word' id='word_1_118' title='bbox 781 1364 914 1397; x_wconf 91' lang='lat' dir='ltr'><strong>nocte.</strong></span> 
     </span>
     <span class='ocr_line' id='line_1_21' title="bbox 178 1415 917 1470; baseline -0.008 -11"><span class='ocrx_word' id='word_1_119' title='bbox 178 1419 330 1470; x_wconf 75' lang='lat' dir='ltr'><strong>Libra,</strong></span> <span class='ocrx_word' id='word_1_120' title='bbox 375 1418 415 1457; x_wconf 91' lang='lat' dir='ltr'><strong>h.</strong></span> <span class='ocrx_word' id='word_1_121' title='bbox 443 1417 503 1456; x_wconf 87' lang='lat' dir='ltr'><strong>sol</strong></span> <span class='ocrx_word' id='word_1_122' title='bbox 526 1417 572 1456; x_wconf 89' lang='lat' dir='ltr'><strong>in</strong></span> <span class='ocrx_word' id='word_1_123' title='bbox 598 1417 700 1456; x_wconf 90' lang='lat' dir='ltr'><strong>libra</strong></span> <span class='ocrx_word' id='word_1_124' title='bbox 716 1447 728 1466; x_wconf 92' lang='lat'><strong>,</strong></span> <span class='ocrx_word' id='word_1_125' title='bbox 769 1415 917 1456; x_wconf 72' lang='lat' dir='ltr'><strong>dividit</strong></span> 
     </span>
     <span class='ocr_line' id='line_1_22' title="bbox 179 1474 917 1527; baseline -0.007 -11"><span class='ocrx_word' id='word_1_126' title='bbox 179 1477 334 1527; x_wconf 83' lang='lat' dir='ltr'><strong>orbem,</strong></span> <span class='ocrx_word' id='word_1_127' title='bbox 367 1476 409 1515; x_wconf 86' lang='lat' dir='ltr'><strong>h.</strong></span> <span class='ocrx_word' id='word_1_128' title='bbox 428 1476 604 1526; x_wconf 89' lang='lat' dir='ltr'><strong>caelum,</strong></span> <span class='ocrx_word' id='word_1_129' title='bbox 636 1476 814 1514; x_wconf 66' lang='lat' dir='ltr'><strong>mediam</strong></span> <span class='ocrx_word' id='word_1_130' title='bbox 833 1474 917 1512; x_wconf 81' lang='lat' dir='ltr'><strong>luci</strong></span> 
     </span>
     <span class='ocr_line' id='line_1_23' title="bbox 179 1533 916 1589; baseline -0.005 -14"><span class='ocrx_word' id='word_1_131' title='bbox 179 1544 300 1589; x_wconf 76' lang='lat' dir='ltr'><strong>atque</strong></span> <span class='ocrx_word' id='word_1_132' title='bbox 330 1534 480 1574; x_wconf 68' lang='lat' dir='ltr'><strong>umbris</strong></span> <span class='ocrx_word' id='word_1_133' title='bbox 496 1564 506 1584; x_wconf 93' lang='lat'><strong>,</strong></span> <span class='ocrx_word' id='word_1_134' title='bbox 547 1533 590 1573; x_wconf 91' lang='lat'><strong>11.</strong></span> <span class='ocrx_word' id='word_1_135' title='bbox 609 1533 717 1573; x_wconf 89' lang='lat' dir='ltr'><strong>inter</strong></span> <span class='ocrx_word' id='word_1_136' title='bbox 738 1533 844 1572; x_wconf 90' lang='lat' dir='ltr'><strong>diem</strong></span> <span class='ocrx_word' id='word_1_137' title='bbox 874 1537 916 1570; x_wconf 82' lang='lat' dir='ltr'><strong>et</strong></span> 
     </span>
     <span class='ocr_line' id='line_1_24' title="bbox 180 1590 915 1643; baseline -0.007 -9"><span class='ocrx_word' id='word_1_138' title='bbox 180 1600 343 1633; x_wconf 90' lang='lat' dir='ltr'><strong>noctem</strong></span> <span class='ocrx_word' id='word_1_139' title='bbox 372 1592 542 1642; x_wconf 85' lang='lat' dir='ltr'><strong>dividit,</strong></span> <span class='ocrx_word' id='word_1_140' title='bbox 583 1592 625 1630; x_wconf 90' lang='lat' dir='ltr'><strong>in</strong></span> <span class='ocrx_word' id='word_1_141' title='bbox 645 1592 753 1632; x_wconf 90' lang='lat' dir='ltr'><strong>linea</strong></span> <span class='ocrx_word' id='word_1_142' title='bbox 773 1590 915 1643; x_wconf 77' lang='lat' dir='ltr'><strong>aequi-</strong></span> 
     </span>
     <span class='ocr_line' id='line_1_25' title="bbox 179 1650 916 1700; baseline -0.008 -8"><span class='ocrx_word' id='word_1_143' title='bbox 179 1651 347 1692; x_wconf 85' lang='lat' dir='ltr'><strong>noctiali</strong></span> <span class='ocrx_word' id='word_1_144' title='bbox 391 1650 659 1700; x_wconf 78' lang='lat' dir='ltr'><strong>constitutus,</strong></span> <span class='ocrx_word' id='word_1_145' title='bbox 709 1651 808 1689; x_wconf 89' lang='lat' dir='ltr'><strong>dum</strong></span> <span class='ocrx_word' id='word_1_146' title='bbox 841 1662 916 1687; x_wconf 92' lang='lat' dir='ltr'><strong>nec</strong></span> 
     </span>
     <span class='ocr_line' id='line_1_26' title="bbox 180 1709 916 1759; baseline -0.005 -9"><span class='ocrx_word' id='word_1_147' title='bbox 180 1724 322 1750; x_wconf 88' lang='lat' dir='ltr'><strong>versus</strong></span> <span class='ocrx_word' id='word_1_148' title='bbox 343 1710 539 1748; x_wconf 81' lang='lat' dir='ltr'><strong>arcticum</strong></span> <span class='ocrx_word' id='word_1_149' title='bbox 553 1721 682 1759; x_wconf 89' lang='lat' dir='ltr'><strong>neque</strong></span> <span class='ocrx_word' id='word_1_150' title='bbox 701 1709 754 1747; x_wconf 88' lang='lat' dir='ltr'><strong>ad</strong></span> <span class='ocrx_word' id='word_1_151' title='bbox 773 1714 916 1747; x_wconf 86' lang='lat' dir='ltr'><strong>antar-</strong></span> 
     </span>
     <span class='ocr_line' id='line_1_27' title="bbox 183 1768 916 1820; baseline -0.008 -12"><span class='ocrx_word' id='word_1_152' title='bbox 183 1769 333 1808; x_wconf 82' lang='lat' dir='ltr'><strong>cticum</strong></span> <span class='ocrx_word' id='word_1_153' title='bbox 356 1768 496 1820; x_wconf 89' lang='lat' dir='ltr'><strong>polum</strong></span> <span class='ocrx_word' id='word_1_154' title='bbox 530 1768 746 1820; x_wconf 78' lang='lat' dir='ltr'><strong>processit,</strong></span> <span class='ocrx_word' id='word_1_155' title='bbox 786 1778 916 1817; x_wconf 88' lang='lat' dir='ltr'><strong>neque</strong></span> 
     </span>
     <span class='ocr_line' id='line_1_28' title="bbox 183 1824 917 1878; baseline -0.005 -13"><span class='ocrx_word' id='word_1_156' title='bbox 183 1827 284 1865; x_wconf 91' lang='lat' dir='ltr'><strong>adeo</strong></span> <span class='ocrx_word' id='word_1_157' title='bbox 336 1824 525 1865; x_wconf 87' lang='lat' dir='ltr'><strong>alterutri</strong></span> <span class='ocrx_word' id='word_1_158' title='bbox 567 1825 677 1878; x_wconf 88' lang='lat' dir='ltr'><strong>parti</strong></span> <span class='ocrx_word' id='word_1_159' title='bbox 716 1825 917 1877; x_wconf 88' lang='lat' dir='ltr'><strong>longiores</strong></span> 
     </span>
     <span class='ocr_line' id='line_1_29' title="bbox 184 1883 917 1924; baseline -0.005 -1"><span class='ocrx_word' id='word_1_160' title='bbox 184 1885 270 1924; x_wconf 89' lang='lat' dir='ltr'><strong>dies</strong></span> <span class='ocrx_word' id='word_1_161' title='bbox 290 1890 481 1923; x_wconf 80' lang='lat' dir='ltr'><strong>noctesve</strong></span> <span class='ocrx_word' id='word_1_162' title='bbox 508 1884 660 1923; x_wconf 84' lang='lat' dir='ltr'><strong>attulit.</strong></span> <span class='ocrx_word' id='word_1_163' title='bbox 689 1883 832 1921; x_wconf 77' lang='lat' dir='ltr'><strong>bruma</strong></span> <span class='ocrx_word' id='word_1_164' title='bbox 850 1883 917 1920; x_wconf 83' lang='grc' dir='ltr'><strong>ιἠ-</strong></span> 
     </span>
     <span class='ocr_line' id='line_1_30' title="bbox 184 1941 917 1995; baseline -0.004 -13"><span class='ocrx_word' id='word_1_165' title='bbox 184 1942 407 1982; x_wconf 70' lang='lat' dir='ltr'><strong>tractabilis</strong></span> <span class='ocrx_word' id='word_1_166' title='bbox 431 1972 442 1991; x_wconf 92' lang='lat'><strong>,</strong></span> <span class='ocrx_word' id='word_1_167' title='bbox 491 1941 615 1992; x_wconf 83' lang='lat' dir='ltr'><strong>dura,</strong></span> <span class='ocrx_word' id='word_1_168' title='bbox 658 1954 799 1995; x_wconf 90' lang='lat' dir='ltr'><strong>aspera</strong></span> <span class='ocrx_word' id='word_1_169' title='bbox 817 1971 827 1991; x_wconf 90' lang='lat'><strong>,</strong></span> <span class='ocrx_word' id='word_1_170' title='bbox 867 1945 917 1979; x_wconf 87' lang='lat' dir='ltr'><strong>ut</strong></span> 
     </span>
     <span class='ocr_line' id='line_1_31' title="bbox 185 1998 916 2051; baseline -0.005 -11"><span class='ocrx_word' id='word_1_171' title='bbox 185 2002 282 2040; x_wconf 90' lang='lat' dir='ltr'><strong>alias</strong></span> <span class='ocrx_word' id='word_1_172' title='bbox 297 2000 495 2038; x_wconf 79' lang='lat' dir='ltr'><strong>indomita</strong></span> <span class='ocrx_word' id='word_1_173' title='bbox 514 2030 525 2049; x_wconf 86' lang='lat'><strong>,</strong></span> <span class='ocrx_word' id='word_1_174' title='bbox 566 2013 668 2051; x_wconf 86' lang='lat' dir='ltr'><strong>quae</strong></span> <span class='ocrx_word' id='word_1_175' title='bbox 694 2000 767 2039; x_wconf 72' lang='lat' dir='ltr'><strong>vix</strong></span> <span class='ocrx_word' id='word_1_176' title='bbox 795 1998 916 2047; x_wconf 85' lang='lat' dir='ltr'><strong>vinci,</strong></span> 
     </span>
     <span class='ocr_line' id='line_1_32' title="bbox 186 2056 920 2112; baseline -0.007 -13"><span class='ocrx_word' id='word_1_177' title='bbox 186 2058 397 2112; x_wconf 88' lang='lat' dir='ltr'><strong>superari,</strong></span> <span class='ocrx_word' id='word_1_178' title='bbox 442 2058 610 2097; x_wconf 87' lang='lat' dir='ltr'><strong>tolerari</strong></span> <span class='ocrx_word' id='word_1_179' title='bbox 645 2063 792 2112; x_wconf 86' lang='lat' dir='ltr'><strong>potest.</strong></span> <span class='ocrx_word' id='word_1_180' title='bbox 853 2056 920 2095; x_wconf 88' lang='lat' dir='ltr'><strong>Sic</strong></span> 
     </span>
     <span class='ocr_line' id='line_1_33' title="bbox 185 2116 919 2168; baseline -0.004 -12"><span class='ocrx_word' id='word_1_181' title='bbox 185 2117 346 2167; x_wconf 80' lang='lat' dir='ltr'><strong>melius,</strong></span> <span class='ocrx_word' id='word_1_182' title='bbox 387 2130 510 2168; x_wconf 85' lang='lat' dir='ltr'><strong>quam</strong></span> <span class='ocrx_word' id='word_1_183' title='bbox 544 2122 594 2155; x_wconf 90' lang='lat' dir='ltr'><strong>ut</strong></span> <span class='ocrx_word' id='word_1_184' title='bbox 636 2117 690 2155; x_wconf 90' lang='lat' dir='ltr'><strong>sit</strong></span> <span class='ocrx_word' id='word_1_185' title='bbox 708 2147 718 2166; x_wconf 91' lang='lat'><strong>,</strong></span> <span class='ocrx_word' id='word_1_186' title='bbox 757 2116 799 2155; x_wconf 88' lang='lat' dir='ltr'><strong>in</strong></span> <span class='ocrx_word' id='word_1_187' title='bbox 838 2128 919 2167; x_wconf 88' lang='lat' dir='ltr'><strong>qua</strong></span> 
     </span>
     <span class='ocr_line' id='line_1_34' title="bbox 135 2173 919 2229; baseline -0.004 -15"><span class='ocrx_word' id='word_1_188' title='bbox 135 2201 141 2205; x_wconf 30' lang='lat' dir='ltr'>x</span> <span class='ocrx_word' id='word_1_189' title='bbox 186 2182 355 2229; x_wconf 86' lang='lat' dir='ltr'><strong>propter</strong></span> <span class='ocrx_word' id='word_1_190' title='bbox 393 2174 551 2227; x_wconf 80' lang='lat' dir='ltr'><strong>frigoris</strong></span> <span class='ocrx_word' id='word_1_191' title='bbox 589 2175 765 2228; x_wconf 85' lang='lat' dir='ltr'><strong>rigorem</strong></span> <span class='ocrx_word' id='word_1_192' title='bbox 807 2173 919 2212; x_wconf 91' lang='lat' dir='ltr'><strong>nulla</strong></span> 
     </span>
     <span class='ocr_line' id='line_1_35' title="bbox 187 2231 919 2286; baseline -0.005 -13"><span class='ocrx_word' id='word_1_193' title='bbox 187 2247 251 2273; x_wconf 91' lang='lat' dir='ltr'><strong>res</strong></span> <span class='ocrx_word' id='word_1_194' title='bbox 284 2233 485 2282; x_wconf 82' lang='lat' dir='ltr'><strong>tractari,</strong></span> <span class='ocrx_word' id='word_1_195' title='bbox 526 2233 615 2285; x_wconf 85' lang='lat' dir='ltr'><strong>agi,</strong></span> <span class='ocrx_word' id='word_1_196' title='bbox 655 2238 822 2286; x_wconf 81' lang='lat' dir='ltr'><strong>potest3</strong></span> <span class='ocrx_word' id='word_1_197' title='bbox 859 2231 919 2270; x_wconf 81' lang='lat' dir='ltr'><strong>ita</strong></span> 
     </span>
     <span class='ocr_line' id='line_1_36' title="bbox 187 2290 919 2343; baseline -0.004 -12"><span class='ocrx_word' id='word_1_198' title='bbox 187 2291 366 2332; x_wconf 84' lang='lat' dir='ltr'><strong>Iustinus</strong></span> <span class='ocrx_word' id='word_1_199' title='bbox 386 2290 534 2341; x_wconf 85' lang='lat' dir='ltr'>XXIV,</span> <span class='ocrx_word' id='word_1_200' title='bbox 545 2290 585 2340; x_wconf 83' lang='lat'><strong>4,</strong></span> <span class='ocrx_word' id='word_1_201' title='bbox 604 2291 631 2333; x_wconf 80' lang='grc'>4</span> <span class='ocrx_word' id='word_1_202' title='bbox 660 2292 750 2329; x_wconf 81' lang='lat' dir='ltr'><strong>loca</strong></span> <span class='ocrx_word' id='word_1_203' title='bbox 755 2291 919 2343; x_wconf 65' lang='lat' dir='ltr'><strong>frigore</strong></span> 
     </span>
     <span class='ocr_line' id='line_1_37' title="bbox 189 2348 924 2389; baseline -0.004 0"><span class='ocrx_word' id='word_1_204' title='bbox 189 2348 462 2389; x_wconf 72' lang='lat' dir='ltr'><strong>intractabilia</strong></span> <span class='ocrx_word' id='word_1_205' title='bbox 473 2348 589 2388; x_wconf 78' lang='lat' dir='ltr'><strong>dixit.</strong></span> <span class='ocrx_word' id='word_1_206' title='bbox 610 2358 828 2388; x_wconf 82' lang='lat' dir='ltr'><strong>extremum</strong></span> <span class='ocrx_word' id='word_1_207' title='bbox 843 2350 924 2386; x_wconf 81' lang='lat' dir='ltr'><strong>im-</strong></span> 
     </span>
     <span class='ocr_line' id='line_1_38' title="bbox 189 2407 924 2459; baseline -0.001 -13"><span class='ocrx_word' id='word_1_208' title='bbox 189 2408 296 2446; x_wconf 84' lang='lat' dir='ltr'><strong>brem</strong></span> <span class='ocrx_word' id='word_1_209' title='bbox 340 2407 423 2445; x_wconf 85' lang='lat' dir='ltr'><strong>noli</strong></span> <span class='ocrx_word' id='word_1_210' title='bbox 459 2420 622 2459; x_wconf 82' lang='lat' dir='ltr'><strong>urgere3</strong></span> <span class='ocrx_word' id='word_1_211' title='bbox 667 2414 728 2446; x_wconf 89' lang='lat' dir='ltr'><strong>est</strong></span> <span class='ocrx_word' id='word_1_212' title='bbox 767 2407 924 2445; x_wconf 88' lang='lat' dir='ltr'><strong>dictum</strong></span> 
     </span>
     <span class='ocr_line' id='line_1_39' title="bbox 190 2465 925 2519; baseline -0.001 -15"><span class='ocrx_word' id='word_1_213' title='bbox 190 2480 287 2519; x_wconf 87' lang='lat' dir='ltr'><strong>pro,</strong></span> <span class='ocrx_word' id='word_1_214' title='bbox 319 2479 443 2517; x_wconf 72' lang='lat' dir='ltr'><strong>nsque</strong></span> <span class='ocrx_word' id='word_1_215' title='bbox 462 2466 521 2503; x_wconf 80' lang='lat' dir='ltr'><strong>ad</strong></span> <span class='ocrx_word' id='word_1_216' title='bbox 543 2465 752 2514; x_wconf 75' lang='lat' dir='ltr'><strong>brumam,·</strong></span> <span class='ocrx_word' id='word_1_217' title='bbox 786 2465 925 2504; x_wconf 81' lang='lat' dir='ltr'><strong>solsti-</strong></span> 
     </span>
     <span class='ocr_line' id='line_1_40' title="bbox 191 2523 926 2563; baseline -0.003 0"><span class='ocrx_word' id='word_1_218' title='bbox 191 2524 292 2563; x_wconf 87' lang='lat' dir='ltr'><strong>tium</strong></span> <span class='ocrx_word' id='word_1_219' title='bbox 310 2523 504 2561; x_wconf 87' lang='lat' dir='ltr'><strong>brumale.</strong></span> <span class='ocrx_word' id='word_1_220' title='bbox 553 2525 746 2562; x_wconf 74' lang='lat' dir='ltr'><strong>Extrema</strong></span> <span class='ocrx_word' id='word_1_221' title='bbox 765 2537 811 2561; x_wconf 89' lang='lat' dir='ltr'><strong>ea</strong></span> <span class='ocrx_word' id='word_1_222' title='bbox 829 2523 926 2561; x_wconf 90' lang='lat' dir='ltr'><strong>anni</strong></span> 
     </span>
     <span class='ocr_line' id='line_1_41' title="bbox 192 2581 925 2634; baseline -0.003 -14"><span class='ocrx_word' id='word_1_223' title='bbox 192 2588 254 2621; x_wconf 91' lang='lat' dir='ltr'><strong>est</strong></span> <span class='ocrx_word' id='word_1_224' title='bbox 277 2595 394 2634; x_wconf 85' lang='lat' dir='ltr'><strong>pars,</strong></span> <span class='ocrx_word' id='word_1_225' title='bbox 438 2581 574 2632; x_wconf 86' lang='lat' dir='ltr'><strong>itaque</strong></span> <span class='ocrx_word' id='word_1_226' title='bbox 604 2582 810 2621; x_wconf 90' lang='lat' dir='ltr'><strong>adiectum</strong></span> <span class='ocrx_word' id='word_1_227' title='bbox 837 2581 925 2633; x_wconf 89' lang='lat' dir='ltr'><strong>epi-</strong></span> 
     </span>
     <span class='ocr_line' id='line_1_42' title="bbox 192 2639 925 2679; baseline -0.003 0"><span class='ocrx_word' id='word_1_228' title='bbox 192 2640 337 2679; x_wconf 86' lang='lat' dir='ltr'><strong>theton</strong></span> <span class='ocrx_word' id='word_1_229' title='bbox 352 2647 527 2677; x_wconf 79' lang='lat' dir='ltr'><strong>exlrema</strong></span> <span class='ocrx_word' id='word_1_230' title='bbox 541 2640 681 2678; x_wconf 75' lang='lat' dir='ltr'><strong>bruma</strong></span> <span class='ocrx_word' id='word_1_231' title='bbox 695 2639 775 2678; x_wconf 89' lang='lat' dir='ltr'><strong>hoc</strong></span> <span class='ocrx_word' id='word_1_232' title='bbox 786 2646 925 2677; x_wconf 88' lang='lat' dir='ltr'><strong>trans-</strong></span> 
     </span>
     <span class='ocr_line' id='line_1_43' title="bbox 191 2696 924 2748; baseline -0.004 -11"><span class='ocrx_word' id='word_1_233' title='bbox 191 2699 322 2737; x_wconf 89' lang='lat' dir='ltr'><strong>latum</strong></span> <span class='ocrx_word' id='word_1_234' title='bbox 353 2697 406 2735; x_wconf 91' lang='lat' dir='ltr'><strong>ad</strong></span> <span class='ocrx_word' id='word_1_235' title='bbox 440 2696 605 2735; x_wconf 78' lang='lat' dir='ltr'><strong>imbrem</strong></span> <span class='ocrx_word' id='word_1_236' title='bbox 630 2714 641 2736; x_wconf 90' lang='lat'><em>:</em></span> <span class='ocrx_word' id='word_1_237' title='bbox 684 2698 728 2736; x_wconf 85' lang='lat' dir='ltr'><strong>in</strong></span> <span class='ocrx_word' id='word_1_238' title='bbox 754 2711 834 2748; x_wconf 91' lang='lat' dir='ltr'><strong>quo</strong></span> <span class='ocrx_word' id='word_1_239' title='bbox 863 2703 924 2735; x_wconf 89' lang='lat' dir='ltr'><strong>est</strong></span> 
     </span>
     <span class='ocr_line' id='line_1_44' title="bbox 195 2754 925 2809; baseline -0.005 -13"><span class='ocrx_word' id='word_1_240' title='bbox 195 2755 454 2809; x_wconf 87' lang='lat' dir='ltr'><strong>cogitandum</strong></span> <span class='ocrx_word' id='word_1_241' title='bbox 485 2754 535 2793; x_wconf 91' lang='lat' dir='ltr'><strong>de</strong></span> <span class='ocrx_word' id='word_1_242' title='bbox 555 2756 664 2794; x_wconf 89' lang='lat' dir='ltr'><strong>caelo</strong></span> <span class='ocrx_word' id='word_1_243' title='bbox 692 2755 849 2803; x_wconf 85' lang='lat' dir='ltr'><strong>Italiae,</strong></span> <span class='ocrx_word' id='word_1_244' title='bbox 879 2754 925 2792; x_wconf 90' lang='lat' dir='ltr'><strong>in</strong></span> 
     </span>
     <span class='ocr_line' id='line_1_45' title="bbox 195 2812 926 2867; baseline -0.003 -14"><span class='ocrx_word' id='word_1_245' title='bbox 195 2828 277 2867; x_wconf 88' lang='lat' dir='ltr'><strong>quo</strong></span> <span class='ocrx_word' id='word_1_246' title='bbox 312 2813 482 2853; x_wconf 88' lang='lat' dir='ltr'><strong>hiemale</strong></span> <span class='ocrx_word' id='word_1_247' title='bbox 508 2818 668 2866; x_wconf 87' lang='lat' dir='ltr'><strong>tempus</strong></span> <span class='ocrx_word' id='word_1_248' title='bbox 698 2826 841 2864; x_wconf 87' lang='lat' dir='ltr'><strong>magna</strong></span> <span class='ocrx_word' id='word_1_249' title='bbox 863 2812 926 2851; x_wconf 91' lang='lat' dir='ltr'><strong>sui</strong></span> 
     </span>
     <span class='ocr_line' id='line_1_46' title="bbox 194 2871 926 2927; baseline -0.004 -16"><span class='ocrx_word' id='word_1_250' title='bbox 194 2879 310 2927; x_wconf 87' lang='lat' dir='ltr'><strong>parte</strong></span> <span class='ocrx_word' id='word_1_251' title='bbox 327 2872 512 2925; x_wconf 86' lang='lat' dir='ltr'><strong>pluvium</strong></span> <span class='ocrx_word' id='word_1_252' title='bbox 531 2877 611 2921; x_wconf 84' lang='lat' dir='ltr'><strong>est3</strong></span> <span class='ocrx_word' id='word_1_253' title='bbox 641 2871 821 2922; x_wconf 89' lang='lat' dir='ltr'><strong>adeoque</strong></span> <span class='ocrx_word' id='word_1_254' title='bbox 836 2884 926 2923; x_wconf 90' lang='lat' dir='ltr'><strong>pro,</strong></span> 
     </span>
     <span class='ocr_line' id='line_1_47' title="bbox 195 2928 927 2982; baseline -0.005 -12"><span class='ocrx_word' id='word_1_255' title='bbox 195 2943 322 2982; x_wconf 87' lang='lat' dir='ltr'><strong>usque</strong></span> <span class='ocrx_word' id='word_1_256' title='bbox 353 2930 404 2968; x_wconf 86' lang='lat' dir='ltr'><strong>ad</strong></span> <span class='ocrx_word' id='word_1_257' title='bbox 443 2929 626 2968; x_wconf 89' lang='lat' dir='ltr'><strong>brumale</strong></span> <span class='ocrx_word' id='word_1_258' title='bbox 652 2929 777 2981; x_wconf 81' lang='lat' dir='ltr'><strong>frigus</strong></span> <span class='ocrx_word' id='word_1_259' title='bbox 794 2959 804 2978; x_wconf 88' lang='lat'><strong>,</strong></span> <span class='ocrx_word' id='word_1_260' title='bbox 847 2928 927 2966; x_wconf 88' lang='lat' dir='ltr'><strong>dici</strong></span> 
     </span>
     <span class='ocr_line' id='line_1_48' title="bbox 196 2986 927 3042; baseline -0.004 -14"><span class='ocrx_word' id='word_1_261' title='bbox 196 2996 347 3042; x_wconf 84' lang='lat' dir='ltr'><strong>potest,</strong></span> <span class='ocrx_word' id='word_1_262' title='bbox 388 3001 515 3039; x_wconf 84' lang='lat' dir='ltr'><strong>usque</strong></span> <span class='ocrx_word' id='word_1_263' title='bbox 541 2988 594 3025; x_wconf 90' lang='lat' dir='ltr'><strong>ad</strong></span> <span class='ocrx_word' id='word_1_264' title='bbox 624 2987 827 3026; x_wconf 87' lang='lat' dir='ltr'><strong>brumales</strong></span> <span class='ocrx_word' id='word_1_265' title='bbox 847 2986 927 3025; x_wconf 88' lang='lat' dir='ltr'><strong>im-</strong></span> 
     </span>
    </p>
   </div>
   <div class='ocr_carea' id='block_1_12' title="bbox 966 944 1730 3040">
    <p class='ocr_par' dir='ltr' id='par_1_12' title="bbox 966 944 1730 3040">
     <span class='ocr_line' id='line_1_49' title="bbox 966 944 1703 999; baseline -0.005 -12"><span class='ocrx_word' id='word_1_266' title='bbox 966 949 1072 988; x_wconf 87' lang='lat' dir='ltr'><strong>bres.</strong></span> <span class='ocrx_word' id='word_1_267' title='bbox 1130 948 1193 986; x_wconf 89' lang='lat' dir='ltr'><strong>Ita</strong></span> <span class='ocrx_word' id='word_1_268' title='bbox 1224 960 1309 985; x_wconf 91' lang='lat' dir='ltr'><strong>non</strong></span> <span class='ocrx_word' id='word_1_269' title='bbox 1337 951 1477 999; x_wconf 90' lang='lat' dir='ltr'><strong>peccat</strong></span> <span class='ocrx_word' id='word_1_270' title='bbox 1507 944 1622 984; x_wconf 85' lang='lat' dir='ltr'><strong>Maro</strong></span> <span class='ocrx_word' id='word_1_271' title='bbox 1659 945 1703 984; x_wconf 87' lang='lat' dir='ltr'><strong>in</strong></span> 
     </span>
     <span class='ocr_line' id='line_1_50' title="bbox 968 1003 1702 1061; baseline -0.004 -16"><span class='ocrx_word' id='word_1_272' title='bbox 968 1012 1229 1061; x_wconf 88' lang='lat' dir='ltr'><strong>praeceptum</strong></span> <span class='ocrx_word' id='word_1_273' title='bbox 1251 1004 1518 1058; x_wconf 77' lang='lat' dir='ltr'><strong>agricolarum</strong></span> <span class='ocrx_word' id='word_1_274' title='bbox 1537 1018 1599 1057; x_wconf 87' lang='lat' dir='ltr'><strong>ap.</strong></span> <span class='ocrx_word' id='word_1_275' title='bbox 1620 1003 1702 1042; x_wconf 87' lang='lat' dir='ltr'><strong>Pli-</strong></span> 
     </span>
     <span class='ocr_line' id='line_1_51' title="bbox 969 1063 1704 1114; baseline -0.007 -10"><span class='ocrx_word' id='word_1_276' title='bbox 969 1066 1085 1105; x_wconf 86' lang='lat' dir='ltr'><strong>nium</strong></span> <span class='ocrx_word' id='word_1_277' title='bbox 1115 1064 1267 1114; x_wconf 81' lang='lat' dir='ltr'>XVIII,</span> <span class='ocrx_word' id='word_1_278' title='bbox 1297 1078 1326 1102; x_wconf 89' lang='lat' dir='ltr'><strong>s.</strong></span> <span class='ocrx_word' id='word_1_279' title='bbox 1347 1063 1403 1106; x_wconf 89' lang='lat'><strong>56</strong></span> <span class='ocrx_word' id='word_1_280' title='bbox 1442 1064 1555 1102; x_wconf 82' lang='lat' dir='ltr'><strong>Inter</strong></span> <span class='ocrx_word' id='word_1_281' title='bbox 1570 1076 1704 1100; x_wconf 85' lang='lat' dir='ltr'><strong>omnes</strong></span> 
     </span>
     <span class='ocr_line' id='line_1_52' title="bbox 971 1119 1705 1171; baseline -0.005 -9"><span class='ocrx_word' id='word_1_282' title='bbox 971 1132 1107 1163; x_wconf 74' lang='lat' dir='ltr'><strong>autem,</strong></span> <span class='ocrx_word' id='word_1_283' title='bbox 1138 1124 1321 1161; x_wconf 69' lang='lat' dir='ltr'><strong>convenit</strong></span> <span class='ocrx_word' id='word_1_284' title='bbox 1334 1152 1345 1171; x_wconf 89' lang='lat'><strong>,</strong></span> <span class='ocrx_word' id='word_1_285' title='bbox 1385 1123 1494 1160; x_wconf 81' lang='lat' dir='ltr'><strong>circa</strong></span> <span class='ocrx_word' id='word_1_286' title='bbox 1520 1119 1705 1159; x_wconf 73' lang='lat' dir='ltr'><strong>brumam</strong></span> 
     </span>
     <span class='ocr_line' id='line_1_53' title="bbox 971 1179 1704 1231; baseline -0.005 -10"><span class='ocrx_word' id='word_1_287' title='bbox 971 1182 1180 1221; x_wconf 71' lang='lat' dir='ltr'><strong>serendum</strong></span> <span class='ocrx_word' id='word_1_288' title='bbox 1206 1195 1287 1219; x_wconf 82' lang='lat' dir='ltr'><strong>non</strong></span> <span class='ocrx_word' id='word_1_289' title='bbox 1314 1194 1396 1218; x_wconf 80' lang='lat' dir='ltr'><strong>esse</strong></span> <span class='ocrx_word' id='word_1_290' title='bbox 1417 1210 1428 1229; x_wconf 93' lang='lat'><strong>,</strong></span> <span class='ocrx_word' id='word_1_291' title='bbox 1468 1179 1518 1218; x_wconf 89' lang='lat' dir='ltr'><strong>de</strong></span> <span class='ocrx_word' id='word_1_292' title='bbox 1546 1192 1626 1231; x_wconf 88' lang='lat' dir='ltr'><strong>quo</strong></span> <span class='ocrx_word' id='word_1_293' title='bbox 1655 1179 1704 1218; x_wconf 91' lang='lat' dir='ltr'><strong>cs.</strong></span> 
     </span>
     <span class='ocr_line' id='line_1_54' title="bbox 969 1237 1704 1294; baseline -0.004 -15"><span class='ocrx_word' id='word_1_294' title='bbox 969 1241 1146 1279; x_wconf 89' lang='lat' dir='ltr'><strong>Dickson</strong></span> <span class='ocrx_word' id='word_1_295' title='bbox 1165 1240 1210 1278; x_wconf 90' lang='grc' dir='ltr'><strong>Τ.</strong></span> <span class='ocrx_word' id='word_1_296' title='bbox 1231 1239 1280 1288; x_wconf 87' lang='grc' dir='ltr'><strong>Π,</strong></span> <span class='ocrx_word' id='word_1_297' title='bbox 1295 1252 1335 1291; x_wconf 81' lang='lat' dir='ltr'><strong>p.</strong></span> <span class='ocrx_word' id='word_1_298' title='bbox 1361 1238 1442 1294; x_wconf 82' lang='lat'><strong>175</strong></span> <span class='ocrx_word' id='word_1_299' title='bbox 1460 1251 1518 1290; x_wconf 86' lang='lat' dir='ltr'><strong>sq.</strong></span> <span class='ocrx_word' id='word_1_300' title='bbox 1549 1237 1704 1277; x_wconf 89' lang='lat' dir='ltr'><strong>Colum.</strong></span> 
     </span>
     <span class='ocr_line' id='line_1_55' title="bbox 971 1295 1705 1349; baseline -0.001 -13"><span class='ocrx_word' id='word_1_301' title='bbox 971 1300 1028 1349; x_wconf 88' lang='lat' dir='ltr'><strong>II,</strong></span> <span class='ocrx_word' id='word_1_302' title='bbox 1061 1302 1086 1340; x_wconf 86' lang='lat'><strong>9</strong></span> <span class='ocrx_word' id='word_1_303' title='bbox 1116 1304 1157 1336; x_wconf 89' lang='lat' dir='ltr'><strong>et</strong></span> <span class='ocrx_word' id='word_1_304' title='bbox 1191 1298 1241 1336; x_wconf 89' lang='lat' dir='ltr'><strong>al.</strong></span> <span class='ocrx_word' id='word_1_305' title='bbox 1269 1297 1402 1337; x_wconf 88' lang='lat' dir='ltr'><strong>Varro</strong></span> <span class='ocrx_word' id='word_1_306' title='bbox 1437 1296 1477 1347; x_wconf 91' lang='lat' dir='ltr'><strong>I,</strong></span> <span class='ocrx_word' id='word_1_307' title='bbox 1507 1295 1575 1338; x_wconf 82' lang='lat'><strong>34.</strong></span> <span class='ocrx_word' id='word_1_308' title='bbox 1602 1296 1705 1336; x_wconf 91' lang='lat' dir='ltr'><strong>Plin.</strong></span> 
     </span>
     <span class='ocr_line' id='line_1_56' title="bbox 972 1352 1705 1408; baseline -0.004 -12"><span class='ocrx_word' id='word_1_309' title='bbox 972 1356 1116 1407; x_wconf 88' lang='lat' dir='ltr'>XVIII,</span> <span class='ocrx_word' id='word_1_310' title='bbox 1142 1359 1207 1405; x_wconf 86' lang='lat'><strong>10,</strong></span> <span class='ocrx_word' id='word_1_311' title='bbox 1229 1355 1331 1408; x_wconf 94' lang='grc'><strong>5.1.</strong></span> <span class='ocrx_word' id='word_1_312' title='bbox 1362 1352 1432 1404; x_wconf 82' lang='grc'><strong>24,</strong></span> <span class='ocrx_word' id='word_1_313' title='bbox 1452 1369 1482 1394; x_wconf 64' lang='grc' dir='ltr'><strong>ε’.</strong></span> <span class='ocrx_word' id='word_1_314' title='bbox 1510 1354 1580 1405; x_wconf 88' lang='lat'><strong>56,</strong></span> <span class='ocrx_word' id='word_1_315' title='bbox 1599 1355 1705 1408; x_wconf 90' lang='lat' dir='ltr'><strong>inpr.</strong></span> 
     </span>
     <span class='ocr_line' id='line_1_57' title="bbox 974 1409 1707 1468; baseline -0.004 -14"><span class='ocrx_word' id='word_1_316' title='bbox 974 1417 1155 1468; x_wconf 89' lang='lat' dir='ltr'><strong>Geopon.</strong></span> <span class='ocrx_word' id='word_1_317' title='bbox 1176 1414 1226 1464; x_wconf 90' lang='lat' dir='ltr'>II,</span> <span class='ocrx_word' id='word_1_318' title='bbox 1249 1412 1324 1464; x_wconf 86' lang='lat'><strong>14;</strong></span> <span class='ocrx_word' id='word_1_319' title='bbox 1351 1412 1452 1452; x_wconf 87' lang='lat' dir='ltr'><strong>hinc</strong></span> <span class='ocrx_word' id='word_1_320' title='bbox 1479 1413 1616 1452; x_wconf 85' lang='lat' dir='ltr'><strong>messis</strong></span> <span class='ocrx_word' id='word_1_321' title='bbox 1633 1409 1707 1452; x_wconf 85' lang='lat' dir='ltr'><strong>nec</strong></span> 
     </span>
     <span class='ocr_line' id='line_1_58' title="bbox 973 1471 1708 1514; baseline -0.005 0"><span class='ocrx_word' id='word_1_322' title='bbox 973 1475 1107 1514; x_wconf 90' lang='lat' dir='ltr'><strong>minus</strong></span> <span class='ocrx_word' id='word_1_323' title='bbox 1144 1472 1357 1512; x_wconf 86' lang='lat' dir='ltr'><strong>maturior.</strong></span> <span class='ocrx_word' id='word_1_324' title='bbox 1423 1471 1466 1510; x_wconf 92' lang='lat' dir='ltr'><strong>Si</strong></span> <span class='ocrx_word' id='word_1_325' title='bbox 1497 1485 1640 1511; x_wconf 89' lang='lat' dir='ltr'><strong>versus</strong></span> <span class='ocrx_word' id='word_1_326' title='bbox 1664 1472 1708 1510; x_wconf 89' lang='lat' dir='ltr'><strong>in</strong></span> 
     </span>
     <span class='ocr_line' id='line_1_59' title="bbox 972 1530 1708 1587; baseline -0.003 -16"><span class='ocrx_word' id='word_1_327' title='bbox 972 1538 1094 1587; x_wconf 87' lang='lat' dir='ltr'><strong>poeta</strong></span> <span class='ocrx_word' id='word_1_328' title='bbox 1123 1531 1224 1570; x_wconf 88' lang='lat' dir='ltr'><strong>alius</strong></span> <span class='ocrx_word' id='word_1_329' title='bbox 1243 1530 1416 1583; x_wconf 86' lang='lat' dir='ltr'><strong>regionis</strong></span> <span class='ocrx_word' id='word_1_330' title='bbox 1441 1544 1488 1569; x_wconf 92' lang='lat' dir='ltr'><strong>ac</strong></span> <span class='ocrx_word' id='word_1_331' title='bbox 1513 1531 1611 1570; x_wconf 89' lang='lat' dir='ltr'><strong>caeli</strong></span> <span class='ocrx_word' id='word_1_332' title='bbox 1637 1544 1708 1569; x_wconf 91' lang='lat' dir='ltr'><strong>oc-</strong></span> 
     </span>
     <span class='ocr_line' id='line_1_60' title="bbox 974 1588 1707 1643; baseline -0.004 -13"><span class='ocrx_word' id='word_1_333' title='bbox 974 1596 1179 1640; x_wconf 84' lang='lat' dir='ltr'><strong>curreret,</strong></span> <span class='ocrx_word' id='word_1_334' title='bbox 1209 1595 1346 1643; x_wconf 86' lang='lat' dir='ltr'><strong>posset</strong></span> <span class='ocrx_word' id='word_1_335' title='bbox 1369 1602 1464 1628; x_wconf 87' lang='lat' dir='ltr'><strong>sane</strong></span> <span class='ocrx_word' id='word_1_336' title='bbox 1494 1589 1552 1628; x_wconf 89' lang='lat' dir='ltr'><strong>sic</strong></span> <span class='ocrx_word' id='word_1_337' title='bbox 1569 1588 1707 1641; x_wconf 87' lang='lat' dir='ltr'><strong>accipi,</strong></span> 
     </span>
     <span class='ocr_line' id='line_1_61' title="bbox 973 1641 1711 1701; baseline -0.004 -12"><span class='ocrx_word' id='word_1_338' title='bbox 973 1656 1022 1689; x_wconf 91' lang='lat' dir='ltr'><strong>ut</strong></span> <span class='ocrx_word' id='word_1_339' title='bbox 1040 1649 1189 1688; x_wconf 90' lang='lat' dir='ltr'><strong>bruma</strong></span> <span class='ocrx_word' id='word_1_340' title='bbox 1217 1647 1381 1687; x_wconf 88' lang='lat' dir='ltr'><strong>omnino</strong></span> <span class='ocrx_word' id='word_1_341' title='bbox 1399 1648 1451 1687; x_wconf 87' lang='lat' dir='ltr'><strong>sit</strong></span> <span class='ocrx_word' id='word_1_342' title='bbox 1467 1653 1625 1701; x_wconf 88' lang='lat' dir='ltr'><strong>tempus</strong></span> <span class='ocrx_word' id='word_1_343' title='bbox 1641 1641 1711 1686; x_wconf 63' lang='lat' dir='ltr'><strong>lxi-4</strong></span> 
     </span>
     <span class='ocr_line' id='line_1_62' title="bbox 972 1705 1710 1759; baseline -0.004 -12"><span class='ocrx_word' id='word_1_344' title='bbox 972 1709 1146 1747; x_wconf 90' lang='lat' dir='ltr'><strong>bernum</strong></span> <span class='ocrx_word' id='word_1_345' title='bbox 1161 1738 1171 1757; x_wconf 94' lang='lat'><em>‚</em></span> <span class='ocrx_word' id='word_1_346' title='bbox 1213 1706 1328 1745; x_wconf 79' lang='lat' dir='ltr'><strong>cujus</strong></span> <span class='ocrx_word' id='word_1_347' title='bbox 1351 1719 1447 1759; x_wconf 84' lang='lat' dir='ltr'><strong>pars</strong></span> <span class='ocrx_word' id='word_1_348' title='bbox 1475 1706 1590 1759; x_wconf 84' lang='lat' dir='ltr'><strong>prior</strong></span> <span class='ocrx_word' id='word_1_349' title='bbox 1613 1705 1710 1758; x_wconf 90' lang='lat' dir='ltr'><strong>plu—</strong></span> 
     </span>
     <span class='ocr_line' id='line_1_63' title="bbox 972 1763 1710 1817; baseline -0.004 -12"><span class='ocrx_word' id='word_1_350' title='bbox 972 1766 1087 1806; x_wconf 87' lang='lat' dir='ltr'><strong>viosa</strong></span> <span class='ocrx_word' id='word_1_351' title='bbox 1115 1765 1168 1804; x_wconf 92' lang='lat' dir='ltr'><strong>sit</strong></span> <span class='ocrx_word' id='word_1_352' title='bbox 1183 1795 1194 1815; x_wconf 95' lang='lat'><strong>,</strong></span> <span class='ocrx_word' id='word_1_353' title='bbox 1242 1778 1366 1816; x_wconf 91' lang='lat' dir='ltr'><strong>quam</strong></span> <span class='ocrx_word' id='word_1_354' title='bbox 1394 1764 1467 1802; x_wconf 83' lang='lat' dir='ltr'><strong>nix</strong></span> <span class='ocrx_word' id='word_1_355' title='bbox 1494 1770 1536 1803; x_wconf 90' lang='lat' dir='ltr'><strong>et</strong></span> <span class='ocrx_word' id='word_1_356' title='bbox 1566 1763 1710 1817; x_wconf 87' lang='lat' dir='ltr'><strong>glacies</strong></span> 
     </span>
     <span class='ocr_line' id='line_1_64' title="bbox 972 1822 1710 1876; baseline -0.004 -13"><span class='ocrx_word' id='word_1_357' title='bbox 972 1831 1181 1876; x_wconf 86' lang='lat' dir='ltr'><strong>tamquam</strong></span> <span class='ocrx_word' id='word_1_358' title='bbox 1213 1823 1341 1861; x_wconf 85' lang='lat' dir='ltr'><strong>altera</strong></span> <span class='ocrx_word' id='word_1_359' title='bbox 1366 1836 1461 1875; x_wconf 88' lang='lat' dir='ltr'><strong>pars</strong></span> <span class='ocrx_word' id='word_1_360' title='bbox 1486 1822 1710 1875; x_wconf 82' lang='lat' dir='ltr'><strong>exciperet3</strong></span> 
     </span>
     <span class='ocr_line' id='line_1_65' title="bbox 973 1879 1711 1922; baseline -0.003 -1"><span class='ocrx_word' id='word_1_361' title='bbox 973 1895 1056 1922; x_wconf 90' lang='lat' dir='ltr'><strong>esse</strong></span> <span class='ocrx_word' id='word_1_362' title='bbox 1076 1881 1176 1920; x_wconf 90' lang='lat' dir='ltr'><strong>adeo</strong></span> <span class='ocrx_word' id='word_1_363' title='bbox 1192 1879 1395 1920; x_wconf 80' lang='lat' dir='ltr'><strong>hordeum</strong></span> <span class='ocrx_word' id='word_1_364' title='bbox 1406 1880 1622 1920; x_wconf 89' lang='lat' dir='ltr'><strong>serendum</strong></span> <span class='ocrx_word' id='word_1_365' title='bbox 1637 1894 1711 1920; x_wconf 88' lang='lat' dir='ltr'><strong>us-</strong></span> 
     </span>
     <span class='ocr_line' id='line_1_66' title="bbox 974 1938 1712 1993; baseline -0.003 -14"><span class='ocrx_word' id='word_1_366' title='bbox 974 1954 1053 1993; x_wconf 89' lang='lat' dir='ltr'><strong>que</strong></span> <span class='ocrx_word' id='word_1_367' title='bbox 1071 1940 1123 1978; x_wconf 86' lang='lat' dir='ltr'><strong>ad</strong></span> <span class='ocrx_word' id='word_1_368' title='bbox 1140 1946 1343 1979; x_wconf 82' lang='lat' dir='ltr'><strong>extremos</strong></span> <span class='ocrx_word' id='word_1_369' title='bbox 1358 1939 1507 1979; x_wconf 89' lang='lat' dir='ltr'><strong>imbres</strong></span> <span class='ocrx_word' id='word_1_370' title='bbox 1523 1945 1618 1978; x_wconf 88' lang='lat' dir='ltr'><strong>ante</strong></span> <span class='ocrx_word' id='word_1_371' title='bbox 1635 1938 1712 1977; x_wconf 87' lang='lat' dir='ltr'><strong>fri-</strong></span> 
     </span>
     <span class='ocr_line' id='line_1_67' title="bbox 974 1997 1712 2052; baseline -0.004 -14"><span class='ocrx_word' id='word_1_372' title='bbox 974 2013 1045 2052; x_wconf 87' lang='lat' dir='ltr'><strong>gus</strong></span> <span class='ocrx_word' id='word_1_373' title='bbox 1064 1999 1264 2050; x_wconf 86' lang='lat' dir='ltr'><strong>ingruens.</strong></span> <span class='ocrx_word' id='word_1_374' title='bbox 1324 1997 1476 2038; x_wconf 89' lang='lat' dir='ltr'><strong>Verum</strong></span> <span class='ocrx_word' id='word_1_375' title='bbox 1494 1998 1712 2051; x_wconf 85' lang='lat' dir='ltr'><strong>scriptores</strong></span> 
     </span>
     <span class='ocr_line' id='line_1_68' title="bbox 974 2055 1712 2110; baseline -0.004 -13"><span class='ocrx_word' id='word_1_376' title='bbox 974 2057 1133 2097; x_wconf 89' lang='lat' dir='ltr'><strong>laudati</strong></span> <span class='ocrx_word' id='word_1_377' title='bbox 1147 2057 1335 2096; x_wconf 91' lang='lat' dir='ltr'><strong>brumam</strong></span> <span class='ocrx_word' id='word_1_378' title='bbox 1344 2087 1355 2107; x_wconf 92' lang='lat'><strong>,</strong></span> <span class='ocrx_word' id='word_1_379' title='bbox 1387 2056 1607 2096; x_wconf 86' lang='lat' dir='ltr'><strong>solstitium</strong></span> <span class='ocrx_word' id='word_1_380' title='bbox 1621 2055 1712 2110; x_wconf 67' lang='lat' dir='ltr'><strong>laie-</strong></span> 
     </span>
     <span class='ocr_line' id='line_1_69' title="bbox 977 2114 1713 2165; baseline -0.003 -10"><span class='ocrx_word' id='word_1_381' title='bbox 977 2116 1081 2155; x_wconf 90' lang='lat' dir='ltr'><strong>male</strong></span> <span class='ocrx_word' id='word_1_382' title='bbox 1103 2145 1113 2165; x_wconf 90' lang='lat'><strong>,</strong></span> <span class='ocrx_word' id='word_1_383' title='bbox 1156 2115 1306 2155; x_wconf 88' lang='lat' dir='ltr'><strong>diserte</strong></span> <span class='ocrx_word' id='word_1_384' title='bbox 1344 2121 1585 2155; x_wconf 83' lang='lat' dir='ltr'><strong>memorant.</strong></span> <span class='ocrx_word' id='word_1_385' title='bbox 1654 2114 1713 2153; x_wconf 88' lang='lat' dir='ltr'><strong>De</strong></span> 
     </span>
     <span class='ocr_line' id='line_1_70' title="bbox 977 2174 1713 2227; baseline -0.003 -14"><span class='ocrx_word' id='word_1_386' title='bbox 977 2174 1123 2213; x_wconf 75' lang='lat' dir='ltr'><strong>hordeo</strong></span> <span class='ocrx_word' id='word_1_387' title='bbox 1175 2180 1270 2227; x_wconf 89' lang='lat' dir='ltr'><strong>post</strong></span> <span class='ocrx_word' id='word_1_388' title='bbox 1314 2174 1615 2226; x_wconf 89' lang='lat' dir='ltr'><strong>aequinoctium</strong></span> <span class='ocrx_word' id='word_1_389' title='bbox 1648 2185 1713 2211; x_wconf 91' lang='lat' dir='ltr'><strong>se-</strong></span> 
     </span>
     <span class='ocr_line' id='line_1_71' title="bbox 976 2232 1711 2285; baseline -0.001 -14"><span class='ocrx_word' id='word_1_390' title='bbox 976 2232 1106 2272; x_wconf 88' lang='lat' dir='ltr'><strong>rendo</strong></span> <span class='ocrx_word' id='word_1_391' title='bbox 1127 2245 1312 2285; x_wconf 85' lang='lat' dir='ltr'><strong>expresse</strong></span> <span class='ocrx_word' id='word_1_392' title='bbox 1339 2239 1510 2272; x_wconf 90' lang='lat' dir='ltr'><strong>monent</strong></span> <span class='ocrx_word' id='word_1_393' title='bbox 1531 2233 1711 2285; x_wconf 89' lang='lat' dir='ltr'><strong>Geopon.</strong></span> 
     </span>
     <span class='ocr_line' id='line_1_72' title="bbox 978 2289 1714 2341; baseline -0.003 -11"><span class='ocrx_word' id='word_1_394' title='bbox 978 2292 1037 2340; x_wconf 89' lang='lat' dir='ltr'>II,</span> <span class='ocrx_word' id='word_1_395' title='bbox 1065 2289 1140 2341; x_wconf 85' lang='lat'><strong>14,</strong></span> <span class='ocrx_word' id='word_1_396' title='bbox 1166 2294 1204 2332; x_wconf 82' lang='lat'><strong>3.</strong></span> <span class='ocrx_word' id='word_1_397' title='bbox 1234 2291 1337 2330; x_wconf 92' lang='lat' dir='ltr'><strong>Plin.</strong></span> <span class='ocrx_word' id='word_1_398' title='bbox 1365 2291 1519 2330; x_wconf 92' lang='lat' dir='ltr'><strong>Colum.</strong></span> <span class='ocrx_word' id='word_1_399' title='bbox 1544 2291 1571 2330; x_wconf 94' lang='lat'><strong>1.</strong></span> <span class='ocrx_word' id='word_1_400' title='bbox 1593 2303 1626 2329; x_wconf 91' lang='lat' dir='ltr'><strong>c.</strong></span> <span class='ocrx_word' id='word_1_401' title='bbox 1655 2290 1714 2328; x_wconf 91' lang='lat' dir='ltr'><strong>De</strong></span> 
     </span>
     <span class='ocr_line' id='line_1_73' title="bbox 981 2348 1713 2398; baseline 0.001 -11"><span class='ocrx_word' id='word_1_402' title='bbox 981 2350 1064 2388; x_wconf 82' lang='lat' dir='ltr'><strong>lino</strong></span> <span class='ocrx_word' id='word_1_403' title='bbox 1081 2362 1120 2388; x_wconf 87' lang='lat' dir='ltr'><strong>v.</strong></span> <span class='ocrx_word' id='word_1_404' title='bbox 1139 2351 1225 2391; x_wconf 80' lang='lat'><strong>212</strong></span> <span class='ocrx_word' id='word_1_405' title='bbox 1246 2349 1404 2388; x_wconf 85' lang='lat' dir='ltr'><strong>diversa</strong></span> <span class='ocrx_word' id='word_1_406' title='bbox 1420 2349 1530 2388; x_wconf 83' lang='lat' dir='ltr'><strong>idem</strong></span> <span class='ocrx_word' id='word_1_407' title='bbox 1547 2348 1713 2398; x_wconf 82' lang='lat' dir='ltr'><strong>Plinius,</strong></span> 
     </span>
     <span class='ocr_line' id='line_1_74' title="bbox 983 2406 1715 2460; baseline 0 -15"><span class='ocrx_word' id='word_1_408' title='bbox 983 2408 1107 2446; x_wconf 86' lang='lat' dir='ltr'><strong>etiam</strong></span> <span class='ocrx_word' id='word_1_409' title='bbox 1141 2407 1190 2445; x_wconf 91' lang='lat' dir='ltr'><strong>de</strong></span> <span class='ocrx_word' id='word_1_410' title='bbox 1221 2407 1543 2460; x_wconf 87' lang='lat' dir='ltr'><strong>Transpadanis,</strong></span> <span class='ocrx_word' id='word_1_411' title='bbox 1582 2406 1715 2445; x_wconf 85' lang='lat' dir='ltr'><strong>tradit</strong></span> 
     </span>
     <span class='ocr_line' id='line_1_75' title="bbox 981 2464 1714 2515; baseline -0.001 -11"><span class='ocrx_word' id='word_1_412' title='bbox 981 2465 1127 2515; x_wconf 86' lang='lat' dir='ltr'>XVIII,</span> <span class='ocrx_word' id='word_1_413' title='bbox 1151 2466 1218 2508; x_wconf 89' lang='lat'><strong>56.</strong></span> <span class='ocrx_word' id='word_1_414' title='bbox 1278 2466 1486 2505; x_wconf 85' lang='lat' dir='ltr'><strong>Decembri</strong></span> <span class='ocrx_word' id='word_1_415' title='bbox 1502 2477 1639 2503; x_wconf 88' lang='lat' dir='ltr'><strong>mense</strong></span> <span class='ocrx_word' id='word_1_416' title='bbox 1659 2464 1714 2504; x_wconf 90' lang='lat' dir='ltr'><strong>li-</strong></span> 
     </span>
     <span class='ocr_line' id='line_1_76' title="bbox 983 2523 1730 2573; baseline 0 -11"><span class='ocrx_word' id='word_1_417' title='bbox 983 2537 1082 2562; x_wconf 89' lang='lat' dir='ltr'><strong>num</strong></span> <span class='ocrx_word' id='word_1_418' title='bbox 1113 2536 1245 2562; x_wconf 86' lang='lat' dir='ltr'><strong>serere</strong></span> <span class='ocrx_word' id='word_1_419' title='bbox 1272 2523 1387 2562; x_wconf 85' lang='lat' dir='ltr'><strong>iubet</strong></span> <span class='ocrx_word' id='word_1_420' title='bbox 1418 2523 1638 2563; x_wconf 86' lang='lat' dir='ltr'><strong>Columella</strong></span> <span class='ocrx_word' id='word_1_421' title='bbox 1664 2523 1730 2573; x_wconf 69' lang='grc' dir='ltr'><strong>Π,“</strong></span> 
     </span>
     <span class='ocr_line' id='line_1_77' title="bbox 985 2581 1716 2633; baseline -0.005 -10"><span class='ocrx_word' id='word_1_422' title='bbox 985 2584 1038 2623; x_wconf 89' lang='lat'><strong>10</strong></span> <span class='ocrx_word' id='word_1_423' title='bbox 1048 2611 1058 2630; x_wconf 87' lang='lat'><strong>,</strong></span> <span class='ocrx_word' id='word_1_424' title='bbox 1079 2583 1145 2622; x_wconf 85' lang='grc'><strong>17.</strong></span> <span class='ocrx_word' id='word_1_425' title='bbox 1176 2595 1371 2632; x_wconf 74' lang='lat' dir='ltr'><strong>papaver</strong></span> <span class='ocrx_word' id='word_1_426' title='bbox 1402 2581 1581 2632; x_wconf 85' lang='lat' dir='ltr'><strong>Cereale,</strong></span> <span class='ocrx_word' id='word_1_427' title='bbox 1621 2581 1716 2633; x_wconf 84' lang='lat' dir='ltr'><strong>quia</strong></span> 
     </span>
     <span class='ocr_line' id='line_1_78' title="bbox 981 2639 1716 2693; baseline 0.001 -16"><span class='ocrx_word' id='word_1_428' title='bbox 981 2639 1135 2677; x_wconf 83' lang='lat' dir='ltr'><strong>Cereris</strong></span> <span class='ocrx_word' id='word_1_429' title='bbox 1148 2645 1433 2678; x_wconf 86' lang='lat' dir='ltr'><strong>ornamentum</strong></span> <span class='ocrx_word' id='word_1_430' title='bbox 1447 2639 1716 2693; x_wconf 83' lang='lat' dir='ltr'><strong>symbolicum</strong></span> 
     </span>
     <span class='ocr_line' id='line_1_79' title="bbox 983 2696 1715 2751; baseline 0.003 -17"><span class='ocrx_word' id='word_1_431' title='bbox 983 2710 1065 2735; x_wconf 85' lang='lat' dir='ltr'><strong>esse</strong></span> <span class='ocrx_word' id='word_1_432' title='bbox 1081 2697 1196 2746; x_wconf 86' lang='lat' dir='ltr'><strong>solet,</strong></span> <span class='ocrx_word' id='word_1_433' title='bbox 1225 2696 1269 2735; x_wconf 88' lang='lat' dir='ltr'><strong>in</strong></span> <span class='ocrx_word' id='word_1_434' title='bbox 1286 2697 1404 2749; x_wconf 88' lang='lat' dir='ltr'><strong>signis</strong></span> <span class='ocrx_word' id='word_1_435' title='bbox 1424 2704 1466 2736; x_wconf 86' lang='lat' dir='ltr'><strong>et</strong></span> <span class='ocrx_word' id='word_1_436' title='bbox 1488 2697 1597 2751; x_wconf 89' lang='lat' dir='ltr'><strong>apud</strong></span> <span class='ocrx_word' id='word_1_437' title='bbox 1613 2711 1715 2751; x_wconf 90' lang='lat' dir='ltr'><strong>poe-</strong></span> 
     </span>
     <span class='ocr_line' id='line_1_80' title="bbox 981 2753 1715 2795; baseline 0.004 -3"><span class='ocrx_word' id='word_1_438' title='bbox 981 2761 1058 2793; x_wconf 84' lang='lat' dir='ltr'><strong>tas.</strong></span> <span class='ocrx_word' id='word_1_439' title='bbox 1089 2753 1311 2793; x_wconf 72' lang='lat' dir='ltr'><strong>incumbere</strong></span> <span class='ocrx_word' id='word_1_440' title='bbox 1344 2758 1491 2794; x_wconf 80' lang='lat' dir='ltr'><strong>aratris</strong></span> <span class='ocrx_word' id='word_1_441' title='bbox 1505 2773 1517 2794; x_wconf 89' lang='grc'><strong>.·</strong></span> <span class='ocrx_word' id='word_1_442' title='bbox 1550 2756 1715 2795; x_wconf 88' lang='lat' dir='ltr'><strong>omnino</strong></span> 
     </span>
     <span class='ocr_line' id='line_1_81' title="bbox 983 2813 1715 2868; baseline 0.003 -17"><span class='ocrx_word' id='word_1_443' title='bbox 983 2819 1142 2852; x_wconf 87' lang='lat' dir='ltr'><strong>mature</strong></span> <span class='ocrx_word' id='word_1_444' title='bbox 1171 2813 1371 2852; x_wconf 89' lang='lat' dir='ltr'><strong>arandum</strong></span> <span class='ocrx_word' id='word_1_445' title='bbox 1399 2827 1482 2852; x_wconf 82' lang='lat' dir='ltr'><strong>esse</strong></span> <span class='ocrx_word' id='word_1_446' title='bbox 1508 2814 1715 2868; x_wconf 87' lang='lat' dir='ltr'><strong>praecipit,</strong></span> 
     </span>
     <span class='ocr_line' id='line_1_82' title="bbox 985 2871 1717 2925; baseline 0.003 -16"><span class='ocrx_word' id='word_1_447' title='bbox 985 2871 1055 2909; x_wconf 90' lang='lat' dir='ltr'><strong>etsi</strong></span> <span class='ocrx_word' id='word_1_448' title='bbox 1085 2871 1206 2909; x_wconf 84' lang='lat' dir='ltr'><strong>etiam</strong></span> <span class='ocrx_word' id='word_1_449' title='bbox 1233 2871 1286 2909; x_wconf 91' lang='lat' dir='ltr'><strong>ad</strong></span> <span class='ocrx_word' id='word_1_450' title='bbox 1323 2872 1396 2911; x_wconf 91' lang='lat' dir='ltr'><strong>lini</strong></span> <span class='ocrx_word' id='word_1_451' title='bbox 1422 2878 1463 2910; x_wconf 88' lang='lat' dir='ltr'><strong>et</strong></span> <span class='ocrx_word' id='word_1_452' title='bbox 1501 2872 1717 2925; x_wconf 83' lang='lat' dir='ltr'><strong>papaveris</strong></span> 
     </span>
     <span class='ocr_line' id='line_1_83' title="bbox 985 2929 1717 2969; baseline 0.004 -2"><span class='ocrx_word' id='word_1_453' title='bbox 985 2929 1180 2967; x_wconf 83' lang='lat' dir='ltr'><strong>sationem</strong></span> <span class='ocrx_word' id='word_1_454' title='bbox 1219 2935 1329 2967; x_wconf 90' lang='lat' dir='ltr'><strong>terra</strong></span> <span class='ocrx_word' id='word_1_455' title='bbox 1373 2936 1527 2969; x_wconf 83' lang='lat' dir='ltr'><strong>aratur.</strong></span> <span class='ocrx_word' id='word_1_456' title='bbox 1574 2930 1717 2969; x_wconf 74' lang='lat' dir='ltr'><strong>nubila</strong></span> 
     </span>
     <span class='ocr_line' id='line_1_84' title="bbox 979 2987 1716 3040; baseline 0.004 -16"><span class='ocrx_word' id='word_1_457' title='bbox 979 2987 1156 3038; x_wconf 79' lang='lat' dir='ltr'><strong>pendent</strong></span> <span class='ocrx_word' id='word_1_458' title='bbox 1171 3017 1181 3036; x_wconf 90' lang='lat'><strong>,</strong></span> <span class='ocrx_word' id='word_1_459' title='bbox 1216 2988 1417 3040; x_wconf 86' lang='lat' dir='ltr'><strong>eleganter</strong></span> <span class='ocrx_word' id='word_1_460' title='bbox 1434 3001 1458 3026; x_wconf 89' lang='lat' dir='ltr'><strong>e</strong></span> <span class='ocrx_word' id='word_1_461' title='bbox 1475 2994 1624 3028; x_wconf 87' lang='lat' dir='ltr'><strong>natura</strong></span> <span class='ocrx_word' id='word_1_462' title='bbox 1645 2988 1716 3037; x_wconf 86' lang='lat' dir='ltr'><strong>rei,</strong></span> 
     </span>
    </p>
   </div>
  </div>
 </body>
</html>
