1768 3320
0 154 11 177 Τ
435 195 811 246 PHILIPPI
849 197 1268 249 WAGNERI.
1538 220 1630 254 m

73 326 169 386 ad
206 324 624 406 pristinam
669 326 1336 406 orthographiam,
1381 334 1633 405 quoad

0 424 9 467 f
70 405 240 466 eius
282 405 469 465 fieri
521 418 819 487 potest,
876 418 1250 466 revocata
1296 410 1630 471 exhibebit.

0 559 2 562 v
69 487 146 548 Et
176 507 309 546 rem
350 488 897 568 orthographicam
934 508 1127 565 quum
1165 490 1337 546 initio
1362 510 1490 547 non
1522 511 1634 550 cu—

68 587 335 640 rassem,
378 587 528 626 mox
569 570 842 627 intellexi
885 591 1011 627 non
1058 589 1188 628 esse
1221 572 1404 648 plane
1443 575 1635 650 negli-

70 649 351 731 gendam.
434 648 648 727 Itaque
704 663 1012 726 quantum
1066 652 1238 731 potui
1291 653 1521 719 laboris
1577 667 1634 712 et

0 763 2 766 >
67 730 361 810 temporis
399 730 678 810 impendi
710 732 775 788 in
803 753 931 790 rem
961 732 1153 790 taedii
1186 733 1468 790 omnium
1500 737 1634 814 ple-

0 836 3 842 ·
66 812 407 870 nissimam.
505 809 911 889 Quamquam
968 827 1174 871 autem
1230 835 1329 871 me
1386 835 1514 872 non
1569 817 1633 873 id

68 905 423 951 assecutum
466 913 677 973 spero,
720 905 789 950 ut
826 913 900 951 ea
942 914 1039 952 res
1083 896 1169 952 ita
1214 894 1342 952 iam
1386 896 1464 952 sit
1507 918 1633 954 non

66 974 387 1056 profligata
428 975 615 1032 modo
654 975 763 1032 sed
791 976 977 1033 etiam
1011 977 1327 1047 confecta,
1373 989 1442 1034 ut
1472 979 1632 1035 nihil

6 1074 33 1131 j
66 1074 334 1132 usquam
378 1055 776 1114 dubitationis
820 1057 1243 1133 relinquatur,
1299 1069 1509 1116 tamen
1554 1060 1630 1117 de

65 1137 274 1195 multis
319 1136 450 1194 eius
494 1139 771 1216 partibus
805 1139 1009 1195 verius
1047 1138 1199 1215 quid
1234 1140 1362 1195 iam
1401 1152 1457 1196 et
1495 1159 1630 1200 cer—

66 1217 206 1290 tiuS,
250 1237 440 1294 quam
469 1230 665 1290 antea,
686 1219 870 1276 statui
897 1220 1420 1299 pronuntiarique
1451 1241 1630 1300 posse

68 1298 330 1357 conlido,
416 1299 539 1356 Sed
593 1320 771 1371 mox,
828 1321 1026 1376 quum
1070 1301 1438 1378 cogitarem,
1497 1322 1628 1360 esse

66 1379 232 1438 hanc
289 1380 622 1438 editionem
664 1401 790 1437 non
835 1381 1166 1461 philologis
1223 1383 1463 1453 solum,
1520 1385 1630 1441 sed

68 1462 353 1518 omnibus
408 1462 793 1538 elegantioris
848 1463 1164 1520 doctrinae
1224 1464 1627 1538 amatoribus,

68 1560 106 1598 a
141 1562 298 1599 novo
330 1554 387 1599 et
419 1542 709 1599 inusitato
747 1544 931 1621 plane
961 1544 1203 1601 critices
1239 1564 1466 1621 genere
1498 1547 1629 1624 ple-

0 1618 1 1623 *
66 1642 331 1699 rumque
383 1623 897 1694 abhorrentibuS,
971 1625 1381 1694 adornatam,
1449 1628 1628 1706 coepi

65 1715 365 1775 metuere,
408 1724 518 1774 ne,
563 1704 613 1759 si
651 1704 1155 1783 orthographiam
1192 1704 1273 1761 ad
1311 1724 1414 1776 ea,
1461 1727 1624 1783 quae

65 1786 221 1843 mihi
244 1784 592 1864 probabilia
618 1785 988 1856 viderentur,
1024 1797 1354 1865 praecepta
1383 1789 1627 1845 consor-

64 1885 334 1937 marem,
395 1860 579 1921 nimis
631 1866 720 1921 illi
763 1866 1223 1923 offenderentur
1277 1867 1623 1945 scripturae

64 1946 425 2017 insolentia,
487 1946 862 2023 indigneque
906 1949 1169 2018 ferrent,
1234 1948 1405 2023 quod
1448 1969 1625 2026 coge-

64 2039 277 2085 rentur
318 2027 444 2084 iam
488 2027 569 2084 ad
611 2028 925 2107 spinosam
968 2028 1288 2104 quandam
1333 2040 1391 2085 et
1434 2049 1471 2086 a
1511 2050 1621 2089 suo

65 2109 311 2188 ingenio
356 2109 623 2165 alienam
650 2109 1007 2188 disputandi
1034 2110 1341 2167 rationem
1373 2130 1623 2170 mecum

67 2189 459 2247 descendere.
548 2186 974 2266 Quamquam,
1022 2191 1075 2246 si
1119 2191 1273 2266 quid
1313 2191 1619 2250 invenisse

65 2270 179 2328 tibi
218 2270 483 2341 videaris
526 2290 774 2342 verum,
819 2272 1106 2347 quodque
1149 2271 1392 2328 idoneis
1441 2291 1622 2350 argu-

64 2351 286 2408 mentis
331 2352 801 2430 comprobatum
844 2352 919 2408 sit
962 2364 1021 2408 et
1063 2352 1435 2424 stabilitum,
1479 2354 1621 2412 licet

65 2431 131 2489 id
153 2433 271 2490 tale
299 2431 404 2503 sit,
446 2432 615 2508 quod
656 2433 791 2511 ipsa
833 2452 947 2489 sua
990 2434 1260 2490 novitate
1308 2434 1617 2492 deterrere

64 2514 268 2592 potius
303 2512 600 2584 videatur,
637 2533 826 2589 quam
851 2533 1070 2593 capere
1111 2526 1169 2570 et
1199 2514 1461 2586 allicere,
1491 2535 1617 2573 non

67 2605 156 2650 est
196 2593 350 2650 illud
392 2593 564 2673 apud
604 2606 661 2650 te
704 2595 1095 2651 retinendum
1131 2605 1189 2651 et
1228 2595 1618 2653 absconden-

69 2673 247 2746 dum,
299 2674 436 2745 sed,
494 2675 735 2731 etiamsi
770 2688 1043 2746 metuaS,
1098 2695 1176 2731 ne
1224 2676 1301 2732 ab
1346 2676 1451 2747 iis,
1510 2678 1618 2752 qui

65 2766 271 2812 vetera
307 2755 452 2812 vina
495 2774 567 2812 ac
614 2768 814 2813 vetera
854 2757 1001 2813 vitia
1055 2756 1229 2812 iuxta
1272 2756 1614 2828 aestimant,

69 2836 289 2892 acriter
330 2835 686 2914 exagiteriS‚
729 2837 796 2892 in
829 2838 1104 2894 medium
1140 2836 1441 2893 audacte-r
1474 2858 1615 2915 pro-

67 2917 388 2973 ferendum
421 2929 507 2973 est
538 2927 595 2972 et
627 2917 1169 2996 intelligendorum
1200 2917 1428 2974 iudicio
1462 2919 1614 2973 sub-

1245 3006 1280 3054 b
1300 3012 1327 3042 ια
