1734 3320
292 203 783 278 GEoRGICON
817 210 959 262 Lm.
990 211 1065 276 11,
1102 214 1398 266 418—428

1506 217 1607 266 471

79 341 198 390 Hoc
215 339 482 407 pinguem
506 347 560 388 et
581 337 829 405 placitam
848 337 969 388 Paci
993 338 1228 387 nutritor
1248 338 1459 393 olivam.
1506 345 1609 394 425

140 413 312 460 Poma
327 425 566 476 quoque,
576 417 638 459 ut
651 409 891 475 primum
905 417 1126 458 truncos
1139 424 1356 459 sensere
1370 409 1607 475 valentiS‚

76 482 146 531 Et
169 480 307 530 vires
328 478 570 529 habuere
594 495 738 543 suaS‚
776 478 843 529 ad
869 477 1044 529 sidera
1066 479 1263 545 raptim

76 551 143 604 Vi
163 549 381 618 propria
406 550 653 600 nituntur
673 549 902 618 opisque
922 548 1071 600 haud
1093 548 1272 614 indiga
1294 557 1521 602 nostrae.

146 635 263 685 428.
299 647 574 683 NITUNTUR
586 671 600 696 ,

120 759 191 796 425
210 760 399 808 placidam
418 759 571 806 quinque
592 761 689 806 apud
708 762 837 803 Burin„
869 758 972 794 male.

73 813 218 843 mutata.
271 807 433 841 Ceterum
462 808 507 841 cf.
536 814 658 842 notata
687 809 732 842 ad
748 812 836 842 Aen.
860 809 928 849 ΙΙΙ,
954 808 1012 842 61.
1042 810 1083 842 Η
1084 807 1138 851 ν)

74 855 164 889 Veu.
213 855 380 888 calentes
400 854 530 888 Medic.
555 868 575 889 a
593 868 637 889 m.
652 868 707 901 pr.
741 856 850 901 (idem
874 863 1043 888 truncus.
1075 853 1170 897 Wr.)

1006 758 1149 805 (Medic.
1170 760 1362 803 nutritur,
1394 760 1460 794 sed
1480 773 1504 794 u
1523 759 1560 794 in
1586 774 1607 795 ο

1234 805 1305 843 426
1328 809 1515 854 Pomaque
1534 809 1607 841 iam

1275 852 1345 890 428
1370 868 1440 901 que
1461 855 1564 888 abest
1586 867 1607 889 a

72 902 236 936 Pan-has.
253 909 288 936 et
306 900 439 935 Gifanii
460 901 583 944 libris,
610 902 717 936 etiam
738 916 757 937 a
779 904 939 936 Romano
957 901 1216 943 vetustissimo,
1241 901 1300 947 qui
1320 914 1408 956 opes
1426 902 1520 936 haut
1542 914 1605 936 suo

73 960 172 983 more
200 948 335 984 scribit.
392 952 572 994 Agnoscas
599 949 705 984 facile
733 950 883 984 fulcrum
909 961 1031 982 versus
1062 962 1082 982 a
1108 949 1353 983 Grammaticis
1384 949 1605 983 submissum.

74 996 234 1041 (Minime
261 996 418 1030 otiosum
447 1004 501 1030 est
527 1009 597 1051 que
618 997 653 1031 h.
677 998 724 1039 1.,
756 997 820 1031 sed
847 996 962 1041 iungit
978 995 1176 1041 inaequalia
1198 997 1373 1037 membra,
1398 996 1471 1030 vid.
1494 998 1537 1039 Q.
1559 997 1605 1030 V.

72 1044 272 1085 xxxnn,
296 1045 352 1084 24

388 1043 483 1089 quod
501 1043 560 1089 qui
585 1056 656 1078 non
677 1044 945 1090 intelligerent,
971 1043 1187 1077 sustulerunt
1213 1020 1394 1089 copulani5
1429 1055 1519 1090 quae
1536 1043 1605 1078 ad-

72 1091 167 1125 iecta
184 1091 371 1126 fortiorem
390 1090 511 1125 reddit
529 1091 737 1126 orationem.
767 1094 824 1128 W
819 1091 865 1137 r.)

72 1211 198 1251 supra
215 1197 367 1238 vineas.
399 1198 448 1237 cf.
473 1197 526 1236 ad
543 1212 584 1238 v.
604 1201 703 1242 267.
745 1199 811 1238 Sic

72 1269 171 1295 mox
206 1269 246 1296 v.
274 1255 360 1299 436
401 1270 641 1309 saepemque
688 1260 804 1296 salis.

70 1314 200 1354 Porro
231 1315 328 1354 dens
359 1329 487 1352 unc-us
508 1315 653 1366 ligonis
676 1329 723 1354 ac
740 1315 808 1354 bi-

72 1372 206 1411 dentis
226 1378 306 1423 est3
337 1378 378 1411 et
398 1373 599 1411 sententia
623 1374 679 1412 sic
707 1388 808 1412 con-

71 1431 280 1480 ststuitur,
310 1437 381 1480 ut,
423 1431 645 1470 dummodo
674 1432 808 1471 fodia-

70 1495 142 1528 tur
162 1495 203 1528 et
223 1489 389 1537 bidente
417 1495 489 1528 aut
507 1490 667 1529 sarculo
693 1490 809 1530 subi-

69 1553 190 1600 gatur
211 1546 383 1597 humus,
414 1547 495 1586 iam
524 1547 653 1600 ipsam
682 1549 809 1587 tellu-

69 1619 158 1645 rem
188 1605 299 1645 dicat
325 1605 586 1658 suppeditare
611 1607 706 1645 oleis
725 1606 809 1646 hu-

69 1677 245 1715 morem5
276 1663 308 1703 si
325 1677 424 1703 vero
445 1664 565 1703 etiam
582 1671 723 1704 aretur
738 1679 807 1704 so-

67 1722 156 1761 lum
176 1729 218 1761 et
235 1721 454 1775 aliquando
472 1723 596 1775 magis
613 1724 807 1776 frangan-

68 1786 140 1820 tur
174 1780 333 1834 glebae,
378 1780 566 1820 tellurem
604 1781 806 1821 submini-

67 1845 200 1878 strare
214 1839 418 1892 gravidas
428 1839 604 1892 fruges,
638 1839 679 1880 h.
702 1840 805 1879 ube-

66 1910 157 1936 rem
194 1898 395 1937 olivarum
428 1904 688 1950 proventum.
723 1899 805 1938 Co—

67 1955 166 1995 lum.
184 1955 232 2006 V,
257 1959 296 2006 9,
323 1956 375 1999 15
409 1957 530 1994 Nam
548 1959 688 1995 veteris
698 1972 804 2008 pro-

67 2013 194 2054 verba·
214 2015 441 2052 meminisse
457 2017 641 2053 convenit
653 2031 665 2053 .·
698 2030 802 2065 eum,

68 2074 142 2125 qui
167 2080 252 2110 aret
276 2073 468 2110 olivetum
482 2102 494 2121 ,
542 2087 688 2124 rogare
698 2073 803 2125 sru-

68 2137 177 2168 ctum
190 2145 206 2177 ‚·
247 2132 320 2183 qui
359 2138 540 2168 stercoret
553 2161 564 2180 ,
614 2145 777 2169 exorare
784 2147 801 2179 ,-

68 2190 143 2240 qui
170 2188 317 2225 caedat
347 2186 523 2240 (putet),
564 2202 729 2240 eogere;
763 2195 804 2227 et

68 2243 112 2298 §.
136 2247 189 2287 12
233 2246 315 2284 Sed
337 2245 384 2283 id
409 2244 649 2300 (olivetum)
678 2248 804 2284 mini-

70 2317 134 2341 me
156 2303 216 2342 bis
237 2317 344 2342 anno
366 2306 481 2342 arari
510 2303 623 2342 debet
637 2334 648 2353 ,
683 2313 720 2342 et
740 2304 803 2342 bi-

66 2361 249 2400 dentibus
267 2363 348 2400 alte
367 2362 655 2412 circumfodit-i.
690 2363 803 2401 Tan-

68 2419 161 2459 dem
186 2434 280 2458 eum
298 2434 453 2459 vomere
478 2426 614 2472 potest
637 2420 801 2472 quidem

65 2477 124 2516 ita
147 2478 297 2531 accipi,
328 2484 376 2517 ut
392 2478 458 2527 sit,
491 2491 584 2517 cum
605 2479 799 2529 aratione,

64 2534 107 2575 h.
134 2549 170 2575 e.
206 2536 330 2575 ducto
376 2550 541 2575 vomere
561 2567 573 2587 ,
619 2537 800 2576 aratione

64 2594 195 2645 facta,
237 2595 308 2633 sed
334 2595 471 2634 verius
497 2601 577 2645 est,
618 2601 667 2634 ut
702 2610 802 2649 sup-

64 2651 239 2704 pleatur,
269 2667 362 2691 cum
379 2653 601 2691 recluditur
615 2668 770 2692 vomere
785 2671 798 2693 .·

66 2709 217 2748 scilicet
253 2719 290 2748 et
319 2711 437 2749 tellus
475 2711 630 2765 suffieit
646 2712 800 2764 fruges

62 2767 263 2819 gravidas
276 2798 286 2817 ,
320 2783 413 2806 eum
430 2770 648 2807 recluditur
661 2784 801 2809 vome-

65 2839 120 2863 re.
156 2825 264 2878 (Hoc
285 2827 413 2865 secuti
441 2827 554 2867 Voss.
584 2827 798 2868 Wunderl.

66 2888 107 2921 et
134 2882 248 2921 Ialm.
278 2884 405 2922 verba
432 2885 491 2923 ita
521 2885 798 2938 distinguunt:

66 2948 104 2978 et
121 2940 343 2993 grauidas,
374 2956 499 2994 quum
517 2958 688 2993 vomere,
694 2944 797 2995 sru-

62 3012 151 3050 ges.
214 2998 279 3036 Ita
316 2998 469 3052 duplex
501 3007 798 3053 proponeretur

866 1201 1151 1249 praeceptum,
1190 1195 1301 1235 unde
1331 1196 1494 1235 Vossius
1513 1210 1604 1237 voc.

868 1257 968 1293 satis·
1006 1267 1195 1293 recens
1233 1260 1380 1293 satas
1412 1255 1519 1293 oleas
1547 1255 1604 1293 si-

866 1312 1048 1364 gnificari
1079 1312 1158 1363 ait,
1206 1311 1286 1352 hoc
1325 1319 1462 1352 autem
1497 1312 1604 1353 velle

867 1371 1098 1424 Virgilium,
1140 1376 1190 1409 ut
1215 1370 1366 1410 humus
1398 1371 1503 1410 circa
1534 1384 1604 1410 re-

867 1442 960 1467 cens
987 1436 1093 1468 satas
1120 1435 1159 1467 et
1184 1434 1342 1468 teneras
1369 1429 1602 1468 arbusculas

867 1487 1033 1526 bidente
1051 1487 1254 1539 fodiatur3
1285 1502 1411 1540 quum
1433 1487 1599 1526 adultae

866 1547 968 1596 sint,
1009 1545 1062 1584 ad
1085 1547 1244 1585 fructus
1262 1546 1464 1598 rogandos
1484 1546 1602 1585 suffi-

866 1617 956 1643 cere
989 1604 1226 1644 arationem.
1284 1603 1342 1644 At
1369 1618 1453 1643 uno
1480 1617 1602 1657 prae·
1646 1639 1649 1641 ,

865 1668 982 1715 cepto
1024 1662 1125 1701 haec
1157 1663 1323 1702 inclusit
1359 1663 1600 1713 Columella,

863 1721 1076 1760 bidentem.
1091 1727 1133 1760 et
1154 1721 1376 1760 arationem
1394 1721 1513 1760 simul
1525 1721 1602 1759 ad-

862 1778 994 1818 hiberi
1035 1779 1198 1830 iubens,
1237 1779 1263 1818 l.
1302 1780 1328 1818 l.
1364 1779 1422 1829 V,
1453 1782 1500 1830 9,
1534 1782 1599 1821 12.

863 1837 1003 1887 Quare
1024 1838 1211 1889 equidem
1241 1837 1299 1876 sic
1320 1842 1475 1877 statuo:
1507 1852 1600 1876 cum

862 1910 945 1935 esse
963 1896 1317 1949 praepositionem,
1329 1919 1388 1925 ——
1399 1896 1456 1934 sic
1477 1895 1599 1935 etiam

861 1955 1101 1994 Servius—
1122 1961 1164 1994 et
1198 1954 1284 1993 vim
1322 1953 1472 1993 habere
1499 1968 1599 1993 con-

862 2013 1120 2062 ditionalem,
1161 2026 1283 2064 quam
1314 2013 1349 2052 ei
1378 2013 1505 2051 inesse
1525 2012 1599 2051 de-

861 2076 1066 2110 monstrat
1086 2071 1262 2109 formula
1285 2070 1355 2109 illa
1377 2071 1490 2110 Celso
1508 2085 1599 2109 ma-

860 2130 969 2169 xime
990 2130 1248 2180 frequentata
1268 2143 1361 2166 cum
1379 2143 1423 2167 eo
1443 2138 1593 2178 tamen,

862 2196 907 2225 ut
921 2218 932 2236 ,
965 2202 1030 2236 ne,
1064 2187 1091 2225 i.
1113 2200 1145 2225 e.
1165 2189 1223 2225 ita
1240 2195 1387 2238 tamen,
1419 2195 1482 2236 ut,
1515 2202 1565 2225 ne
1576 2202 1601 2235 ;.

860 2245 945 2284 vid.
970 2245 1091 2283 etiam
1123 2245 1324 2284 Drakenb.
1354 2245 1407 2284 ad
1420 2245 1506 2284 Liv.
1528 2245 1595 2295 III,

861 2306 930 2345 37.
959 2303 1051 2342 Non
1072 2303 1262 2342 dissimile
1288 2309 1348 2342 est
1363 2303 1596 2343 Ennianum

857 2361 962 2400 illud
981 2376 1020 2414 p.
1037 2364 1103 2404 62.
1127 2361 1223 2400 edit.
1236 2361 1409 2402 Hessel.:
1439 2362 1594 2412 ‚‚Dono,

860 2419 1016 2470 ducite,
1057 2419 1190 2472 doque
1223 2420 1456 2460 volentibu’
1486 2435 1595 2459 com

858 2478 1012 2530 magnis
1035 2478 1123 2529 Dis3
1141 2481 1168 2501 “
1202 2478 1312 2530 quod
1331 2478 1518 2531 pluribus
1542 2478 1594 2516 il-

858 2536 1050 2576 lustravit
1068 2536 1265 2575 Columna
1287 2536 1340 2575 ad
1359 2535 1402 2576 h.
1424 2537 1451 2576 l.
1494 2537 1595 2575 Cum

857 2609 1035 2644 vomere,
1067 2594 1095 2634 i.
1120 2607 1153 2634 e.
1174 2609 1268 2633 oum
1285 2597 1480 2644 aratione,
1511 2595 1594 2633 sive

858 2655 920 2702 si,
952 2653 1021 2691 vel
1044 2661 1343 2706 quum-aratur.
1403 2652 1594 2691 Similiter

859 2711 930 2749 Ge.
949 2711 1015 2761 IV,
1043 2709 1140 2753 400.
1171 2713 1322 2749 circum
1340 2711 1442 2749 haec
1457 2741 1468 2760 ,
1511 2711 1537 2748 i.
1559 2723 1591 2748 e.

858 2770 895 2807 si
912 2769 1013 2807 haee
1022 2769 1190 2835 feceris.
1234 2770 1386 2808 Causae
1406 2768 1593 2807 effectus-

857 2841 934 2879 que
956 2827 1280 2866 coniunctionem
1298 2827 1502 2878 quandam
1519 2839 1590 2863 ex-

854 2885 997 2944 primit
1014 2901 1108 2924 eum
1123 2885 1192 2924 Ge.
1205 2886 1236 2935 I,
1255 2888 1366 2926 190.:
1396 2884 1590 2935 „Magna-

856 2957 934 2994 que
963 2957 1073 2982 cum
1104 2957 1248 2995 magno
1279 2942 1416 2980 vemet
1439 2942 1591 2980 tritura

856 3002 1002 3040 calore.
1016 3003 1040 3023 “
1081 2999 1179 3039 Aen.
1206 3000 1245 3050 I,
1274 2998 1367 3042 55.:
1409 2999 1534 3050 „Illi
1523 3013 1590 3038 in-
