1734 3320
174 213 277 264 508

526 214 582 264 P.
618 213 972 266 VIRGILII
1005 212 1380 264 MARONIS

172 339 242 389 Et
267 336 376 387 duo
399 346 548 404 rapta
566 355 732 389 manu
755 338 965 389 diverso
993 355 1054 389 ex
1071 338 1228 389 hoste
1250 348 1494 406 tropaea,

171 408 370 475 Bisque
391 408 743 475 triumphatas
763 419 999 477 utroque
1023 409 1086 458 ab
1112 409 1270 459 litore
1290 411 1476 475 gentis

176 478 406 528 Stabunt
428 488 481 528 et
498 480 635 529 Parii
658 479 886 547 lapides,
925 480 1177 547 spirantia
1195 481 1358 545 signa,

219 608 266 644 33
291 620 315 641 a
331 607 456 641 littore
473 607 543 641 duo
565 614 599 641 et
616 613 702 641 vett.
721 608 802 642 edd.
850 620 1011 655 caroque
1039 607 1085 642 ab
1114 609 1139 643 l.
1163 608 1264 643 Leid.
1283 621 1370 643 unus
1382 635 1392 652 ‚
1418 590 1567 642 dz'verso
1594 619 1617 640 a
1637 606 1703 641 Iit-

174 663 256 689 tore
276 655 395 690 Schol.
414 656 537 688 Horat.
554 655 680 700 Cruqu.
702 655 766 688 od.
791 657 826 699 Ι,
852 656 909 691 35.
960 655 1005 689 ab
1023 657 1126 690 abest
1144 669 1163 690 a
1185 654 1294 690 Goth.
1315 668 1370 700 pr.
1409 658 1555 703 (gentes
1572 654 1702 688 Medic.

178 702 275 746 Wr.)

363 699 411 737 34
434 705 484 736 Et
507 701 660 735 scabunt
685 706 803 736 Acron
831 703 876 736 ad
893 704 1017 736 Horat.
1039 703 1103 736 Od.
1125 704 1151 745 Ι,
1178 705 1233 746 19,
1271 703 1336 736 sed
1355 704 1483 749 Cruqu.
1509 701 1701 747 vulgatum.

174 748 312 797 lapidis
331 756 496 795 quatuor,
524 756 559 783 et
581 748 631 783 sic
649 750 729 783 edd.
749 749 951 784 nonnullae.
999 750 1070 784 Sed
1088 749 1238 784 alterum
1258 756 1369 795 poeta
1387 749 1539 796 dignius.

173 845 395 884 undantem
412 844 529 894 bello,
550 843 591 883 h.
615 844 735 883 caede
756 851 796 883 et
811 859 907 883 san-

173 904 313 956 guine,
345 902 605 955 intelligeres3
636 903 765 955 quid‘?
796 903 909 955 quod

173 975 249 1000 nec
277 963 396 1000 armis
428 962 643 1013 quicquam
661 962 706 1000 in
726 960 907 1015 Aegypto

174 1026 331 1069 actum,
372 1019 532 1070 nullum
560 1019 757 1072 praelium
795 1034 910 1059 com-

172 1078 338 1116 missum
355 1077 446 1116 fuit.
500 1078 741 1117 Columnam
757 1087 909 1117 rostra-

173 1145 259 1175 tam
279 1137 406 1175 altero
427 1148 552 1175 versu
573 1135 776 1186 describit,
800 1143 909 1175 tam-

173 1208 295 1247 quam
327 1201 554 1247 tropaeum.
614 1195 804 1234 Occurrit
838 1195 910 1234 illa

172 1266 334 1305 quoque
354 1253 397 1291 in
416 1251 589 1305 Augusti
608 1254 755 1293 numis.
809 1253 910 1291 Sur--

168 1320 275 1364 gant
298 1317 433 1351 autem
460 1312 671 1350 columnae
685 1343 695 1362 ,
725 1317 773 1351 ut
797 1311 910 1349 aedi—

171 1370 283 1420 ficia,
316 1370 497 1421 moenia,
528 1370 687 1422 vulgari
713 1383 909 1420 sermone,

172 1434 295 1468 stant.
329 1427 574 1483 (Praesignes
595 1427 640 1467 hi
658 1442 799 1469 versus
826 1442 909 1467 nu·-

170 1501 379 1526 merorum
411 1487 633 1540 gravitate3
678 1489 748 1527 cfr.
786 1487 909 1526 etiam

172 1546 223 1595 Q.
243 1546 291 1585 V.
312 1546 494 1595 XXXV,
525 1548 594 1587 22.
631 1544 750 1600 Wr.)

229 1607 298 1647 30.
330 1607 398 1647 31.
437 1604 660 1644 Victoriam
688 1604 738 1643 de
760 1603 907 1644 Arme-

170 1663 268 1713 niis,
300 1676 400 1715 quos
426 1677 448 1700 a
476 1668 611 1701 monte
631 1663 804 1715 Niphate
833 1664 907 1702 de-

171 1721 320 1773 signat,
349 1721 402 1759 ad
419 1734 538 1773 quem
556 1721 770 1773 adcolunt,
799 1729 839 1761 et
857 1722 907 1760 de

170 1779 330 1820 Parthis
347 1779 563 1832 promittit.
595 1782 698 1819 conf.
710 1781 802 1820 Vita
811 1781 907 1820 Vir-

171 1838 252 1891 gilii
274 1837 326 1876 ad
355 1852 390 1876 a.
420 1835 505 1879 734
536 1843 575 1875 et
597 1838 695 1880 724.
754 1840 810 1876 De
831 1839 909 1877 Ni-

170 1895 295 1950 phate
308 1896 450 1935 Horat.
465 1896 596 1935 Carm.
617 1896 666 1947 II,
685 1900 725 1947 9,
753 1900 806 1940 19
821 1910 906 1949 sqq.

172 1960 212 1993 et
233 1955 453 1993 Comment.
486 1954 539 1992 ad
560 1967 594 1993 e.
611 1954 637 1993 l.
650 1985 661 2005 ,
700 1961 741 1993 et
759 1955 906 1994 Lucan.

170 2013 238 2064 III,
254 2012 353 2063 245,
377 2014 442 2052 cui
453 2012 650 2066 Niphates
664 2013 814 2053 fluvius
836 2019 905 2053 est.

230 2074 298 2113 32.
320 2074 387 2114 33.
418 2072 630 2124 Exprimet
651 2085 776 2125 porro
796 2073 838 2111 in
859 2072 906 2111 iis

170 2130 326 2169 foribus
347 2130 428 2169 duo
449 2136 636 2182 tropaea,
667 2131 838 2170 alterum
857 2130 907 2169 de

171 2188 337 2228 Oriente
365 2195 546 2227 extremo
569 2189 699 2239 victo,
732 2190 907 2229 alterum

172 2247 222 2285 de
252 2247 484 2287 Occidente.
544 2247 610 2286 Ad
645 2262 782 2286 meum
812 2262 906 2287 sen—

171 2319 262 2343 sum
281 2335 292 2355 ,
343 2320 428 2344 non
458 2305 558 2344 haec
589 2313 687 2345 sunt
717 2306 907 2346 historice

171 2364 433 2416 explicanda3
463 2378 558 2403 nam
580 2379 664 2403 non
691 2379 762 2416 ea,
803 2379 906 2417 quae

170 2422 251 2461 iam
290 2422 400 2461 facta
430 2429 545 2473 sunt,
596 2423 668 2462 sed
712 2438 816 2476 qaae
846 2426 905 2462 ita

157 2480 255 2533 sore
273 2489 512 2532 auguratur,
543 2488 763 2532 memorat3
796 2481 829 2520 si
840 2488 907 2521 ta—

169 2552 264 2577 men
283 2540 482 2591 populum
498 2539 604 2578 bello
621 2540 702 2578 iam
723 2547 813 2578 tum
833 2540 907 2579 de-

171 2596 369 2635 stinatum
404 2598 625 2649 intelIigere
660 2599 805 2648 velles,
857 2599 907 2637 de

170 2655 405 2705 Cantabris,
420 2670 423 2673 “
437 2670 519 2694 non
540 2656 590 2694 de
609 2657 829 2706 Britannis,
859 2663 909 2695 ut

169 2713 348 2766 Interpp.
368 2714 534 2763 faciunt,
565 2713 666 2753 haec
687 2720 817 2753 essent
838 2729 909 2753 ac-

171 2772 366 2825 cipienda.
426 2771 492 2810 Ad
511 2772 663 2811 bellum
691 2773 905 2811 Cantabri-

171 2845 263 2870 cum
291 2830 413 2869 etiam
442 2830 526 2882 ipse
558 2830 726 2869 tandem
763 2829 904 2882 Augu-

169 2895 257 2928 stus
296 2889 500 2942 profectus
543 2895 603 2927 est
642 2889 688 2927 U.
729 2889 770 2927 C.
804 2891 904 2938 728,

169 2953 316 2999 quarto
338 2947 586 3000 aGeorgicis,
604 2953 654 2985 ut
671 2947 793 2999 vulgo
815 2960 906 2986 cre-

171 3006 308 3058 ditur,
340 3005 532 3046 adfinem
557 3005 764 3060 perductis
784 3019 904 3045 anno.

966 845 1033 895 Ei,
1066 844 1136 897 qui
1160 845 1294 884 omnia
1320 845 1364 884 in
1395 860 1474 886 vss.
1500 847 1570 895 33,
1597 842 1637 886 4.
1663 845 1703 888 5.

968 903 1021 942 ad
1043 909 1154 943 certa
1182 910 1370 957 tempora
1402 916 1597 944 revocare
1614 917 1704 941 ma-

967 962 1077 1012 vult,
1116 962 1381 1002 statuendum
1419 969 1480 1001 est
1518 962 1702 1012 alterum,

969 1020 1172 1072 Georgicis
1190 1021 1388 1059 nonnulla
1407 1021 1534 1059 serius
1550 1020 1704 1059 inserta

969 1092 1065 1117 esse.
1124 1079 1262 1131 Neque
1279 1078 1360 1118 hoc
1377 1078 1601 1119 absurdum
1621 1092 1705 1117 esse

968 1137 1112 1176 dicam.
1154 1132 1263 1192 (vid.
1294 1137 1339 1177 V.
1371 1138 1414 1177 L.
1446 1137 1499 1176 ad
1536 1137 1606 1176 Ge.
1634 1137 1702 1188 IV,

966 1198 1064 1237 203.
1081 1197 1151 1236 W
1144 1193 1200 1250 r.)
1232 1204 1400 1247 tropaea
1418 1204 1543 1248 rapta
1562 1210 1702 1251 mana,

965 1253 1125 1308 poetica
1153 1254 1312 1293 ratione
1354 1254 1404 1293 de
1433 1254 1608 1294 victoria
1633 1267 1703 1293 re-

965 1318 1132 1365 portata
1143 1327 1154 1363 3
1178 1312 1211 1350 si
1229 1319 1368 1351 tamen
1384 1313 1426 1351 in
1444 1321 1566 1364 rapta
1580 1327 1704 1365 argu-

965 1370 1140 1409 tandum
1174 1370 1244 1421 sit,
1293 1371 1540 1410 celeritatem
1568 1371 1704 1410 victo-

963 1429 1050 1468 riae
1081 1429 1255 1482 exprimi
1285 1429 1393 1468 dicas
1420 1443 1514 1468 cum
1542 1427 1704 1468 Philar-

965 1487 1093 1540 gyrio.
1137 1488 1293 1527 diverso
1323 1502 1372 1526 ex
1404 1487 1542 1538 hoste,
1576 1488 1621 1527 in
1637 1487 1703 1527 di-

964 1546 1091 1585 versis
1137 1552 1343 1585 terrarum
1382 1546 1579 1599 partibUS.
1638 1546 1705 1585 Sic

964 1604 1141 1643 diversos
1173 1598 1307 1643 Celtcis
1330 1605 1507 1658 appellat
1539 1604 1703 1644 Gratius

965 1664 1111 1715 Cyneg.
1137 1663 1243 1714 156,
1269 1677 1363 1702 cum
1387 1663 1554 1702 Medum
1577 1663 1702 1703 modo

965 1721 1223 1761 nominasset.
1283 1720 1398 1760 Alter
1420 1735 1563 1761 versus
1593 1722 1702 1761 eius-

967 1779 1060 1818 dem
1093 1780 1317 1818 sententiae
1346 1794 1454 1820 nova
1489 1787 1551 1819 est
1579 1793 1703 1819 exor-

965 1837 1101 1877 natio:
1128 1846 1268 1889 gentes
1298 1846 1462 1891 utroque
1491 1838 1543 1877 ab
1570 1840 1699 1890 litore,

966 1895 1008 1935 h.
1031 1897 1204 1935 extremi
1234 1896 1412 1935 Orientis
1436 1903 1478 1935 et
1501 1897 1704 1937 Occiden-

966 1954 1039 2005 tis,
1079 1952 1157 2008 (de
1186 1953 1267 1993 hoc
1289 1969 1367 1994 usu
1395 1956 1703 2008 praepositionis

967 2027 994 2050 a
1008 2013 1091 2053 vid.
1110 2019 1251 2052 notata
1271 2013 1324 2051 ad
1342 2013 1423 2052 Ecl.
1441 2014 1472 2065 I,
1494 2013 1561 2057 54.
1586 2015 1658 2054 W
1650 2012 1701 2068 r.)

966 2070 1026 2109 bis
1051 2072 1324 2123 triumphatas
1334 2103 1345 2123 ,
1378 2072 1428 2110 de
1450 2073 1596 2125 quibus
1616 2072 1703 2112 bini

963 2128 1162 2182 triumphi
1197 2129 1326 2169 habiti
1353 2136 1448 2169 sunt
1476 2128 1577 2185 (non
1604 2131 1703 2171 vul-

964 2189 1050 2241 gari
1084 2202 1184 2238 usu,
1223 2195 1274 2227 ut
1300 2188 1362 2227 bis
1381 2189 1541 2228 eaedem
1563 2195 1702 2242 gentes

964 2247 1096 2286 victae
1128 2245 1251 2301 sint);
1294 2245 1400 2301 (hoc
1438 2253 1576 2286 tamen
1604 2261 1701 2287 usus

962 2305 1156 2356 loquendi
1187 2305 1344 2358 exigere
1374 2306 1560 2357 videtur3
1600 2320 1701 2359 pro-

963 2364 1161 2403 babiliora
1182 2364 1326 2416 igitur,
1359 2378 1461 2417 quae
1479 2365 1592 2404 Voss.
1615 2364 1700 2403 dis-

963 2428 1105 2475 putat,
1134 2436 1255 2474 quem
1280 2423 1387 2463 vide.
1422 2421 1541 2477 Wr.)
1573 2421 1614 2461 h.
1631 2429 1700 2462 to-

964 2487 1055 2518 tum
1075 2486 1282 2520 terrarum
1312 2481 1452 2521 orbem
1473 2481 1628 2521 victum
1649 2481 1699 2520 ab

962 2538 1159 2591 Augusto.

1025 2598 1092 2638 34.
1111 2598 1313 2648 spirantia
1333 2611 1445 2646 aera,
1468 2599 1583 2636 vivos
1604 2597 1699 2635 vul—-

965 2663 1043 2703 tas,
1066 2653 1164 2694 Aen.
1184 2655 1250 2704 VI,
1263 2655 1359 2696 848.
1377 2654 1473 2697 849.
1505 2656 1571 2698 35-
1588 2656 1699 2694 Gen·

964 2713 1015 2751 tis
1037 2713 1159 2752 Iuliae
1180 2713 1476 2766 progenitores,
1507 2720 1557 2752 ut
1577 2714 1697 2766 vulgo

962 2771 1214 2821 serebantur,
1251 2771 1375 2810 ducta
1398 2772 1447 2811 ab
1474 2772 1582 2821 Iulo,
1614 2772 1699 2812 sive

963 2828 1157 2879 Ascanio,
1197 2829 1353 2868 Aeneae
1388 2831 1492 2880 filio,
1536 2830 1697 2883 origine.

963 2887 998 2927 A
1016 2889 1121 2927 Io'vis
1142 2894 1182 2926 et
1200 2889 1382 2927 Electrae
1403 2889 1486 2928 filio
1510 2889 1696 2928 Dardano

962 2946 1273 2997 Erichthonius,
1318 2948 1432 2986 cuius
1461 2947 1568 2986 filius
1602 2949 1699 2986 Tros

963 3005 1090 3058 Ilum,
1141 3006 1405 3058 Ganymeden
1441 3011 1482 3045 et
1515 3005 1698 3046 Assara-
