1734 3320
241 210 910 290 GEQRGIGONRLIB.
943 214 1011 278 Π,
1049 219 1345 273 367-375
1451 221 1567 272 461

0 313 7 356 ².
27 342 305 403 Silvestres
326 343 412 409 uri
431 340 661 393 adsidue
690 356 988 408 capraeque
1003 357 1270 410 *sequaces

24 411 637 481 Inludunt‚‘''pascuntur
659 427 786 462 oves
810 411 1103 479 avidaeque
1130 411 1399 466 iuvencae.
1451 417 1554 466 375

95 494 212 589 δὴ.
249 494 486 577 cnm

3 662 6 663 ⁷
35 662 39 664 ·
71 644 146 683 374
168 648 273 681 sauri
292 646 355 682 vel
383 648 465 681 ursi
494 645 587 682 coni.
619 645 744 680 Cerda.
777 646 829 680 10.
856 645 1044 680 Schrader.
1069 645 1262 680 silvestres
1283 646 1398 680 hirei:
1431 652 1469 679 ut
1494 646 1553 688 111,

22 693 104 730 314
122 696 340 731 Pascuntur
357 694 491 736 silvas,
516 706 565 728 sc.
586 692 700 735 hirci,
737 699 844 738 utque
873 693 968 738 apud
983 694 1127 726 Homer.
1148 689 1333 739 ὀρεσκῷοι
1356 688 1480 737 αἶγες,
1517 699 1554 726 et

24 740 112 781 alibi
137 741 328 781 silvestres
354 752 398 774 ca
426 753 523 775 reae.
571 740 669 774 Idem
695 741 877 773 tentabat:
922 752 1150 794 capreaeque
1169 739 1343 786 fugaces.
1391 739 1552 773 Macrob.

28 789 92 831 VI,
115 787 141 823 4
157 788 184 821 f.
212 813 237 831 ‚‚
250 789 312 822 uri
325 787 360 822 G
1018 787 1025 794 ⁸

21 834 109 869 lium
127 846 200 874 non
220 834 400 880 respuisse
420 834 610 880 peregrina
628 846 715 868 voce
732 833 793 868 uti.
826 834 985 868 adsiduo
1003 831 1096 869 Ven.
1130 846 1338 888 capraeque
1353 833 1453 867 multi
1474 829 1553 867 cum

21 881 152 916 Medic.
176 882 325 929 (caprae
344 882 449 918 etiam
465 883 568 916 Rom.
618 883 731 924 Quam
761 880 952 915 lectionem
977 893 1082 927 quum
1108 881 1429 926 authuissimorum
1447 880 1552 915 codd.

24 926 217 967 auctoritas,
235 929 472 971 commendet,
510 941 667 976 capreae
684 928 827 962 videtur
844 935 959 962 ortum
981 940 1058 962 esse
1078 940 1120 961 ex
1139 940 1269 974 capre-3
1306 928 1357 962 sic
1386 927 1478 961 enim
1500 927 1551 960 li-

22 976 132 1010 brarii
149 989 170 1010 e
197 987 265 1021 pro
287 986 333 1010 ae
353 976 574 1018 scribebant3
616 982 652 1009 et
670 988 851 1023 capt-eque
876 975 1014 1020 liquido
1038 980 1221 1019 comparet
1238 975 1275 1008 in
1302 982 1453 1022 utroque
1471 975 1550 1009 cod.

21 1024 121 1069 Lips.
169 1024 261 1057 Tum
282 1022 467 1070 epitheton
484 1035 661 1070 sequaces
678 1022 788 1068 magis
807 1022 972 1056 convenit
992 1022 1121 1068 capris,
1149 1034 1251 1067 quam
1268 1021 1417 1067 capreis.
1450 1022 1551 1056 Aliae

21 1078 138 1111 antem
156 1069 311 1117 pecudes
332 1082 438 1116 quum
456 1082 526 1104 uno
547 1070 627 1104 loco
647 1081 789 1103 manere
807 1069 844 1103 iu
862 1069 1001 1114 pascuis
1031 1069 1188 1111 soleant,
1221 1081 1348 1114 caprae
1366 1076 1550 1114 vagantur,

23 1130 66 1152 ea
85 1117 225 1162 semper
245 1122 454 1163 sequentes,
480 1127 626 1163 quorum
641 1117 802 1150 feruntur
819 1116 1035 1161 cupiditate,
1066 1116 1156 1150 haec
1176 1128 1315 1162 quoque
1332 1116 1549 1159 deserentes,

21 1164 84 1198 ubi
105 1164 175 1198 alia
195 1176 274 1198 sese
291 1164 464 1207 offerunt,
499 1176 588 1209 quae
618 1170 761 1209 gustatu
788 1163 948 1197 dulciora
966 1163 1046 1197 fore
1076 1170 1230 1209 sperant.
1278 1163 1433 1198 Illustrat
1450 1176 1550 1197 usum

21 1211 125 1246 huius
145 1210 299 1257 epitheti
318 1211 393 1245 Ecl.
412 1212 463 1254 ΙΙ,
499 1211 577 1247 64.:
612 1211 845 1253 „Florentem
865 1211 1014 1256 cytisum
1043 1210 1201 1256 sequitur
1225 1210 1356 1244 lasciva
1375 1210 1548 1256 capella.“

20 1258 190 1301 Accedit,
215 1254 311 1304 qnod
330 1258 511 1304 caprinum
530 1270 660 1303 genus,
692 1258 821 1292 vitibus
848 1257 884 1291 iu
906 1257 1029 1303 primis
1050 1258 1236 1299 infestum,
1270 1257 1414 1291 silentio
1441 1269 1549 1303 prae-

20 1305 147 1340 terisse
162 1304 351 1351 Virgilium
370 1305 428 1339 vix
449 1311 503 1339 est
520 1305 701 1340 credibile.
750 1306 813 1339 Vs.
828 1311 944 1338 autem
964 1305 1046 1341 380.
1063 1311 1201 1338 tantum
1220 1305 1320 1338 abest
1346 1311 1382 1338 ut
1401 1305 1549 1339 convel-

20 1353 71 1387 lat
87 1353 179 1387 hanc
198 1352 428 1395 sententiam,
456 1360 494 1386 ut
520 1352 632 1397 magis
660 1352 763 1386 etiam
791 1352 986 1386 confirmet.
1034 1351 1159 1385 Putida
1188 1353 1279 1385 enim
1298 1352 1395 1385 foret
1419 1351 1547 1386 huius-

20 1399 118 1434 modi
139 1400 272 1442 oratio:
298 1399 406 1442 „uri,
429 1399 597 1433 iuvencae
610 1426 619 1442 ‚
655 1411 760 1442 oves,
795 1411 899 1445 quum
919 1398 1107 1444 plurimum
1126 1406 1276 1432 noceant
1291 1398 1432 1441 vitibus,
1456 1411 1547 1445 pro-

19 1453 148 1493 pterea
168 1459 274 1494 caper
294 1447 433 1480 Baccho
450 1446 683 1481 immolatur.“
715 1447 811 1488 Wr.)
890 1446 960 1482 375
986 1446 1148 1480 Illidunt
1167 1446 1246 1480 Ald.
1264 1458 1319 1490 pr.
1347 1459 1438 1480 aves
1454 1447 1546 1481 Gud.

19 1507 41 1529 a
65 1507 112 1528 ιιι.
138 1506 194 1540 pr.
242 1495 305 1528 cui
329 1494 518 1535 illudunt,
552 1505 624 1528 non
650 1494 740 1527 dixit
768 1494 934 1527 illudant
963 1500 999 1527 et
1026 1501 1234 1539 pascantur
1259 1505 1348 1538 quae
1368 1493 1546 1538 pedestris

20 1541 133 1575 oratio
151 1548 263 1584 esset,
288 1553 354 1588 pro
376 1553 456 1574 cum
477 1541 528 1582 ei,
562 1548 601 1575 ut
628 1541 680 1583 ei,
707 1541 891 1581 illudant,
926 1552 1029 1586 quam
1047 1539 1155 1573 toties
1183 1552 1203 1574 a
1230 1539 1346 1594 poetis
1370 1540 1547 1574 desertam

18 1588 200 1630 videmus,
229 1596 269 1622 ut
297 1587 412 1622 oratio
439 1588 486 1621 sit
514 1600 534 1621 a
559 1587 695 1633 vulgari
718 1588 900 1622 recedens.
938 1589 1010 1632 (Ne
1039 1587 1156 1631 poetis
1183 1587 1325 1632 quidem
1340 1586 1444 1629 licet,
1477 1599 1545 1633 pro

18 1636 168 1670 arbitrio
190 1634 328 1681 quidvis
357 1646 424 1680 pro
449 1634 573 1680 quovis
597 1647 751 1680 ponere3
787 1633 910 1680 quain
930 1646 971 1667 re
996 1645 1068 1668 non
1091 1634 1201 1667 semel
1225 1634 1354 1668 erravit
1376 1635 1545 1681 Heynius.

18 1682 77 1717 Sic
97 1689 213 1716 autem
237 1682 354 1716 solent
379 1681 524 1715 infinitis
551 1681 640 1716 locis
665 1681 803 1727 singula
834 1681 1016 1716 enunciata
1046 1680 1215 1726 deinceps
1246 1681 1334 1727 poni
1362 1695 1382 1715 a
1415 1682 1545 1727 poetis,

16 1741 90 1764 non
118 1728 276 1764 indicato
301 1740 368 1774 per
393 1728 658 1763 coniunctiones
687 1741 800 1773 nexu,
825 1728 885 1775 qui
904 1728 997 1763 inter
1023 1740 1064 1762 ea
1080 1727 1288 1763 intercedat.
1336 1728 1407 1763 cfr.
1438 1729 1545 1764 etiam

409 787 464 822 ica
481 799 550 822 vox
569 795 642 830 est,
677 799 745 833 qua
771 787 840 820 feri
860 787 969 821 boves
998 787 1272 832 significantur.“
1315 786 1405 820 adeo
1426 785 1553 831 Virgi-

17 1777 111 1811 iufra
131 1789 183 1817 vs.
206 1775 288 1813 460.
317 1776 414 1821 Wr.)

18 1895 120 1934 etius
151 1894 385 1935 Wunderl.:
423 1894 605 1946 „labores
628 1893 751 1947 signi-

15 1951 115 1992 ficat
137 1954 292 2004 omnia,
334 1967 437 2006 quae
452 1953 558 1993 vites
582 1953 751 2006 patiun—

16 2017 101 2051 tur.
115 2013 141 2034 “
174 2010 285 2066 Wr.)
347 2014 430 2054 373
459 2033 512 2041 -
535 2014 631 2054 379.
675 2011 753 2049 Cui

17 2069 154 2109 frondi
180 2069 385 2119 illudunt,
425 2082 592 2120 eamque
624 2068 751 2121 depa-

17 2134 201 2167 scuntur.
262 2128 400 2179 Super,
430 2140 501 2166 seu
519 2127 612 2179 plus
630 2140 752 2178 quam

18 2199 89 2224 seu
103 2191 278 2238 praeter.
312 2184 451 2238 (super
466 2184 534 2223 hic
551 2190 612 2224 est
622 2199 750 2236 prae-

17 2251 77 2282 ter
84 2259 101 2291 ;
141 2244 234 2296 plus
262 2244 369 2282 enim
405 2255 551 2282 nocere
568 2273 579 2292 ,
630 2256 750 2294 quam

16 2300 189 2351 hiemes,
217 2301 287 2340 illa
316 2300 521 2350 animalia,
560 2314 621 2340 vs,
653 2303 750 2343 376.

18 2359 294 2399 contenditur.
329 2361 399 2399 W
392 2357 449 2413 r.)
509 2359 604 2398 Plus
628 2371 751 2410 quam

16 2417 177 2470 sn‘goris
205 2417 268 2457 vis
291 2423 333 2456 et
348 2417 441 2456 solis
467 2416 652 2470 potentia
666 2446 678 2466 ,
709 2415 750 2455 h.

17 2482 171 2526 aestus,
210 2481 360 2514 nocent
397 2475 550 2515 vitibus
584 2474 752 2514 novellis

15 2533 141 2574 boves
165 2540 337 2586 agrestes
365 2539 407 2573 et
434 2546 601 2586 capreae
619 2538 661 2571 et
682 2546 750 2571 ce-

15 2597 126 2632 terae
152 2591 338 2644 pecudes.
369 2592 565 2644 indignae
587 2591 749 2630 hiemes.

18 2649 211 2702 Quisquis
252 2648 432 2702 'indigna
445 2680 457 2700 ,
508 2649 549 2689 h.
602 2649 748 2700 quibus

18 2708 164 2760 dignus
193 2707 292 2747 alter
324 2723 408 2748 non
438 2714 520 2758 est,
550 2720 652 2759 quae
668 2707 748 2745 im-

13 2767 162 2805 merito
189 2765 366 2818 patitur,
406 2767 651 2817 omninoque
670 2765 751 2804 du-

15 2837 86 2873 ra,
128 2836 268 2873 saeva,
314 2824 482 2874 iniusta,
535 2823 748 2873 iniuriosa,

15 2882 131 2931 facit,
172 2886 246 2919 aut
268 2881 367 2919 talia
397 2882 501 2931 fert,
541 2895 633 2921 eum
649 2894 750 2934 poe-

13 2946 81 2979 tae
108 2939 324 2990 indignum
351 2939 566 2991 appellant.
598 2940 646 2978 cs.
666 2939 750 2978 Ecl.

13 2997 135 3048 X‚10
166 2996 337 3047 indigno
356 3010 450 3035 cum
463 2997 612 3035 Gallus
630 3010 749 3035 amo-

809 1909 850 1933 re
880 1896 1044 1946 periret.
1107 1894 1251 1947 Itaque
1290 1893 1441 1932 hiemes
1476 1896 1543 1932 in-

808 1953 962 2005 dignae
995 1952 1036 1992 h.
1065 1953 1092 1992 l.
1122 1959 1234 1992 recte
1263 1966 1287 1990 a
1307 1952 1449 1992 Servio
1469 1963 1546 1991 ex*

808 2011 1014 2064 plicantur
1049 2026 1211 2050 saevae.
1286 2009 1383 2053 374.
1441 2011 1545 2049 Uro-s

808 2069 973 2122 proprie
1010 2069 1140 2108 dictos
1181 2070 1223 2108 in
1254 2068 1370 2107 Italia
1410 2069 1543 2107 nullos

809 2140 892 2164 esse
910 2127 1005 2165 satis
1023 2133 1194 2166 constat.
1224 2126 1452 2179 Hercyniae
1470 2126 1543 2164 sil-

809 2197 884 2223 vae
911 2184 1149 2223 solitudines
1175 2185 1246 2223 illo
1273 2190 1455 2237 tempore
1475 2197 1542 2222 eos

808 2242 1021 2281 incoluisse
1044 2255 1065 2280 e
1086 2243 1255 2281 Caesare
1275 2248 1447 2281 constat.
1485 2241 1541 2281 At

808 2301 916 2339 enim
932 2301 998 2339 vel
1015 2313 1067 2339 ex
1087 2301 1156 2340 lib.
1182 2300 1249 2351 ΙΙΙ,
1270 2314 1312 2340 v.
1337 2300 1421 2343 532
1451 2314 1542 2338 ma-

807 2359 1000 2397 nifestum
1039 2365 1124 2409 est,
1162 2374 1254 2397 uros
1281 2365 1425 2411 poetae
1461 2358 1542 2397 im·-

807 2417 972 2469 proprie
994 2416 1124 2456 dictos
1145 2430 1228 2456 esse
1254 2431 1330 2469 pro
1349 2417 1443 2455 feris
1460 2417 1542 2456 bu-

807 2475 905 2524 bus,
945 2475 1082 2526 quales
1111 2475 1228 2514 Italia
1249 2488 1360 2514 nunc
1376 2475 1540 2514 nomine

808 2533 969 2584 Busalo
997 2533 1245 2585 frequentat.
1287 2531 1418 2587 (Serv.
1440 2533 1539 2572 Cod.

808 2591 855 2630 G.
876 2605 937 2644 ap.
954 2591 1111 2630 Burm.:
1141 2591 1241 2642 „Uri
1260 2597 1395 2630 autem
1415 2591 1539 2630 boves

806 2649 1020 2699 silvestres,
1052 2663 1151 2702 quos
1170 2649 1292 2703 vulgo
1322 2649 1539 2688 bobalos

807 2707 1024 2759 appellant.
1038 2710 1063 2730 “
1105 2709 1176 2748 W
1169 2706 1227 2762 r.)
1294 2708 1367 2746 Est
1403 2714 1540 2746 autem

806 2765 978 2804 bubalus
1037 2766 1228 2805 cornibus
1278 2765 1536 2817 compressis,

806 2837 966 2863 sursum
995 2824 1240 2876 resupinatis
1255 2853 1266 2873 ,
1305 2824 1439 2862 fronte
1457 2821 1537 2860 cri-

808 2895 892 2934 spa.
933 2896 1104 2933 capreae
1143 2895 1333 2934 sequaces
1381 2879 1536 2931 poetica

806 2940 1001 2992 elegantia
1018 2970 1029 2989 ‚
1069 2953 1171 2991 quae
1197 2940 1300 2978 vites
1329 2937 1536 2975 insectan-

805 3003 899 3047 tur,
934 3002 1255 3050 persequuntur,
1291 3001 1341 3033 ut
1371 2995 1536 3035 Servius
