1734 3320
164 234 277 283 406

504 232 560 283 P.
596 230 960 284 VIRGILII
999 230 1373 283 MARONIS

172 357 334 408 Flore
355 357 484 424 piri,
521 358 887 427 glandemque
910 374 1032 408 sues
1058 355 1273 423 fregere
1296 356 1396 407 sub
1417 357 1592 412 ulmis,

277 431 390 479 Nec
431 429 632 480 modus
676 430 917 480 inserere
968 437 1130 496 atque
1192 428 1379 479 oculos
1436 429 1706 498 inponere

966 497 1207 565 simplex.

170 570 335 633 Nam,
374 585 479 636 qua
502 585 560 620 se
581 569 768 620 medio
789 567 1017 619 trudunt
1037 568 1106 618 de
1127 569 1326 619 cortice
1345 584 1612 637 gemmae,

170 640 239 688 Et
263 639 439 688 tenuis
462 648 727 707 rumpunt
743 640 973 703 tunicaS,
1012 648 1264 704 angustus
1289 639 1345 688 in
1366 640 1483 707 ipso

1566 644 1705 694 ·75

170 708 255 758 Fit
277 708 428 759 nodo
451 711 620 762 sinus:
657 709 764 760 huc
788 709 961 760 aliena
986 726 1048 759 ex
1067 709 1261 759 arbore
1280 724 1508 774 germen

170 779 488 845 Includunt‚
524 780 751 847 udoque
773 779 975 830 docent
993 779 1293 830 inolescere
1315 779 1471 833 libro,

170 852 278 900 Aut
303 867 521 901 rursum
547 850 754 901 enodes
773 852 949 900 trunci
967 859 1309 914 resecantur,
1348 859 1402 901 et
1424 850 1530 902 alte

169 919 418 970 Finditur
439 921 494 970 in
520 920 757 971 solidum
781 922 964 971 cuneis
987 920 1094 983 via;
1134 919 1335 971 deinde
1359 919 1565 973 feraces

170 990 388 1041 Plantae
427 992 796 1044 inmittuntur:
839 1008 942 1042 nec
971 991 1199 1056 longum
1239 1001 1481 1060 tempuS,

1534 1001 1588 1044 et
1622 993 1706 1044 in-

967 1077 1100 1128 gens
1637 1070 1704 1116 80

216 1180 264 1215 72
284 1178 515 1226 glandesque
532 1180 626 1214 Gud.
648 1186 684 1214 et
706 1187 857 1227 quatuor
874 1180 954 1223 alii,
981 1187 1017 1214 et
1037 1180 1107 1214 duo
1128 1178 1285 1214 Martini.
1317 1179 1407 1215 Plin.
1427 1181 1513 1224 XV,
1536 1182 1591 1223 15,
1611 1194 1639 1215 s,
1661 1182 1706 1218 17

170 1239 337 1262 cerasum
356 1238 423 1272 pro
444 1227 632 1272 glandibus
654 1227 798 1271 laudat,
823 1227 1013 1262 memoriae
1033 1227 1148 1272 lapsu.
1197 1227 1275 1262 Etsi
1293 1227 1427 1262 Pallad.
1450 1228 1496 1262 de
1515 1228 1614 1263 Insit.
1636 1229 1705 1266 143

171 1287 328 1309 cerasum
348 1273 384 1307 in
406 1274 528 1318 lauro,
553 1275 712 1322 populo,
737 1283 773 1310 et
794 1275 960 1321 platano,
984 1274 1095 1309 inseri
1118 1274 1178 1308 ait.
1226 1287 1313 1309 sues
1337 1276 1463 1323 legere
1484 1277 1615 1310 Mox-et.
1635 1288 1705 1322 pr„

169 1321 272 1355 male.
292 1321 363 1357 vid.
375 1323 492 1357 Burm.

169 1381 239 1403 sec.

168 1416 291 1451 Heius.

169 1476 248 1498 cum
263 1463 337 1498 Erf.

166 1560 220 1600 ‘de
239 1560 433 1601 Insitione
454 1563 530 1604 60:
559 1561 909 1602 Pirus—fflaxt-

168 1634 345 1673 measque
372 1634 444 1658 sao
465 1621 602 1672 flectit
638 1620 785 1659 honore
813 1635 907 1659 ma-

168 1692 254 1716 nus·¹
330 1677 463 1716 Omns
491 1678 600 1717 enim
642 1679 795 1718 fraxini
836 1679 908 1718 sil-

168 1735 316 1776 vestris
347 1749 485 1789 genus.
516 1736 600 1776 vid.
629 1736 794 1776 Martin.
815 1736 856 1776 11.
880 1738 906 1776 l.

228 1796 283 1836 73
305 1816 363 1824 -
383 1797 451 1836 77.
510 1795 651 1833 Plures
702 1795 909 1834 inserendi

168 1851 312 1890 modos
332 1852 416 1892 vid.
438 1866 501 1904 ap.
522 1853 678 1892 Colum.
694 1853 742 1903 V,
767 1856 832 1904 11,
856 1853 907 1892 de

168 1908 315 1949 Arbor.
337 1913 406 1952 26.
437 1910 537 1950 Plin.
561 1911 688 1961 XVII,
720 1910 786 1962 14,
800 1926 830 1951 s,
848 1914 905 1954 22

168 1982 255 2020 sqq
285 1968 355 2020 qui
386 1969 545 2022 copiose
572 1969 660 2008 de
649 1969 697 2008 iis
732 1970 833 2022 agit,
865 1976 906 2009 et

168 2025 437 2095 Theqphrast.
466 2027 516 2066 de
551 2028 685 2067 Causs.
710 2028 841 2068 Plant.
874 2029 904 2079 I,

169 2088 195 2127 6
224 2099 265 2124 ez
291 2085 557 2137 recentiores,
588 2086 831 2139 quicumque
856 2087 907 2126 de

168 2143 361 2183 a1b0rum
386 2143 550 2184 cultura
579 2145 807 2196 tradidere,
837 2146 906 2184 in·-

167 2202 309 2254 primis
336 2202 393 2242 du
419 2203 564 2242 Hamel
598 2203 805 2257 Physiqae
835 2204 905 2243 des

166 2260 312 2301 Arbres
331 2261 373 2300 P.
395 2261 442 2311 ΙΙ,
461 2261 548 2301 Liv.
565 2261 633 2312 IV,
656 2276 742 2315 cap.
764 2261 791 2304 4
818 2276 903 2315 sqq.

167 2318 239 2357 Est
271 2332 432 2371 quoque
459 2319 627 2358 Palladii
663 2334 826 2359 carmen
854 2321 904 2359 de

167 2378 350 2415 insitione
378 2377 421 2416 in
452 2378 557 2417 libro
583 2378 692 2429 XIV,
718 2379 830 2431 quod
847 2379 904 2418 si·-

166 2434 334 2486 gillatim
354 2437 557 2475 recensuit
586 2437 870 2476 Wernsdorf.
859 2452 903 2476 111

166 2493 277 2531 Poet.
307 2493 403 2532 min.
437 2494 525 2534 Vol.
547 2494 611 2534 VI.
671 2496 734 2534 Ex
753 2495 816 2535 his
837 2495 904 2534 in·-

167 2551 326 2589 serendi
360 2552 512 2603 modis,
562 2553 632 2604 qui
667 2560 765 2592 sunt
799 2553 904 2593 varii

168 2606 257 2662 (nec
274 2610 417 2647 moclltS
437 2612 610 2662 simplex
630 2618 712 2662 est,
742 2611 784 2651 h.
807 2618 903 2651 sunt

165 2667 282 2718 varii,
306 2674 355 2706 ut
374 2667 441 2718 ΙΙΙ,
459 2668 545 2711 482
571 2684 644 2707 nec
665 2672 737 2708 via
765 2672 903 2708 mortis

166 2733 251 2763 erat
278 2724 468 2780 simplex)
499 2740 586 2765 non
607 2727 685 2765 nisi
705 2728 808 2767 duos
831 2728 902 2766 in—

166 2783 358 2836 signiores
415 2791 704 2824 commemorat
757 2792 900 2839 poeta,

166 2843 478 2881 inoculationem
500 2848 540 2881 et
562 2845 789 2882 insitionem
800 2857 901 2897 pro-

165 2900 254 2952 prie
276 2900 440 2940 dictam.
471 2902 701 2940 Inocnlatio
721 2901 781 2952 fit,
802 2902 901 2941 dum

165 2958 208 2996 in
243 2971 289 2997 ea
315 2965 456 3013 parte,
498 2973 579 3011 qua
599 2973 815 3011 gemmae,
857 2959 900 2999 h.

165 3030 275 3057 nova
305 3018 485 3071 germina
511 3031 582 3057 seu
608 3017 716 3057 oculi
743 3033 784 3057 se
814 3027 901 3058 tru-

587 1321 635 1359 74
658 1323 775 1357 medie
797 1324 870 1357 Erf.
919 1323 1080 1357 trudunt
1095 1323 1214 1356 medio
1234 1322 1371 1357 Zulich.
1419 1325 1558 1357 zertice
1573 1324 1704 1358 Moret-

318 1370 366 1406 77
389 1370 583 1404 Indacunt
601 1371 774 1405 Rottend.
793 1370 888 1404 alter
912 1377 950 1404 et
967 1370 1057 1404 alter
1074 1370 1216 1424 Men-ag.
1234 1382 1300 1416 pro
1326 1382 1400 1405 var.
1420 1369 1525 1413 lect„
1549 1371 1615 1404 sed
1630 1371 1703 1406 vid.

387 1418 434 1454 78
457 1420 511 1451 At
529 1418 658 1452 Moret.
683 1430 752 1452 sec.
786 1418 897 1464 (quod
917 1419 1022 1453 Voss.
1043 1417 1192 1462 recepit.
1231 1417 1327 1463 Wr.)

432 1465 480 1500 80
502 1465 749 1500 immittantur
764 1465 927 1500 nonnulli
943 1465 1039 1511 apud
1055 1464 1219 1499 Pieriam.

1376 1426 1415 1452 et
1436 1418 1519 1452 alta
1540 1419 1704 1454 Parthas.

967 1561 1090 1612 dunt,
1122 1566 1344 1614 erumpunt
1364 1574 1415 1600 ex
1437 1562 1601 1614 cortice,
1630 1576 1704 1601 rn-

960 1622 1049 1672 ptis
1081 1620 1275 1658 tuniculis
1297 1650 1308 1670 ,
1353 1619 1395 1659 h.
1423 1620 1550 1670 libro,
1592 1621 1703 1666 inte-

965 1677 1075 1717 riore
1106 1678 1278 1729 cortice,
1319 1679 1471 1719 vulnus
1502 1678 1581 1731 fitf,
1617 1679 1702 1719 sive

966 1746 1168 1789 angustus
1187 1739 1314 1788 sinas,
1338 1736 1379 1777 h.
1400 1738 1563 1788 cavitas,
1581 1738 1704 1777 avul-

965 1809 1009 1833 sa
1034 1809 1189 1848 gemma
1218 1802 1260 1834 et
1290 1795 1439 1835 cortice
1463 1796 1505 1835 in
1532 1796 1703 1835 modum

965 1853 1112 1893 scutuli
1131 1884 1142 1904 ,
1195 1854 1310 1893 cuius
1347 1854 1438 1893 loco
1482 1855 1705 1893 includitur

964 1926 1115 1951 novum
1159 1926 1326 1964 germen
1350 1942 1363 1962 ,
1407 1918 1457 1951 ut
1498 1913 1703 1951 coalescat

965 1983 1060 2008 cum
1079 1976 1219 2010 vetere
1237 1970 1348 2010 libro.
1406 1970 1587 2023 Respicit
1615 1970 1658 2010 h.
1673 1971 1700 2010 l.

964 2028 1064 2067 Plin.
1093 2029 1220 2080 XVII,
1261 2027 1328 2080 14,
1363 2043 1393 2069 ε.
1424 2031 1481 2071 23
1509 2034 1549 2067 et
1572 2043 1602 2068 s.
1630 2027 1700 2079 24,

963 2087 1035 2126 ubi
1057 2086 1185 2127 idem:
1221 2089 1268 2128 V
1263 2088 1426 2140 irgilins
1444 2102 1494 2126 ex·
1514 2089 1701 2127 cacumi-

962 2159 1012 2184 ne
1032 2147 1154 2185 inseri
1170 2154 1293 2185 vetat.

1022 2206 1077 2246 78
1095 2227 1153 2235 —
1175 2206 1243 2247 82.
1292 2204 1378 2243 Iam
1421 2202 1471 2242 de
1515 2204 1701 2241 insitione

960 2264 1124 2314 proprie
1152 2263 1277 2301 dicta.
1311 2264 1420 2302 rami
1432 2261 1584 2314 filices
1602 2267 1699 2300 sunt

964 2320 1121 2359 arboris
1159 2321 1303 2360 feracis
1317 2351 1329 2372 ‚
1377 2321 1491 2360 cuius
1522 2320 1699 2371 plantae

962 2377 1004 2418 h.
1033 2379 1186 2419 surculi
1215 2378 1394 2419 silvestri
1425 2378 1563 2418 arbori
1589 2377 1699 2416 inse-

961 2443 1126 2476 runtur.
1185 2438 1273 2478 Aut
1295 2451 1455 2476 rursum
1484 2450 1569 2476 non
1596 2449 1698 2474 con-

959 2495 1130 2534 trariam
1148 2496 1323 2548 aliquam
1337 2495 1541 2535 rationem
1560 2493 1697 2544 infert,

960 2559 1009 2592 ut
1035 2554 1205 2606 Kingius
1229 2555 1425 2607 putabat:
1465 2552 1538 2591 sed
1569 2552 1698 2591 altera

959 2611 1063 2650 ratio
1083 2626 1194 2651 nunc
1213 2612 1480 2665 subiungitur.
1510 2625 1697 2650 resecan-

959 2677 1043 2719 tur,
1091 2669 1139 2708 fit
1178 2670 1318 2710 incisio
1360 2683 1433 2709 seu
1469 2668 1696 2708 fissura=in

957 2728 1096 2766 trunci
1115 2728 1263 2767 cortice
1275 2758 1285 2779 ,
1317 2743 1398 2781 qua
1419 2733 1538 2782 parte
1559 2726 1695 2766 nullus

957 2785 1091 2824 nodus
1110 2792 1246 2825 est.--
1263 2789 1331 2830 80.
1351 2789 1419 2829 81.
1439 2785 1695 2829 82.-Pulcer-

957 2843 1062 2882 rima
1098 2844 1338 2898 descriptio,
1389 2845 1478 2897 quis
1514 2858 1600 2883 non
1627 2843 1694 2883 vi-

959 2901 1081 2942 deat'?
1121 2903 1311 2956 Calpurn.
1342 2904 1425 2943 Ecl.
1453 2903 1517 2953 H,“
1539 2901 1609 2944 40.
1636 2900 1689 2943 41

958 2961 1059 2999 Νοη
1087 2963 1221 3000 minus
1250 2971 1335 3001 arte
1361 2975 1456 3000 mea
1485 2959 1693 2998 mutabilis·

958 3019 1091 3058 induit
1117 3019 1234 3059 arbos
1264 3023 1439 3073 Ignota-s·
1455 3017 1630 3072 frondes
1655 3025 1693 3056 et
