1768 3320
537 220 640 270 An
674 218 1095 270 ancoch
1474 229 1574 290 257

50 350 208 391 innuit:
234 363 351 402 nam,
381 363 476 389 cum
502 349 665 389 Gallum
684 364 843 390 summo
865 349 1024 390 honore
1051 363 1076 389 a
1105 349 1232 390 Musis
1251 358 1463 406 acceptum
1479 370 1572 396 nar-

0 421 3 441 :
49 414 179 448 rmet
195 406 334 459 Maro,
362 408 511 447 Linum
529 408 587 448 ait
604 408 639 447 ei
656 408 837 448 fistulam
866 408 1037 448 Hesiodi
1061 408 1314 461 praebuisse,
1349 412 1486 451 verbis
1505 414 1582 452 ad-

49 466 184 507 iectis:
219 466 307 505 His
332 463 529 521 (calamis)
556 466 631 506 tibi
658 467 812 520 Grynei
835 469 1009 506 nemoris
1031 467 1194 506 dicatur
1222 469 1335 519 origo
1349 484 1362 506 .·
1396 470 1469 507 Ne
1490 474 1582 523 quis

49 526 104 563 sit
118 525 258 574 luem,
299 539 379 577 quo
414 539 459 564 se
483 525 585 577 plus
609 526 732 564 iactet
757 525 924 577 Apollo.
982 524 1124 564 Altero
1144 525 1235 564 loco
1255 525 1338 564 Ecl.
1357 527 1411 576 X,
1432 529 1501 570 50.
1525 529 1578 571 51

19 586 22 590 ’
49 581 190 622 Gallus
216 581 419 634 loquitur:
453 582 552 633 Ibo,
596 582 675 634 ait,
718 591 755 622 et
785 583 1020 622 Chalcidico
1047 598 1154 636 quae
1175 591 1270 622 sunt
1296 584 1403 622 mihi
1418 586 1583 624 condita

47 655 166 681 mu
200 635 418 690 Canama,
453 643 633 693 pastoris
658 641 791 680 Siculi
815 641 1058 681 modulabor
1082 656 1231 680 avena.
1303 642 1443 681 Gallus
1479 643 1582 683 adeo

47 713 166 739 versu
196 698 430 738 C½alcidico
467 702 653 738 carmina
681 700 927 739 condiderat.
994 698 1269 753 Euphorionis
1300 701 1483 740 carmina
1513 715 1582 741 re-

45 756 166 810 spici,
196 757 268 809 qui
287 755 560 797 Chalcidensis
584 771 636 797 ex
651 757 815 797 Euboea
830 759 931 808 suit,
961 758 1060 797 satis
1078 758 1271 798 convenit
1278 773 1290 810 5
1320 759 1486 811 eiusque
1506 774 1582 799 ne-

48 823 156 854 cesse
185 821 247 854 est
275 822 348 855 aut
373 816 629 855 transtulisse
661 829 824 855 carmen
850 816 1017 870 aliquod
1043 816 1337 856 inRomanum
1354 831 1582 858 sermonem

47 873 235 923 Gallum,
265 880 340 913 aut
366 873 556 913 liberiore
583 875 737 914 calamo
760 876 1012 928 expressisse.
1070 875 1257 915 Proclive
1288 881 1350 914 est
1371 875 1424 914 ad
1520 876 1582 915 ie-

47 931 266 982 ctandum,
299 945 464 971 carmen
486 932 537 971 de
562 931 747 986 Apolline
777 934 942 986 Gryneo
960 934 1125 985 eiusque
1148 933 1313 973 oraculo
1334 934 1455 974 fuisse
1551 934 1581 974 d

45 990 181 1044 ipsum
201 1003 375 1030 carmen.
434 990 642 1030 Hactenus
662 997 930 1030 consentanea
949 997 1059 1041 sunt,
1090 1004 1194 1044 quae
1214 992 1394 1046 apposui.
1454 993 1579 1032 Simi-

45 1048 100 1088 lia
118 1048 198 1088 illis
214 1047 343 1088 habet
359 1049 525 1089 Servius
541 1049 595 1088 ad
610 1050 744 1102 Eclog.
762 1050 829 1100 VI,
850 1053 906 1092 72
923 1055 965 1089 et
983 1050 1038 1099 X,
1055 1050 1126 1093 50.

160 1129 378 1170 Enimvero
395 1129 476 1169 viri
495 1129 606 1170 docti
629 1130 854 1185 suspicione
874 1137 916 1170 et
934 1130 1167 1185 opinatione
1188 1132 1369 1171 adiecere
1389 1132 1483 1183 alia3
1527 1145 1578 1172 ex

45 1188 120 1238 VI,
147 1191 218 1232 69.
243 1191 318 1238 70,
357 1188 429 1228 ubi
461 1189 645 1228 calamos
683 1192 722 1228 ei
758 1189 860 1228 dant
892 1191 1068 1239 Musae,
1116 1205 1217 1242 quos
1249 1198 1344 1228 ante
1380 1191 1578 1230 dederant

46 1251 226 1286 Ascraeo
247 1248 356 1285 seni.-
389 1260 483 1299 ergo
502 1247 616 1301 Opus
642 1247 808 1300 aliquod
826 1247 1112 1301 EuphorioniS,
1144 1248 1258 1299 quod
1273 1248 1464 1287 Hesiodei
1484 1262 1578 1288 car-

44 1304 167 1343 minis
188 1317 333 1358 genere
362 1305 561 1358 scriptum
585 1312 695 1356 erat,
734 1305 892 1359 respici.
960 1306 1047 1345 Iam
1072 1305 1312 1358 Euphorion
1340 1306 1515 1346 Varroni
1536 1313 1578 1346 et

45 1363 289 1402 Columellae
312 1362 421 1402 inter
452 1364 669 1417 scriptores
699 1364 758 1403 rei
783 1364 961 1404 rusticae
993 1370 1258 1416 numeratur3
1298 1363 1391 1405 ideo
1412 1378 1576 1404 carmen

43 1421 148 1460 illud
167 1421 331 1461 nomine
353 1422 531 1460 Hesiodi
557 1422 800 1474 inscriptum
828 1423 951 1462 fuisse
975 1422 1112 1462 visum
1141 1429 1225 1474 est3
1255 1429 1298 1462 et
1314 1429 1375 1462 est
1397 1437 1460 1477 ap.
1481 1423 1577 1462 Sui-

45 1480 141 1518 dam
156 1480 265 1519 inter
285 1478 557 1532 Euphorionis
578 1480 730 1533 scripta
747 1480 945 1530 Ἡσίοδος.
1005 1480 1200 1532 Georgica
1216 1481 1336 1520 fuisse
1355 1481 1460 1520 illud
1478 1495 1576 1520 cen-

45 1544 149 1578 sent.
207 1538 360 1578 Verum
385 1551 479 1577 cum
499 1545 736 1591 argumento
762 1537 843 1578 hoc
866 1552 1015 1592 parum
1040 1539 1293 1578 conveniunt
1311 1552 1453 1579 versus
1475 1539 1575 1579 sub-

11 1623 16 1627 .
42 1596 157 1635 iecti:
193 1598 279 1635 His
300 1595 376 1634 tibi
402 1597 555 1649 Grynei
584 1599 756 1635 nemoris
781 1597 944 1636 dicatur
960 1599 1073 1650 origo
1100 1603 1177 1637 etc.
1200 1597 1301 1649 quid
1322 1597 1429 1636 enim
1442 1597 1486 1636 in
1501 1598 1575 1637 tali

43 1654 221 1693 carmine
244 1654 461 1693 convenire
476 1654 614 1707 potuit
641 1668 735 1694 cum
758 1655 991 1709 Georgicis?
1030 1655 1265 1696 Videndum
1290 1655 1429 1708 itaque
1448 1662 1509 1695 est
1523 1656 1575 1695 de

42 1711 106 1752 his
119 1712 258 1767 paullo
278 1712 531 1765 diligentius.¹

157 1782 418 1835 Euphorion,
450 1780 642 1821 Chalcide
671 1782 880 1832 Euboeae,
918 1788 968 1822 ut
989 1781 1097 1832 dixi,
1129 1782 1351 1834 oriundus,
1381 1782 1574 1824 Antiochi

41 1839 97 1880 M.
122 1841 225 1894 regis
254 1841 395 1894 Syriae
420 1839 689 1879 bibliothecae
714 1842 968 1894 praefectuS,
998 1854 1140 1893 magna
1166 1841 1265 1880 olim
1289 1843 1393 1881 sama
1418 1843 1572 1883 floruit.

41 1899 101 1938 De
123 1912 170 1938 eo
196 1906 292 1952 post
315 1898 465 1938 Meum.
496 1898 550 1937 ad
576 1897 960 1954 Helladium'(0pp.
989 1899 1061 1938 To.
1078 1897 1176 1952 Vt),
1208 1905 1249 1938 et
1277 1900 1389 1939 Voss.
1409 1900 1459 1939 de
1477 1899 1571 1941 hist.

43 1958 115 1997 Gr.
133 1957 166 2008 I,
193 1961 269 2008 17,
300 1964 342 1996 et
372 1955 424 1996 de
446 1963 555 2009 poet.
591 1958 662 1997 Gr.
679 1971 712 1996 c.
735 1959 762 2000 8
789 1971 883 1996 cum
912 1957 1078 1997 Casaub.
1106 1956 1159 1995 ad
1189 1958 1300 1997 Suet.
1330 1958 1416 1997 Tib.
1436 1961 1505 2008 70,
1531 1965 1573 1998 et

41 2015 177 2055 Davis.
205 2017 259 2054 ad.
281 2016 361 2055 Cic.
384 2015 435 2054 de
456 2015 503 2054 N.
523 2015 570 2053 D.
590 2016 639 2065 Π,
663 2015 718 2057 64
740 2016 818 2068 egit
837 2015 1017 2068 Toupius
1039 2015 1082 2053 in
1100 2014 1225 2068 Epist.
1245 2016 1333 2055 crit.
1362 2031 1451 2069 pag.
1476 2019 1571 2067 161,

44 2072 272 2129 (Emendat.
290 2087 421 2114 novae
437 2073 534 2112 edit.
565 2073 636 2113 To.
655 2073 702 2123 Π,
723 2087 764 2126 Ρ.
785 2072 888 2128 601)
910 2080 951 2112 et
979 2073 1050 2125 qui
1076 2073 1175 2122 alia,
1206 2087 1328 2125 quam
1354 2075 1398 2113 in
1418 2088 1520 2126 quae
1537 2075 1572 2114 is

41 2132 263 2182 inciderat,
313 2131 475 2181 attulit,
514 2131 768 2171 Fontaninus
805 2132 850 2171 in
884 2132 990 2171 Hist.
1016 2131 1097 2170 litt.
1124 2130 1295 2182 Aquilei.
1329 2146 1371 2185 p.
1399 2135 1457 2175 29
1485 2147 1569 2185 sqq.

41 2190 305 2230 Desideratus
334 2196 473 2229 tamen
497 2189 565 2229 vel
596 2190 653 2228 sic
681 2189 789 2228 iusta
819 2189 869 2228 de
899 2204 946 2228 eo
975 2189 1274 2229 commentatio.
1331 2190 1571 2230 Laudantur

43 2262 106 2302 ap.
124 2247 264 2301 steph.
289 2248 385 2314 Βγι.
410 2253 451 2286 et
470 2246 619 2287 Athen.
641 2246 911 2314 Euphorionis
933 2243 1135 2296 Χιλιᾶδες.
1182 2246 1269 2286 Est
1294 2262 1420 2301 porro
1450 2248 1501 2287 de
1523 2262 1571 2287 eo

30 2306 191 2346 ‘Suidae
206 2306 352 2345 locus
340 2320 385 2344 1n
406 2301 659 2361 Εὐφορίων,
700 2306 744 2344 in
766 2319 846 2357 quo
871 2305 907 2344 ei
934 2305 1178 2344 tribuuntur
1203 2318 1345 2358 opera:
1372 2305 1570 2356 Ἡσίοδος,

44 2365 259 2416 Μοψοπία
278 2361 310 2417 ἦ
320 2361 511 2405 ’.Ατακτα
558 2365 789 2415 Mopsopia
808 2370 869 2402 est
889 2363 999 2403 idem
1022 2369 1143 2414 atque
1161 2362 1316 2415 Attica3
1346 2378 1442 2403 nam
1461 2365 1570 2403 anti-

42 2423 162 2476 quius
177 2435 325 2462 nomen
334 2422 440 2461 illud
455 2423 534 2461 suit
550 2422 601 2460 ab
611 2421 812 2461 Oceanide
823 2421 1051 2475 Mopsopia:
1080 2437 1150 2461 και
1168 2420 1195 2462 o‘
1211 2418 1333 2476 λόγος
1350 2425 1425 2463 τοῦ
1442 2418 1570 2476 ποιή-

43 2497 169 2550 ματος
195 2477 450 2523 ἀποτείνεται
476 2481 535 2529 εἷς
566 2477 644 2532 τὴν
666 2475 863 2534 Ἀττικήν.
907 2479 1028 2535 (Male
1054 2479 1257 2518 adjectum
1276 2480 1328 2519 in
1353 2480 1479 2519 Suida
1505 2496 1569 2533 χι-

42 2535 186 2589 λιάδα,
213 2539 295 2578 iam
314 2539 493 2578 deletum
522 2552 546 2576 a
572 2538 756 2591 Toupio,
785 2538 920 2578 minus
944 2544 1082 2576 tamen
1104 2537 1208 2576 bene
1230 2543 1433 2577 mutatum
1451 2538 1493 2576 in
1511 2554 1569 2590 χι-

42 2592 212 2647 λιᾶδες.)
269 2598 521 2649 Respexerat
544 2596 589 2634 in
618 2610 665 2635 eo
696 2609 816 2649 opere
843 2609 910 2635 eos
936 2595 1008 2648 qui
1028 2595 1210 2648 deposito
1230 2608 1322 2634 eum
1347 2596 1569 2635 fraudave-

42 2659 158 2704 rant,
187 2654 462 2706 docueratque
488 2667 555 2693 eos
581 2661 732 2693 certam
749 2667 921 2707 poenam
943 2654 1113 2693 daturos
1134 2665 1218 2692 esse
1231 2653 1409 2705 periurii.
1468 2653 1568 2692 Inde

44 2711 245 2751 deductus
260 2713 393 2752 fuerat
408 2713 461 2751 ad
486 2712 707 2764 colligenda
725 2713 910 2763 oracula,
940 2725 1041 2764 quae
1059 2711 1134 2765 per
1158 2711 1333 2763 spatium
1356 2711 1464 2749 mille
1491 2725 1567 2749 an—

43 2783 194 2808 norum
211 2771 376 2822 prodita
397 2777 533 2820 erant,
563 2776 603 2809 et
625 2777 816 2820 eventus,
847 2784 949 2822 quos
965 2770 1034 2809 illa
1056 2769 1298 2809 habuerant.
1356 2768 1465 2806 Haec
1485 2768 1567 2806 sal-

42 2833 128 2866 tem
160 2827 270 2867 inter
297 2841 339 2866 se
365 2827 667 2880 quodammodo
693 2829 955 2868 conveniunt.
1016 2826 1070 2866 At
1097 2826 1241 2866 Suidas
1270 2832 1342 2865 aut
1364 2826 1468 2863 male
1492 2838 1566 2862 ex-

43 2885 196 2938 scripta
216 2891 289 2924 aut
308 2886 554 2939 interpolata
572 2885 753 2925 subiicit:
786 2882 871 2927 εἶτα
890 2881 1059 2940 συνάγει
1078 2882 1147 2927 διὰ
1177 2884 1318 2938 χιλίων
1343 2883 1445 2925 ἐτῶν
1469 2897 1564 2933 χρη-

44 2940 174 2997 σμοΰς
206 2938 562 2994 οἷποτελεσθὲντας.
601 2944 652 2982 de
679 2944 856 2983 oraculis
874 2958 955 2995 per
982 2943 1094 2982 mille
1119 2955 1318 2981 annorum
1356 2940 1491 2978 decur
1482 2952 1565 2976 um

111 3011 592 3060 Vmc11..To1u.1.
1162 3010 1231 3055 17
