1734 3320
288 311 776 364 GEORGICON
811 311 951 362 LIB.
984 311 1059 375 H,
1099 315 1392 365 324—336
1500 317 1603 367 453

71 440 304 492 Parturit
345 438 515 490 almus
561 454 711 505 ager3
772 436 1114 519 Zephyrique
1159 440 1468 506 tepentibus
1510 458 1603 491 au-

340 549 345 555 .
864 525 935 558 ris
1499 517 1602 562 330

71 582 269 636 Laxant
298 595 425 629 arva,
446 579 618 641 sinus;
665 587 880 644 superat
912 587 1069 628 tener
1097 577 1351 628 omnibus
1374 577 1600 642 humor3

71 652 442 717 Inq'uenovos
466 648 606 698 soles
632 647 834 698 audent
855 665 911 698 se
936 648 1178 714 germina
1199 656 1316 698 tuto

59 719 341 781 'Credere3
387 735 489 769 nec
510 715 719 769 ¹metuit
752 719 1015 784 surgentis
1045 718 1332 785 pampinus
1361 720 1599 783 AustrOS,

70 793 179 842 Aut
202 799 379 840 actum
408 788 562 839 coelo
586 790 791 854 magnis
816 789 1175 856 Aquilonibus
1203 788 1460 840 imbrem:

73 859 184 911 Sed
203 859 371 910 trudit
394 875 657 925 gemmaS‚
698 868 750 909 et
772 857 983 909 frondis
1008 858 1229 926 explicat
1253 859 1445 911 omnis,
1496 861 1599 911 335

69 934 195 983 Non
222 929 352 980 alios
378 931 552 997 prima
579 930 864 980 crescentis
889 930 1096 996 origine
1121 929 1314 979 mundi

116 1049 190 1086 330
213 1048 330 1083 omnis
345 1038 438 1095 ager
452 1047 593 1092 Menag.
620 1059 691 1081 sec.
718 1059 785 1093 pro
815 1047 886 1082 div.
916 1047 999 1081 lect.
1049 1047 1223 1081 Parturit
1242 1047 1342 1081 alma
1364 1047 1492 1081 Venus
1509 1058 1597 1080 unus

70 1095 252 1139 ArundeL,
274 1094 366 1128 mala
390 1094 603 1128 correctoris
623 1107 756 1128 manus.
806 1093 1047 1128 trementibus
1066 1096 1170 1128 auris
1187 1095 1363 1127 Romanus
1375 1120 1384 1136 ‚
1410 1093 1501 1127 Gud.
1519 1105 1597 1127 cum

71 1141 219 1178 vetustis
237 1141 441 1188 permultis5
467 1141 574 1175 solita
594 1141 804 1175 variatione.
854 1139 1104 1188 strepentibus
1119 1141 1219 1174 Leid.
1242 1153 1294 1186 pr.
1345 1141 1598 1186 Zephyris-que

603 1189 672 1224 331
698 1191 742 1222 L.
766 1202 801 1222 a.
823 1190 934 1222 simul
949 1189 1021 1222 Erf.
1116 1189 1188 1224 332
1210 1189 1378 1235 germina
1395 1189 1510 1220 Burm.
1534 1199 1596 1220 re—

70 1189 219 1232 Medic.‚
252 1189 355 1233 lapsu
373 1188 521 1222 librarii.

71 1237 191 1283 posuit
209 1242 292 1282 post
311 1236 509 1269 Catroeum.
557 1236 671 1269 Unius
693 1235 849 1270 Fabricii
869 1247 935 1281 pro
955 1235 1022 1269 hac
1039 1235 1195 1268 lectione
1213 1235 1405 1268 auctoritas
1422 1234 1595 1276 laudatur,

71 1283 131 1330 qui
151 1289 310 1318 vetustos
331 1282 443 1316 libros
471 1283 522 1316 ita
547 1282 668 1327 legere
697 1289 867 1324 testatur3
902 1282 958 1317 cui
979 1282 1070 1316 adde
1097 1281 1245 1327 Regium
1273 1282 1368 1327 apud
1394 1281 1594 1315 Martinam.

70 1331 140 1366 sed
159 1331 230 1367 iam
246 1330 366 1364 Celsus
383 1342 449 1376 pro
467 1330 535 1363 hac
553 1330 707 1363 lectione
727 1336 900 1375 pugnarat
926 1330 1021 1374 apud
1045 1329 1317 1374 Philargyrium.
1365 1329 1482 1373 Vulgo
1501 1341 1596 1376 gra-

70 1373 170 1413 mina
185 1378 388 1423 legebatur;
412 1376 594 1411 revocavit
623 1389 762 1422 quoque
794 1378 936 1411 Wakef.
957 1383 993 1410 et
1017 1376 1092 1421 quis
1118 1383 1226 1422 neget
1253 1375 1303 1409 ita
1331 1375 1402 1410 dici
1433 1387 1540 1420 posse
1559 1381 1596 1409 et

2 1442 6 1444 ·
70 1424 216 1467 solere?
263 1426 386 1470 Itaque
405 1424 574 1468 exemplis
596 1424 691 1457 haud
709 1424 966 1470 indigebamus.
1014 1424 1200 1458 Enimvero
1221 1422 1363 1468 quoties
1386 1423 1431 1456 de
1445 1422 1594 1476 *frigore

69 1472 185 1518 agitur
201 1478 262 1506 aut
282 1471 453 1506 adurente
473 1479 534 1504 aut
550 1472 755 1504 retardante
777 1484 920 1504 vernum
941 1478 1061 1504 terrae
1081 1477 1309 1516 proventum,
1334 1482 1405 1504 non
1422 1482 1595 1517 gramma

67 1521 326 1560 memorantur,
358 1531 446 1564 quae
474 1518 555 1563 gelu
583 1519 677 1551 ferre
709 1518 802 1552 haud
829 1519 990 1564 possint,
1027 1518 1092 1551 sed
1137 1530 1270 1551 emmae
1291 1524 1326 1550 et
1345 1519 1530 1564 germina,
1559 1522 1595 1550 et

60 1568 195 1614 flores.
239 1567 409 1614 gramine
429 1571 502 1599 tres
533 1566 624 1611 apud
651 1567 768 1599 Burm.
823 1574 901 1600 toto
927 1567 1016 1599 Ven.

63 1626 177 1668 limos
195 1613 285 1647 Gud.
313 1613 525 1660 (surgentes
544 1612 671 1646 Medic.
703 1612 798 1656 Wr.)

1137 1565 1184 1600 33
1209 1566 1331 1598 timuit
1350 1566 1440 1598 Ven.
1484 1576 1595 1611 pam-

893 1612 963 1648 335
989 1612 1110 1650 tendit
1128 1613 1217 1645 Ven.
1253 1610 1431 1658 (frondes
1444 1610 1593 1652 Medic.;

68 1661 164 1695 Idem
181 1659 314 1713 omne-5.
345 1662 402 1695 W
396 1659 443 1705 r.)
513 1660 585 1696 336
609 1653 817 1695 crescentis.
843 1659 959 1694 Bentl.
978 1659 1024 1693 ad
1041 1658 1162 1693 Manil.
1189 1659 1231 1702 11,
1255 1659 1326 1694 428
1346 1659 1546 1692 nascenti-5.

69 1758 167 1799 327.
187 1770 388 1809 magnum
405 1770 550 1808 corpas
569 1756 718 1795 Terrae
737 1756 804 1794 in—

66 1813 347 1867 telligendum,
377 1820 427 1854 ut
444 1814 544 1854 Aen.
564 1814 629 1864 VI,
648 1817 732 1857 727
754 1814 804 1853 de

67 1872 153 1927 hoca
167 1873 371 1912 universo.
429 1873 619 1925 Expressi
642 1885 693 1911 ex
714 1871 755 1911 h.
775 1873 803 1912 l.

67 1931 216 1971 veteris
234 1937 378 1984 poetae
395 1944 537 1970 versus
559 1931 602 1970 in
622 1931 804 1983 Pervigi-

67 1989 122 2028 lio
149 1989 337 2029 Veneris:
387 1990 441 2028 In
471 1991 606 2028 sinum
633 1986 804 2027 maritus

68 2046 197 2086 imber
231 2049 365 2100 fluxit
413 2047 550 2086 almae
598 2049 800 2098 coniugis,

77 2105 193 2144 Unde
200 2106 319 2158 setus
347 2107 501 2143 mixtus
528 2120 662 2143 omnes
681 2106 805 2143 aleret

68 2177 222 2215 magno
252 2176 426 2214 corpore.
490 2166 587 2205 329.
606 2163 697 2202 Vid.
718 2163 803 2201 Lu-

68 2227 167 2260 eret.
198 2221 227 2270 Ι,
260 2223 313 2262 10
335 2234 434 2271 sqq.,
464 2221 508 2259 in
534 2235 636 2272 quos
663 2233 804 2261 versus

69 2279 199 2318 omnis
224 2279 361 2318 Venus
378 2278 509 2316 infusa
528 2285 599 2317 est.

127 2339 224 2378 331.
255 2337 382 2375 Terra
400 2336 622 2375 admodum
644 2342 704 2375 est
718 2335 802 2374 hu-

67 2394 192 2434 mida.
254 2395 428 2445 Superat
452 2395 621 2443 humor,
669 2395 802 2432 abun-

69 2452 154 2503 dat,
185 2466 277 2491 cum
294 2459 482 2505 respectu
493 2453 546 2491 ad
566 2453 628 2491 lac
648 2452 803 2491 matris.

69 2512 216 2549 laxant
236 2525 338 2549 arva
360 2513 492 2560 sinus,
529 2524 632 2562 quae
654 2511 805 2563 frigore

68 2569 266 2608 adstricta
293 2574 420 2607 erant.
458 2570 619 2608 Lucret.
647 2569 695 2619 V,
718 2566 802 2611 804

69 2628 234 2666 Multus
251 2629 358 2665 enim
376 2627 490 2665 calor
514 2636 634 2680 atque
657 2627 803 2665 humor

68 2684 286 2735 superabat
314 2687 358 2722 in
388 2687 522 2725 arvis:
562 2687 676 2723 Hinc
690 2715 701 2734 ‚
733 2684 803 2722 uhi

70 2756 252 2795 quaeque
300 2743 380 2780 loci
414 2745 525 2795 regio
571 2751 800 2794 opporlzma

70 2799 267 2848 dabatur,
304 2800 536 2839 Crescebant
566 2803 668 2839 uteri
695 2809 800 2839 terra

70 2856 274 2896 radicibus
287 2860 392 2908 apli.
427 2860 532 2898 conf.
553 2872 660 2910 seqq.
702 2861 798 2900 332.

72 2915 264 2954 Germina
304 2918 508 2956 communi
546 2918 702 2955 ratione
733 2917 798 2955 lo-

71 2972 223 3025 quendi
251 2986 292 3010 se
319 2975 482 3012 credunt
505 2975 592 3013 soli.
639 2975 797 3013 Lucret.

71 3032 120 3081 V,
141 3033 226 3073 780
255 3043 358 3068 novo
372 3031 471 3083 seta
497 3032 598 3083 qaid
616 3030 814 3083 primum'

73 3091 117 3128 in
138 3089 304 3127 luminis
326 3102 418 3127 oras
444 3089 595 3127 Tollere
614 3097 651 3127 et
669 3091 798 3127 incer-

862 1757 915 1795 tis
946 1758 1107 1794 tentarit
1131 1754 1283 1794 credere
1309 1755 1450 1792 ventis.
1514 1753 1594 1792 Sed

861 1820 998 1854 totum
1034 1814 1170 1853 locum
1205 1815 1250 1852 in
1284 1813 1417 1851 animo
1449 1811 1594 1851 habuit

862 1879 1021 1922 noster,
1059 1872 1093 1911 si
1120 1878 1342 1923 utrumque
1375 1883 1593 1923 compares.

865 1931 1038 1970 Credunt
1066 1936 1202 1969 autem
1223 1944 1286 1979 se,
1326 1928 1425 1968 dum
1454 1930 1497 1966 in
1516 1943 1593 1966 ηο-

860 2004 959 2028 vum
988 1989 1113 2026 solem
1134 1987 1357 2040 prodeunt,
1392 1986 1490 2025 hinc
1506 2000 1593 2025 cre-

862 2047 962 2084 dunt
980 2061 1020 2085 se
1040 2049 1084 2085 in
1107 2047 1231 2085 solem
1253 2059 1356 2085 nove
1369 2045 1487 2095 dixit,
1518 2057 1594 2083 ex-

863 2105 995 2157 emplo
1023 2111 1163 2142 tamen
1191 2103 1368 2143 Lucretii
1387 2103 1454 2152 VI,
1479 2105 1592 2144 1070

868 2164 913 2202 V
909 2165 1054 2214 iligeni
1082 2163 1224 2200 latices
1251 2163 1294 2199 in
1320 2163 1451 2213 aquai
1452 2160 1592 2212 sonti-

862 2219 934 2258 bus
962 2220 1112 2258 audent
1137 2221 1334 2268 Misceri,
1380 2232 1502 2271 quom
1511 2219 1592 2268 pix

861 2286 1032 2330 nequeat
1056 2279 1199 2329 gravis
1228 2285 1265 2315 et
1291 2277 1376 2314 leve
1419 2277 1586 2314 olivum.

859 2336 1087 2374 Transtulit
1119 2334 1228 2374 hanc
1247 2335 1419 2374 formam
1441 2335 1591 2372 Seneca

858 2393 977 2433 Herc.
1010 2394 1091 2432 fus.
1125 2392 1206 2436 147
1238 2392 1288 2431 de
1316 2391 1486 2431 luscinia
1516 2405 1591 2430 ex-

860 2452 1014 2490 oriente
1057 2451 1150 2490 die:
1206 2452 1448 2503 Pennasqae
1487 2464 1590 2488 novo

858 2510 1011 2548 tradere
1029 2510 1106 2547 soli
1129 2510 1269 2548 Gestlt.
1310 2508 1407 2551 334.
1426 2510 1591 2560 magnis

856 2567 1141 2620 Aquilonibus,
1158 2566 1478 2614 vehementibus,
1490 2580 1590 2618 pro-

859 2626 1022 2665 cellosis.
1049 2625 1133 2665 vid.
1151 2626 1289 2664 Burm.
1309 2624 1521 2664 Lucretius
1540 2623 1588 2672 V,

859 2686 944 2726 817
986 2685 1045 2723 At
1069 2686 1230 2722 novitas
1258 2683 1402 2721 mundi
1419 2681 1584 2732 necsri-

855 2756 961 2794 gora
990 2742 1094 2780 dura
1126 2741 1256 2779 ciebat
1269 2772 1281 2791 ‚
1324 2743 1419 2780 Nee
1443 2740 1589 2777 nimios

858 2808 993 2838 aestus
1005 2830 1016 2849 ‚
1051 2814 1122 2837 nec
1144 2801 1310 2851 magnis
1334 2797 1484 2838 viribus
1509 2794 1589 2833 ὰιι-

856 2866 969 2896 stros.
1033 2857 1168 2908 Vides,
1198 2857 1462 2896 unde-noster
1480 2853 1588 2892 hau-

857 2916 967 2955 serit.

913 2976 1010 3015 336.
1046 2973 1212 3021 Quanto
1233 2986 1324 3010 cum
1344 2974 1492 3009 ornatu
1513 2981 1587 3005 ex-

854 3031 992 3084 posuit
1026 3030 1126 3069 hoc:
1170 3029 1313 3068 munda·
1356 3026 1509 3066 natales
1544 3024 1587 3062 in

856 3101 1030 3127 vernum
1062 3093 1223 3140 tempus
1260 3085 1465 3125 incidisse!
1522 3081 1587 3121 An
