1734 3320
292 176 785 230 GEoRfflCON
811 178 955 230 LIB.
977 180 1072 244 ΙΙΙ,
1104 184 1399 236 491—504

1505 165 1611 237 583

81 305 269 358 Victor
293 321 490 374 equus,
524 302 818 372 fontesque
849 305 1126 371 avertitur,
1165 317 1228 358 et
1241 310 1384 375 pede
1409 319 1609 361 terram

83 375 288 444 Crebra
306 373 456 436 ferit3
495 373 758 424 demissae
785 391 965 438 aures3
1003 375 1237 427 incertus
1256 379 1461 430 ibidem
1505 386 1609 433 500

85 444 293 508 Sudor3
329 454 385 496 et
401 444 493 495 ille
514 444 739 512 quidem
761 445 1037 495 morituris
1059 444 1310 512 frigidus;
1348 459 1461 501 aret

82 514 264 583 Pellis‚
303 523 357 566 et
376 514 443 565 ad
464 523 667 565 tactum
686 516 931 565 tractanti
954 515 1088 566 dura
1102 518 1311 569 resistit.

81 587 228 637 Haec
249 591 373 636 ante
399 585 616 636 exitium
642 586 830 653 primis
856 585 987 648 dant
1008 587 1157 652 signa
1179 587 1384 641 diebus.

85 655 180 707 Sin
198 656 254 706 in
276 672 534 724 processu
555 656 735 724 coepit
759 655 1080 708 crudescere
1099 658 1351 710 morbus:

127 797 200 834 499
224 797 436 832 advertitur
460 797 578 831 Lutat.
606 797 651 831 ad
674 800 765 831 Stat.
788 797 904 832 Theb.
935 799 983 842 V,
1009 799 1088 853 137.
1127 798 1322 846 sortisque
1336 799 1411 832 Erf.
1430 811 1451 832 a
1475 810 1519 832 m.
1538 809 1609 832 sec.

82 844 155 880 δα)
179 843 312 879 crebro
343 843 413 879 duo
432 846 549 878 Burm.
575 845 738 890 Longob.
758 845 866 879 Goth.
898 858 969 880 sec.
1017 847 1190 882 &missae
1220 847 1365 880 Mentel.
1392 858 1448 892 pr.

1541 846 1608 880 501

82 893 256 927 morituti
270 891 401 926 Medic.
422 904 443 926 a
469 905 513 925 m.
531 903 586 938 pr.
634 893 840 926 moriturus
854 892 983 926 vitiose
1014 899 1090 928 tres
1112 893 1277 936 Martini,
1309 893 1420 927 Goth.
1440 905 1496 939 pr.
1543 905 1611 926 ar-

83 947 142 974 tes
165 940 290 973 Franc.
338 947 442 974 arcet
470 940 599 973 Moret.
632 951 703 973 sec.
753 952 840 973 ares
867 941 969 975 Rom.

82 986 145 1021 alt.
166 986 337 1020 Rottend.
357 994 393 1020 et
411 986 542 1020 Medic.
565 999 585 1020 a
601 999 648 1020 m.
669 999 723 1032 pr.
758 987 826 1031 (est
853 999 895 1020 ea
913 988 1014 1034 prior
1036 988 1168 1022 Medic.
1186 987 1306 1021 lectio.
1337 989 1392 1022 W
1389 987 1435 1032 r.)

1063 942 1135 977 502
1160 941 1353 975 tractandi
1371 939 1521 974 Mentel.
1554 951 1609 984 pr.

1484 995 1522 1020 et
1546 994 1609 1020 ac-

82 1041 222 1068 nctum
239 1033 359 1068 Scbol.
379 1033 485 1068 statii
504 1033 621 1067 Theb.
643 1034 688 1067 V.
715 1034 825 1078 (Serv.
848 1035 995 1068 Dresd.:
1020 1036 1090 1077 „Et
1106 1035 1175 1069 hoc
1196 1035 1312 1080 ipsum
1329 1034 1513 1079 figuratum
1535 1039 1609 1066 est:

83 1082 227 1115 resistit
253 1081 352 1115 hanc
375 1093 470 1123 rem,
494 1091 561 1126 pro
584 1081 672 1114 huic
692 1081 782 1114 rei.“
812 1081 910 1126 Wr.)
957 1090 1158 1116 attractum
1176 1082 1279 1115 Leid.
1304 1093 1326 1115 a
1346 1094 1392 1115 m.
1417 1093 1484 1128 pr„
1509 1092 1554 1114 ex
1570 1088 1612 1113 ae

82 1130 263 1170 encenia,
286 1135 325 1162 ut
343 1127 380 1161 in
395 1129 566 1163 Romano.
615 1127 666 1161 ad
692 1135 854 1161 tractum
870 1128 1035 1174 Longob.
1051 1130 1194 1163 Wakef.
1213 1129 1260 1163 ad
1278 1130 1420 1163 Lucret.
1438 1129 1500 1169 vl,
1518 1127 1611 1163 1193

82 1175 220 1209 emend.
244 1183 403 1209 attactu.
446 1199 448 1201 >

513 1175 585 1210 503
611 1175 708 1208 Huic
731 1174 828 1208 Toll.
876 1176 944 1209 dat
969 1188 1059 1209 unus
1085 1176 1267 1219 Amndel„
1301 1176 1455 1209 notanda
1478 1174 1611 1214 lectio;

81 1221 134 1256 ito
164 1222 211 1256 ad
237 1222 400 1256 morbum
426 1221 543 1257 oratio
572 1222 737 1256 refertur.
790 1223 956 1257 Succedit
981 1229 1102 1258 tamen
1128 1223 1218 1259 alius
1254 1222 1403 1269 pluralis
1437 1222 1610 1257 tendunt.

80 1269 153 1306 504
176 1271 266 1305 Sive
288 1271 330 1304 in
356 1270 430 1303 Erf.

79 1393 275 1429 tentatus.
334 1386 391 1427 At
426 1387 574 1441 infelix
598 1389 726 1428 studii
756 1394 817 1427 est

79 1447 139 1498 ia,
171 1447 241 1501 qui
264 1446 308 1486 in
323 1445 462 1486 studio
487 1461 562 1486 suo
589 1461 817 1487 successum

80 1519 167 1545 non
202 1504 327 1544 habet
343 1535 355 1555 ‚
391 1505 551 1544 nullum
578 1506 816 1559 praemium,

81 1569 156 1604 aut
185 1564 322 1618 potius
341 1577 391 1602 ex
419 1576 466 1602 eo
492 1577 645 1603 noxam
673 1570 712 1602 et
727 1578 817 1602 ma-

79 1622 180 1663 lum.
211 1623 364 1662 Contra
390 1621 491 1661 Aen.
507 1622 587 1674 XI,
612 1622 699 1665 416
715 1621 816 1674 sbr-

80 1689 324 1734 lunatasque
363 1680 562 1719 laborum.
634 1680 817 1734 Apparet

81 1739 203 1778 etiam
229 1752 283 1779 ex
310 1739 536 1778 imitatione
562 1739 701 1778 Ovidii
719 1738 816 1777 Met.

83 1797 166 1848 V11‚
190 1797 276 1841 542
304 1798 413 1837 Acer
437 1812 564 1851 equus
589 1797 813 1851 quondam,

80 1870 340 1909 magnaeque
375 1859 420 1894 in
451 1857 620 1908 pulvere
648 1855 817 1907 famae,

80 1915 316 1967 Degener-at
331 1914 501 1966 palmas
511 1930 526 1962 ;
551 1920 818 1964 veterumque

81 1971 233 2013 oblitus
282 1971 489 2011 honorum
535 1972 590 2011 ad
626 1983 818 2025 praesepe

80 2032 225 2084 gemit,
265 2030 400 2069 morbo
431 2032 647 2068 moriturus
683 2030 813 2067 inerti.

82 2088 250 2143 (Durior
264 2087 345 2138 hic,
375 2101 623 2140 quamquam
640 2101 690 2126 ne
708 2086 821 2139 apud

82 2147 295 2200 Virgilium
311 2146 476 2198 quidem
493 2146 685 2199 exemplis
702 2145 820 2198 plane

82 2205 330 2255 destitutus,
375 2203 459 2243 vid.
494 2204 544 2244 V.
578 2204 621 2243 L.
659 2203 712 2241 ad
737 2202 820 2241 Ecl.

81 2264 156 2314 III,
195 2266 315 2313 110.,
369 2262 592 2302 verborum
641 2261 821 2314 positus:

82 2321 308 2362 studiorum
344 2329 466 2374 atque
492 2322 703 2359 imtnemor
725 2319 821 2358 her-

81 2380 172 2419 bae.
234 2379 314 2419 Hic
351 2379 602 2432 praestiterit
634 2378 823 2429 iungere:

81 2438 229 2491 infelix
245 2437 485 2486 studim-mn,
518 2437 584 2476 cui
601 2435 705 2475 nihil
720 2448 821 2488 pro-

83 2503 182 2536 sunt
216 2496 353 2535 studia
394 2509 486 2545 sua,
533 2494 727 2535 victoriae
751 2506 821 2532 re—

82 2561 282 2608 portatae.
341 2553 489 2593 Similis
522 2552 726 2592 sententia
752 2551 820 2590 in-

82 2613 146 2653 fra
174 2613 225 2652 de
245 2613 375 2662 bove,
417 2626 478 2652 ve.
513 2612 632 2655 525..
671 2608 822 2660 „Quid

51 2677 59 2686 ‘
82 2671 200 2710 labor
236 2677 310 2710 aut
343 2671 556 2710 benefacta
599 2670 748 2709 iuvant
765 2668 822 2706 ‘2⁴‘

83 2728 151 2768 Ad
175 2735 428 2770 structuram
448 2727 733 2768 illustrandam
756 2726 822 2764 fa-

85 2787 143 2826 cit
167 2787 238 2826 Ge.
267 2788 309 2837 I,
336 2790 458 2829 277.:
488 2787 600 2837 „dies
630 2785 823 2825 felices

86 2847 353 2897 operum.“
375 2844 476 2884 Aen.
494 2845 563 2894 IV,
576 2846 694 2888 529:
724 2842 823 2893 „in-

85 2902 220 2942 felix
249 2902 407 2941 animi
436 2898 822 2953 Phoenissa.“Wr.)

86 2962 186 3014 499.
222 2962 365 3001 Victor
382 2960 437 2999 ad
464 2961 748 3013 indignitatem
765 2957 824 2998 rei

874 1388 1052 1441 additur,
1071 1403 1165 1428 cum
1178 1387 1281 1428 nihil
1299 1387 1335 1427 ei
1352 1387 1484 1442 prosit
1494 1386 1611 1426 vicis·

873 1461 915 1486 se
935 1461 1077 1487 cursus
1096 1447 1326 1487 certamine.
1342 1446 1485 1499 sontes
1496 1459 1611 1483 aver*-

875 1508 993 1556 titur,
1044 1512 1190 1559 potum
1223 1510 1446 1544 aversatur.
1512 1502 1610 1546 500.

877 1563 1021 1603 Crebra
1036 1594 1047 1613 ‚
1090 1564 1256 1613 crebro,
1294 1569 1344 1602 ut
1372 1563 1454 1601 iam
1481 1573 1610 1613 saepe.

876 1620 978 1676 (vid.
1001 1622 1162 1675 Forbig.
1185 1621 1238 1660 ad
1258 1622 1418 1660 Lucret.
1440 1619 1610 1668 II,359.,

873 1680 944 1719 ubi
971 1686 1110 1719 tamen
1137 1679 1273 1718 crebra
1300 1693 1377 1731 pro
1407 1675 1610 1717 Nominat.

873 1739 1028 1791 primae
1064 1738 1253 1777 declinat.
1291 1736 1436 1775 haberi
1473 1734 1611 1773 velim.

880 1795 1005 1852 Wr.)
1046 1798 1242 1844 incertus,
1293 1795 1363 1846 qui
1388 1807 1462 1847 per
1488 1792 1611 1842 vioes,

874 1868 959 1894 non
999 1854 1121 1893 certis
1152 1852 1382 1892 intervallis
1409 1851 1611 1891 constitu-

874 1919 959 1962 tas,
1000 1912 1158 1951 accedit
1182 1918 1224 1951 et
1255 1910 1434 1960 recedit,
1466 1910 1612 1948 incon-

876 1977 1011 2021 stans,
1042 1970 1215 2019 ibidem,
1249 1970 1356 2008 circa
1376 1982 1514 2017 auree,
1542 1980 1613 2005 ca-

875 2029 972 2082 pitis
998 2028 1124 2067 sudor
1135 2043 1147 2077 ;
1186 2028 1350 2080 signate.
1367 2028 1528 2065 Lucret.
1545 2025 1611 2074 Vl,

880 2085 991 2128 1185
1043 2086 1287 2138 Sudon‘sque
1333 2085 1503 2123 madens
1538 2095 1613 2135 per

877 2144 1028 2183 collum
1043 2143 1281 2195 splendidus
1297 2143 1455 2181 humor.
1514 2142 1611 2183 501.

877 2203 946 2240 ille
988 2201 1152 2255 quidem
1192 2202 1394 2239 morituris
1420 2198 1612 2251 frigidus

879 2274 931 2298 ex
956 2259 1164 2298 notissimo
1189 2259 1354 2312 quidem
1382 2257 1612 2310 Hippocra—

878 2318 932 2357 tis
950 2317 1183 2370 aphorismo
1218 2317 1291 2367 IV,
1314 2319 1370 2359 37
1401 2315 1444 2357 οἰ
1459 2312 1612 2367 ψυχροὶ

880 2376 1074 2428 ἱδρῶτες,
1116 2373 1190 2426 §dv
1222 2373 1297 2429 μὲν
1335 2370 1420 2424 ὀξεῖ
1450 2373 1613 2427 πυρετῷ

877 2429 1126 2489 γιγνόμενοι,
1145 2430 1336 2475 θάνατον
1354 2431 1611 2484 σημαίνουσι.

879 2491 1091 2546 (Ceterum
1121 2491 1206 2531 vid.
1242 2491 1294 2541 Q.
1320 2490 1369 2530 V.
1396 2487 1611 2536 xxvull,
1641 2542 1645 2545 Β

878 2553 920 2600 2,
939 2550 979 2589 b.
1007 2551 1072 2591 W
1071 2548 1128 2604 r.)
1168 2550 1266 2592 502.
1285 2548 1397 2588 Cutis
1416 2553 1476 2586 est
1496 2546 1611 2584 sicca.

880 2609 1046 2648 Ornate.
1068 2608 1128 2646 ad
1144 2616 1320 2657 tactum,
1352 2612 1489 2654 tactu,
1520 2618 1613 2642 cum

878 2671 1137 2719 tangeretur,
1177 2667 1389 2714 tractanti,
1417 2660 1611 2714 tangenti,

878 2724 1094 2766 resistebat
1109 2754 1122 2775 ‚
1151 2724 1277 2775 dea-a,
1308 2723 1407 2762 dum
1431 2726 1546 2760 tenta
1565 2732 1612 2757 ac

880 2784 985 2823 sicca
1006 2789 1078 2822 est.

938 2840 1036 2885 504.
1065 2839 1294 2893 Iungenda:
1335 2838 1408 2876 Sin
1444 2838 1490 2874 in
1511 2849 1611 2886 pro-

881 2914 996 2938 cessa
1026 2902 1155 2951 coepit
1174 2897 1399 2936 crudescere
1424 2892 1608 2932 morbus.-

882 2958 1047 3010 Pmsuit
1069 2960 1213 2996 inserto
1232 2956 1308 2993 lat.
1362 2952 1611 3000 crudescere,
