<?xml version="1.0" encoding="UTF-8"?>
<!DOCTYPE html PUBLIC "-//W3C//DTD XHTML 1.0 Transitional//EN"
    "http://www.w3.org/TR/xhtml1/DTD/xhtml1-transitional.dtd">
<html xmlns="http://www.w3.org/1999/xhtml" xml:lang="en" lang="en">
 <head>
  <title>
</title>
<meta http-equiv="Content-Type" content="text/html;charset=utf-8" />
  <meta name='ocr-system' content='tesseract 3.04.00' />
  <meta name='ocr-capabilities' content='ocr_page ocr_carea ocr_par ocr_line ocrx_word'/>
</head>
<body>
  <div class='ocr_page' id='page_1' title='image "./publiusvirgilius01virguoft/publiusvirgilius01virguoft_0059.png"; bbox 0 0 1768 3320; ppageno 0'>
   <div class='ocr_carea' id='block_1_1' title="bbox 329 236 1580 291">
    <p class='ocr_par' dir='ltr' id='par_1_1' title="bbox 329 236 1580 291">
     <span class='ocr_line' id='line_1_1' title="bbox 329 236 1580 291; baseline 0.003 -4"><span class='ocrx_word' id='word_1_1' title='bbox 329 236 542 290; x_wconf 92' lang='grc' dir='ltr'><strong>ΤΟΜΙ</strong></span> <span class='ocrx_word' id='word_1_2' title='bbox 577 237 670 289; x_wconf 85' lang='grc' dir='ltr'><strong>ΠΙ.</strong></span> <span class='ocrx_word' id='word_1_3' title='bbox 704 236 916 289; x_wconf 84' lang='lat' dir='ltr'><strong>EDIT.</strong></span> <span class='ocrx_word' id='word_1_4' title='bbox 954 237 1268 289; x_wconf 88' lang='lat' dir='ltr'><strong>PRIMAE</strong></span> <span class='ocrx_word' id='word_1_5' title='bbox 1526 256 1580 291; x_wconf 79' lang='grc' dir='ltr'><strong>ιι</strong></span> 
     </span>
    </p>
   </div>
   <div class='ocr_carea' id='block_1_2' title="bbox 0 358 1584 2991">
    <p class='ocr_par' dir='ltr' id='par_1_2' title="bbox 0 358 1584 2991">
     <span class='ocr_line' id='line_1_2' title="bbox 0 358 1580 435; baseline 0.001 -17"><span class='ocrx_word' id='word_1_6' title='bbox 0 358 87 426; x_wconf 68' lang='lat' dir='ltr'><strong>{in</strong></span> <span class='ocrx_word' id='word_1_7' title='bbox 109 381 216 435; x_wconf 80' lang='lat' dir='ltr'><strong>qua</strong></span> <span class='ocrx_word' id='word_1_8' title='bbox 243 363 381 416; x_wconf 89' lang='lat' dir='ltr'><strong>nihil</strong></span> <span class='ocrx_word' id='word_1_9' title='bbox 410 364 541 416; x_wconf 87' lang='lat' dir='ltr'><strong>novi</strong></span> <span class='ocrx_word' id='word_1_10' title='bbox 567 371 840 427; x_wconf 86' lang='lat' dir='ltr'><strong>occurrat;</strong></span> <span class='ocrx_word' id='word_1_11' title='bbox 876 362 1012 415; x_wconf 90' lang='lat' dir='ltr'><strong>nihil</strong></span> <span class='ocrx_word' id='word_1_12' title='bbox 1044 362 1198 433; x_wconf 91' lang='lat' dir='ltr'><strong>quod</strong></span> <span class='ocrx_word' id='word_1_13' title='bbox 1224 380 1338 416; x_wconf 89' lang='lat' dir='ltr'><strong>non</strong></span> <span class='ocrx_word' id='word_1_14' title='bbox 1359 382 1580 419; x_wconf 84' lang='lat' dir='ltr'><strong>sexcen-</strong></span> 
     </span>
     <span class='ocr_line' id='line_1_3' title="bbox 0 434 1581 506; baseline 0.001 -19"><span class='ocrx_word' id='word_1_15' title='bbox 0 436 132 496; x_wconf 69' lang='lat' dir='ltr'><strong>ties</strong></span> <span class='ocrx_word' id='word_1_16' title='bbox 166 434 514 488; x_wconf 88' lang='lat' dir='ltr'><strong>observatum</strong></span> <span class='ocrx_word' id='word_1_17' title='bbox 556 435 653 494; x_wconf 90' lang='lat' dir='ltr'><strong>sit;·</strong></span> <span class='ocrx_word' id='word_1_18' title='bbox 691 435 826 486; x_wconf 89' lang='lat' dir='ltr'><strong>nihil</strong></span> <span class='ocrx_word' id='word_1_19' title='bbox 866 435 1021 506; x_wconf 86' lang='lat' dir='ltr'><strong>quod</strong></span> <span class='ocrx_word' id='word_1_20' title='bbox 1061 435 1302 504; x_wconf 86' lang='lat' dir='ltr'><strong>aliquem</strong></span> <span class='ocrx_word' id='word_1_21' title='bbox 1337 435 1581 489; x_wconf 85' lang='lat' dir='ltr'><strong>fructum</strong></span> 
     </span>
     <span class='ocr_line' id='line_1_4' title="bbox 0 506 1582 575; baseline -0.001 -15"><span class='ocrx_word' id='word_1_22' title='bbox 0 510 4 542; x_wconf 82' lang='lat'><strong>-³</strong></span> <span class='ocrx_word' id='word_1_23' title='bbox 31 507 249 567; x_wconf 71' lang='lat' dir='ltr'><strong>habeat,</strong></span> <span class='ocrx_word' id='word_1_24' title='bbox 298 515 390 558; x_wconf 85' lang='lat' dir='ltr'><strong>aut</strong></span> <span class='ocrx_word' id='word_1_25' title='bbox 422 506 629 559; x_wconf 89' lang='lat' dir='ltr'><strong>habere</strong></span> <span class='ocrx_word' id='word_1_26' title='bbox 654 507 838 575; x_wconf 86' lang='lat' dir='ltr'><strong>possit.</strong></span> <span class='ocrx_word' id='word_1_27' title='bbox 922 507 1180 575; x_wconf 88' lang='lat' dir='ltr'><strong>Inprimis</strong></span> <span class='ocrx_word' id='word_1_28' title='bbox 1211 515 1395 558; x_wconf 86' lang='lat' dir='ltr'><strong>autem</strong></span> <span class='ocrx_word' id='word_1_29' title='bbox 1431 508 1487 558; x_wconf 91' lang='lat' dir='ltr'><strong>in</strong></span> <span class='ocrx_word' id='word_1_30' title='bbox 1520 510 1582 559; x_wconf 91' lang='lat' dir='ltr'><strong>iis</strong></span> 
     </span>
     <span class='ocr_line' id='line_1_5' title="bbox 0 577 1582 647; baseline -0.001 -15"><span class='ocrx_word' id='word_1_31' title='bbox 0 577 371 643; x_wconf 48' lang='lat' dir='ltr'><strong>afflictoribus,</strong></span> <span class='ocrx_word' id='word_1_32' title='bbox 429 578 522 647; x_wconf 89' lang='lat' dir='ltr'><strong>qui</strong></span> <span class='ocrx_word' id='word_1_33' title='bbox 559 579 667 629; x_wconf 87' lang='lat' dir='ltr'><strong>iam</strong></span> <span class='ocrx_word' id='word_1_34' title='bbox 709 577 887 629; x_wconf 87' lang='lat' dir='ltr'><strong>critica</strong></span> <span class='ocrx_word' id='word_1_35' title='bbox 928 587 1041 629; x_wconf 87' lang='lat' dir='ltr'><strong>arte</strong></span> <span class='ocrx_word' id='word_1_36' title='bbox 1078 587 1133 629; x_wconf 91' lang='lat' dir='ltr'><strong>et</strong></span> <span class='ocrx_word' id='word_1_37' title='bbox 1176 577 1244 629; x_wconf 89' lang='lat' dir='ltr'><strong>ad</strong></span> <span class='ocrx_word' id='word_1_38' title='bbox 1283 578 1582 631; x_wconf 79' lang='lat' dir='ltr'><strong>meliorum</strong></span> 
     </span>
     <span class='ocr_line' id='line_1_6' title="bbox 0 648 1582 718; baseline 0 -17"><span class='ocrx_word' id='word_1_39' title='bbox 0 648 299 702; x_wconf 58' lang='lat' dir='ltr'><strong>dibrorum</strong></span> <span class='ocrx_word' id='word_1_40' title='bbox 325 648 649 718; x_wconf 79' lang='lat' dir='ltr'><strong>exemplaria</strong></span> <span class='ocrx_word' id='word_1_41' title='bbox 683 648 959 700; x_wconf 88' lang='lat' dir='ltr'><strong>emendati</strong></span> <span class='ocrx_word' id='word_1_42' title='bbox 989 657 1139 713; x_wconf 87' lang='lat' dir='ltr'><strong>sunt,</strong></span> <span class='ocrx_word' id='word_1_43' title='bbox 1188 666 1353 717; x_wconf 88' lang='lat' dir='ltr'><strong>quam</strong></span> <span class='ocrx_word' id='word_1_44' title='bbox 1382 650 1582 702; x_wconf 87' lang='lat' dir='ltr'><strong>utilita-</strong></span> 
     </span>
     <span class='ocr_line' id='line_1_7' title="bbox 28 719 1582 789; baseline 0 -16"><span class='ocrx_word' id='word_1_45' title='bbox 28 729 145 773; x_wconf 79' lang='lat' dir='ltr'><strong>tem</strong></span> <span class='ocrx_word' id='word_1_46' title='bbox 163 719 326 773; x_wconf 89' lang='lat' dir='ltr'><strong>studii</strong></span> <span class='ocrx_word' id='word_1_47' title='bbox 351 729 633 789; x_wconf 85' lang='lat' dir='ltr'><strong>expectare</strong></span> <span class='ocrx_word' id='word_1_48' title='bbox 653 729 836 788; x_wconf 91' lang='lat' dir='ltr'><strong>potest</strong></span> <span class='ocrx_word' id='word_1_49' title='bbox 853 720 896 770; x_wconf 92' lang='lat' dir='ltr'><strong>is</strong></span> <span class='ocrx_word' id='word_1_50' title='bbox 912 762 925 783; x_wconf 87' lang='lat'><strong>,</strong></span> <span class='ocrx_word' id='word_1_51' title='bbox 964 721 1059 789; x_wconf 92' lang='lat' dir='ltr'><strong>qui</strong></span> <span class='ocrx_word' id='word_1_52' title='bbox 1079 721 1280 771; x_wconf 88' lang='lat' dir='ltr'><strong>iterum</strong></span> <span class='ocrx_word' id='word_1_53' title='bbox 1301 721 1582 788; x_wconf 84' lang='lat' dir='ltr'><strong>vulgarem</strong></span> 
     </span>
     <span class='ocr_line' id='line_1_8' title="bbox 0 790 1583 861; baseline 0 -17"><span class='ocrx_word' id='word_1_54' title='bbox 0 798 9 828; x_wconf 70' lang='lat'><strong>-‘</strong></span> <span class='ocrx_word' id='word_1_55' title='bbox 28 790 270 861; x_wconf 73' lang='lat' dir='ltr'><strong>aliquem</strong></span> <span class='ocrx_word' id='word_1_56' title='bbox 313 799 369 842; x_wconf 88' lang='lat' dir='ltr'><strong>et</strong></span> <span class='ocrx_word' id='word_1_57' title='bbox 400 791 744 843; x_wconf 84' lang='lat' dir='ltr'><strong>diobolarem</strong></span> <span class='ocrx_word' id='word_1_58' title='bbox 790 791 1039 843; x_wconf 84' lang='lat' dir='ltr'><strong>codicem</strong></span> <span class='ocrx_word' id='word_1_59' title='bbox 1082 800 1173 842; x_wconf 89' lang='lat' dir='ltr'><strong>aut</strong></span> <span class='ocrx_word' id='word_1_60' title='bbox 1215 791 1518 844; x_wconf 80' lang='lat' dir='ltr'><strong>editionem</strong></span> <span class='ocrx_word' id='word_1_61' title='bbox 1554 811 1583 844; x_wconf 92' lang='lat' dir='ltr'><strong>a</strong></span> 
     </span>
     <span class='ocr_line' id='line_1_9' title="bbox 29 861 1582 931; baseline 0 -16"><span class='ocrx_word' id='word_1_62' title='bbox 29 861 390 915; x_wconf 87' lang='lat' dir='ltr'><strong>somnolentis</strong></span> <span class='ocrx_word' id='word_1_63' title='bbox 444 863 626 931; x_wconf 89' lang='lat' dir='ltr'><strong>operis</strong></span> <span class='ocrx_word' id='word_1_64' title='bbox 688 862 1035 931; x_wconf 82' lang='lat' dir='ltr'><strong>depravatam</strong></span> <span class='ocrx_word' id='word_1_65' title='bbox 1084 861 1279 914; x_wconf 90' lang='lat' dir='ltr'><strong>sedulo</strong></span> <span class='ocrx_word' id='word_1_66' title='bbox 1340 864 1582 930; x_wconf 84' lang='lat' dir='ltr'><strong>excutiat,</strong></span> 
     </span>
     <span class='ocr_line' id='line_1_10' title="bbox 28 932 1583 1003; baseline 0.001 -17.965"><span class='ocrx_word' id='word_1_67' title='bbox 0 929 330 1003; x_wconf 73' lang='lat' dir='ltr'><strong>sphalmata</strong></span> <span class='ocrx_word' id='word_1_68' title='bbox 365 942 420 985; x_wconf 90' lang='lat' dir='ltr'><strong>et</strong></span> <span class='ocrx_word' id='word_1_69' title='bbox 459 950 674 986; x_wconf 86' lang='lat' dir='ltr'><strong>errores</strong></span> <span class='ocrx_word' id='word_1_70' title='bbox 707 943 921 997; x_wconf 88' lang='lat' dir='ltr'><strong>enotet,</strong></span> <span class='ocrx_word' id='word_1_71' title='bbox 962 942 1016 985; x_wconf 89' lang='lat' dir='ltr'><strong>et</strong></span> <span class='ocrx_word' id='word_1_72' title='bbox 1047 933 1120 984; x_wconf 90' lang='lat' dir='ltr'><strong>sic</strong></span> <span class='ocrx_word' id='word_1_73' title='bbox 1153 950 1356 985; x_wconf 88' lang='lat' dir='ltr'><strong>novam</strong></span> <span class='ocrx_word' id='word_1_74' title='bbox 1382 952 1441 986; x_wconf 92' lang='lat' dir='ltr'><strong>se</strong></span> <span class='ocrx_word' id='word_1_75' title='bbox 1465 935 1583 987; x_wconf 90' lang='lat' dir='ltr'><strong>edi-</strong></span> 
     </span>
     <span class='ocr_line' id='line_1_11' title="bbox 0 1003 1582 1074; baseline 0.001 -19"><span class='ocrx_word' id='word_1_76' title='bbox 0 1011 4 1062; x_wconf 76' lang='lat'>3</span> <span class='ocrx_word' id='word_1_77' title='bbox 26 1003 239 1056; x_wconf 87' lang='lat' dir='ltr'><strong>tionem</strong></span> <span class='ocrx_word' id='word_1_78' title='bbox 260 1003 552 1057; x_wconf 86' lang='lat' dir='ltr'><strong>adornasse</strong></span> <span class='ocrx_word' id='word_1_79' title='bbox 580 1011 770 1074; x_wconf 85' lang='lat' dir='ltr'><strong>putet?</strong></span> <span class='ocrx_word' id='word_1_80' title='bbox 804 1009 1004 1057; x_wconf 91' lang='lat' dir='ltr'><strong>Nonne</strong></span> <span class='ocrx_word' id='word_1_81' title='bbox 1028 1014 1189 1073; x_wconf 91' lang='lat' dir='ltr'><strong>turpe</strong></span> <span class='ocrx_word' id='word_1_82' title='bbox 1215 1015 1318 1068; x_wconf 86' lang='lat' dir='ltr'><strong>est,</strong></span> <span class='ocrx_word' id='word_1_83' title='bbox 1354 1005 1582 1057; x_wconf 82' lang='lat' dir='ltr'><strong>brevem</strong></span> 
     </span>
     <span class='ocr_line' id='line_1_12' title="bbox 23 1074 1582 1144; baseline 0.001 -17"><span class='ocrx_word' id='word_1_84' title='bbox 23 1074 191 1127; x_wconf 74' lang='lat' dir='ltr'><strong>‘huius</strong></span> <span class='ocrx_word' id='word_1_85' title='bbox 230 1076 371 1127; x_wconf 79' lang='lat' dir='ltr'><strong>vitae</strong></span> <span class='ocrx_word' id='word_1_86' title='bbox 415 1074 658 1128; x_wconf 84' lang='lat' dir='ltr'><strong>fructum</strong></span> <span class='ocrx_word' id='word_1_87' title='bbox 697 1077 753 1127; x_wconf 95' lang='lat' dir='ltr'><strong>in</strong></span> <span class='ocrx_word' id='word_1_88' title='bbox 791 1075 928 1127; x_wconf 87' lang='lat' dir='ltr'><strong>haec</strong></span> <span class='ocrx_word' id='word_1_89' title='bbox 963 1075 1328 1144; x_wconf 86' lang='lat' dir='ltr'><strong>impendere?</strong></span> <span class='ocrx_word' id='word_1_90' title='bbox 1378 1077 1434 1128; x_wconf 92' lang='lat' dir='ltr'><strong>in</strong></span> <span class='ocrx_word' id='word_1_91' title='bbox 1470 1087 1582 1128; x_wconf 89' lang='lat' dir='ltr'><strong>tam</strong></span> 
     </span>
     <span class='ocr_line' id='line_1_13' title="bbox 0 1145 1582 1217; baseline 0 -17"><span class='ocrx_word' id='word_1_92' title='bbox 0 1145 137 1201; x_wconf 52' lang='lat' dir='ltr'><strong>»late</strong></span> <span class='ocrx_word' id='word_1_93' title='bbox 170 1157 546 1199; x_wconf 81' lang='lat' dir='ltr'><strong>succrescente</strong></span> <span class='ocrx_word' id='word_1_94' title='bbox 581 1164 770 1199; x_wconf 87' lang='lat' dir='ltr'><strong>rerum</strong></span> <span class='ocrx_word' id='word_1_95' title='bbox 807 1147 1193 1198; x_wconf 80' lang='lat' dir='ltr'><strong>discendarum</strong></span> <span class='ocrx_word' id='word_1_96' title='bbox 1224 1156 1409 1214; x_wconf 86' lang='lat' dir='ltr'><strong>segete</strong></span> <span class='ocrx_word' id='word_1_97' title='bbox 1447 1165 1582 1217; x_wconf 91' lang='lat' dir='ltr'><strong>ope-</strong></span> 
     </span>
     <span class='ocr_line' id='line_1_14' title="bbox 0 1218 1582 1284; baseline 0.001 -16"><span class='ocrx_word' id='word_1_98' title='bbox 0 1248 2 1251; x_wconf 32' lang='lat'><em>*</em></span> <span class='ocrx_word' id='word_1_99' title='bbox 28 1234 146 1269; x_wconf 82' lang='lat' dir='ltr'><strong>ram</strong></span> <span class='ocrx_word' id='word_1_100' title='bbox 175 1218 232 1268; x_wconf 90' lang='lat' dir='ltr'><strong>in</strong></span> <span class='ocrx_word' id='word_1_101' title='bbox 264 1219 421 1284; x_wconf 87' lang='lat' dir='ltr'><strong>nugis</strong></span> <span class='ocrx_word' id='word_1_102' title='bbox 436 1218 523 1269; x_wconf 90' lang='lat' dir='ltr'><strong>his</strong></span> <span class='ocrx_word' id='word_1_103' title='bbox 558 1225 918 1272; x_wconf 86' lang='lat' dir='ltr'><strong>consumere?</strong></span> <span class='ocrx_word' id='word_1_104' title='bbox 953 1222 1161 1271; x_wconf 86' lang='lat' dir='ltr'><strong>Verum</strong></span> <span class='ocrx_word' id='word_1_105' title='bbox 1191 1228 1271 1269; x_wconf 87' lang='lat' dir='ltr'><strong>est</strong></span> <span class='ocrx_word' id='word_1_106' title='bbox 1293 1236 1354 1269; x_wconf 86' lang='lat' dir='ltr'><strong>ea</strong></span> <span class='ocrx_word' id='word_1_107' title='bbox 1375 1219 1582 1271; x_wconf 90' lang='lat' dir='ltr'><strong>multo-</strong></span> 
     </span>
     <span class='ocr_line' id='line_1_15' title="bbox 28 1289 1577 1359; baseline 0.001 -18"><span class='ocrx_word' id='word_1_108' title='bbox 28 1305 152 1341; x_wconf 84' lang='lat' dir='ltr'><strong>rum</strong></span> <span class='ocrx_word' id='word_1_109' title='bbox 182 1289 395 1358; x_wconf 64' lang='lat' dir='ltr'><strong>optim,</strong></span> <span class='ocrx_word' id='word_1_110' title='bbox 434 1289 587 1341; x_wconf 92' lang='lat' dir='ltr'><strong>nullo</strong></span> <span class='ocrx_word' id='word_1_111' title='bbox 619 1290 784 1340; x_wconf 89' lang='lat' dir='ltr'><strong>animi</strong></span> <span class='ocrx_word' id='word_1_112' title='bbox 813 1289 1016 1341; x_wconf 89' lang='lat' dir='ltr'><strong>iudicio</strong></span> <span class='ocrx_word' id='word_1_113' title='bbox 1058 1289 1355 1358; x_wconf 81' lang='lat' dir='ltr'><strong>explorata,</strong></span> <span class='ocrx_word' id='word_1_114' title='bbox 1391 1300 1453 1341; x_wconf 93' lang='lat' dir='ltr'><strong>ut</strong></span> <span class='ocrx_word' id='word_1_115' title='bbox 1480 1308 1577 1359; x_wconf 91' lang='lat' dir='ltr'><strong>pu-</strong></span> 
     </span>
     <span class='ocr_line' id='line_1_16' title="bbox 25 1360 1583 1425; baseline -0.001 -10"><span class='ocrx_word' id='word_1_116' title='bbox 25 1364 148 1416; x_wconf 39' lang='lat' dir='ltr'><strong>,tent</strong></span> <span class='ocrx_word' id='word_1_117' title='bbox 168 1360 292 1411; x_wconf 89' lang='lat' dir='ltr'><strong>satis</strong></span> <span class='ocrx_word' id='word_1_118' title='bbox 309 1377 443 1425; x_wconf 90' lang='lat' dir='ltr'><strong>esse,</strong></span> <span class='ocrx_word' id='word_1_119' title='bbox 482 1362 525 1412; x_wconf 87' lang='lat' dir='ltr'><strong>si</strong></span> <span class='ocrx_word' id='word_1_120' title='bbox 553 1360 728 1412; x_wconf 92' lang='lat' dir='ltr'><strong>modo</strong></span> <span class='ocrx_word' id='word_1_121' title='bbox 762 1361 1013 1412; x_wconf 89' lang='lat' dir='ltr'><strong>codicem</strong></span> <span class='ocrx_word' id='word_1_122' title='bbox 1041 1360 1129 1412; x_wconf 88' lang='lat' dir='ltr'><strong>vel</strong></span> <span class='ocrx_word' id='word_1_123' title='bbox 1163 1361 1466 1413; x_wconf 86' lang='lat' dir='ltr'><strong>editionem</strong></span> <span class='ocrx_word' id='word_1_124' title='bbox 1486 1379 1583 1413; x_wconf 79' lang='lat' dir='ltr'><strong>ve-</strong></span> 
     </span>
     <span class='ocr_line' id='line_1_17' title="bbox 32 1430 1584 1503; baseline 0.001 -21"><span class='ocrx_word' id='word_1_125' title='bbox 32 1439 209 1483; x_wconf 80' lang='lat' dir='ltr'><strong>terem</strong></span> <span class='ocrx_word' id='word_1_126' title='bbox 232 1430 630 1483; x_wconf 91' lang='lat' dir='ltr'><strong>conferendam</strong></span> <span class='ocrx_word' id='word_1_127' title='bbox 653 1432 916 1494; x_wconf 81' lang='lat' dir='ltr'><strong>habeant3</strong></span> <span class='ocrx_word' id='word_1_128' title='bbox 954 1431 1011 1482; x_wconf 93' lang='lat' dir='ltr'><strong>id</strong></span> <span class='ocrx_word' id='word_1_129' title='bbox 1042 1441 1250 1492; x_wconf 82' lang='lat' dir='ltr'><strong>autem,</strong></span> <span class='ocrx_word' id='word_1_130' title='bbox 1290 1433 1442 1500; x_wconf 90' lang='lat' dir='ltr'><strong>quod</strong></span> <span class='ocrx_word' id='word_1_131' title='bbox 1471 1434 1584 1503; x_wconf 91' lang='lat' dir='ltr'><strong>pri-</strong></span> 
     </span>
     <span class='ocr_line' id='line_1_18' title="bbox 16 1501 1583 1569; baseline 0.001 -16"><span class='ocrx_word' id='word_1_132' title='bbox 16 1517 124 1553; x_wconf 60' lang='lat' dir='ltr'><strong>&gt;mo</strong></span> <span class='ocrx_word' id='word_1_133' title='bbox 147 1501 271 1553; x_wconf 93' lang='lat' dir='ltr'><strong>loco</strong></span> <span class='ocrx_word' id='word_1_134' title='bbox 300 1503 648 1554; x_wconf 87' lang='lat' dir='ltr'><strong>considerare</strong></span> <span class='ocrx_word' id='word_1_135' title='bbox 673 1502 968 1567; x_wconf 89' lang='lat' dir='ltr'><strong>debebant,</strong></span> <span class='ocrx_word' id='word_1_136' title='bbox 1001 1503 1139 1553; x_wconf 89' lang='lat' dir='ltr'><strong>sitne</strong></span> <span class='ocrx_word' id='word_1_137' title='bbox 1163 1503 1206 1553; x_wconf 91' lang='lat' dir='ltr'><strong>is</strong></span> <span class='ocrx_word' id='word_1_138' title='bbox 1231 1502 1371 1554; x_wconf 88' lang='lat' dir='ltr'><strong>liber</strong></span> <span class='ocrx_word' id='word_1_139' title='bbox 1391 1520 1583 1569; x_wconf 86' lang='lat' dir='ltr'><strong>novae,</strong></span> 
     </span>
     <span class='ocr_line' id='line_1_19' title="bbox 31 1572 1583 1639; baseline 0 -14"><span class='ocrx_word' id='word_1_140' title='bbox 31 1581 122 1625; x_wconf 87' lang='lat' dir='ltr'><strong>aut</strong></span> <span class='ocrx_word' id='word_1_141' title='bbox 160 1573 571 1635; x_wconf 80' lang='lat' dir='ltr'><strong>emendatioriS,</strong></span> <span class='ocrx_word' id='word_1_142' title='bbox 619 1573 868 1625; x_wconf 89' lang='lat' dir='ltr'><strong>lectionis</strong></span> <span class='ocrx_word' id='word_1_143' title='bbox 903 1572 1030 1624; x_wconf 88' lang='lat' dir='ltr'><strong>fons</strong></span> <span class='ocrx_word' id='word_1_144' title='bbox 1061 1573 1148 1624; x_wconf 85' lang='lat' dir='ltr'><strong>vel</strong></span> <span class='ocrx_word' id='word_1_145' title='bbox 1185 1574 1583 1639; x_wconf 90' lang='lat' dir='ltr'><strong>adiumentum,</strong></span> 
     </span>
     <span class='ocr_line' id='line_1_20' title="bbox 29 1643 1582 1715; baseline 0.001 -20"><span class='ocrx_word' id='word_1_146' title='bbox 29 1643 116 1695; x_wconf 82' lang='lat' dir='ltr'><strong>vix</strong></span> <span class='ocrx_word' id='word_1_147' title='bbox 144 1644 199 1695; x_wconf 92' lang='lat' dir='ltr'><strong>in</strong></span> <span class='ocrx_word' id='word_1_148' title='bbox 235 1645 480 1696; x_wconf 86' lang='lat' dir='ltr'><strong>animum</strong></span> <span class='ocrx_word' id='word_1_149' title='bbox 506 1644 807 1697; x_wconf 87' lang='lat' dir='ltr'><strong>admittant.</strong></span> <span class='ocrx_word' id='word_1_150' title='bbox 879 1645 1067 1713; x_wconf 83' lang='lat' dir='ltr'><strong>Atqui,</strong></span> <span class='ocrx_word' id='word_1_151' title='bbox 1105 1652 1166 1694; x_wconf 86' lang='lat' dir='ltr'><strong>ut</strong></span> <span class='ocrx_word' id='word_1_152' title='bbox 1193 1644 1302 1696; x_wconf 90' lang='lat' dir='ltr'><strong>hoc</strong></span> <span class='ocrx_word' id='word_1_153' title='bbox 1331 1646 1582 1715; x_wconf 88' lang='lat' dir='ltr'><strong>exemplo</strong></span> 
     </span>
     <span class='ocr_line' id='line_1_21' title="bbox 27 1714 1584 1783; baseline 0 -15"><span class='ocrx_word' id='word_1_154' title='bbox 27 1723 172 1781; x_wconf 84' lang='lat' dir='ltr'><strong>utar,</strong></span> <span class='ocrx_word' id='word_1_155' title='bbox 208 1715 415 1783; x_wconf 80' lang='lat' dir='ltr'><strong>Virgilii</strong></span> <span class='ocrx_word' id='word_1_156' title='bbox 446 1723 723 1767; x_wconf 88' lang='lat' dir='ltr'><strong>trecentos</strong></span> <span class='ocrx_word' id='word_1_157' title='bbox 749 1714 967 1766; x_wconf 85' lang='lat' dir='ltr'><strong>codices</strong></span> <span class='ocrx_word' id='word_1_158' title='bbox 993 1725 1047 1767; x_wconf 91' lang='lat' dir='ltr'><strong>et</strong></span> <span class='ocrx_word' id='word_1_159' title='bbox 1076 1715 1346 1767; x_wconf 86' lang='lat' dir='ltr'><strong>editiones</strong></span> <span class='ocrx_word' id='word_1_160' title='bbox 1371 1726 1584 1768; x_wconf 86' lang='lat' dir='ltr'><strong>veteres</strong></span> 
     </span>
     <span class='ocr_line' id='line_1_22' title="bbox 28 1784 1583 1857; baseline 0.001 -19"><span class='ocrx_word' id='word_1_161' title='bbox 28 1784 138 1838; x_wconf 77' lang='lat' dir='ltr'><strong>hoc</strong></span> <span class='ocrx_word' id='word_1_162' title='bbox 154 1796 409 1857; x_wconf 85' lang='lat' dir='ltr'><strong>respectu</strong></span> <span class='ocrx_word' id='word_1_163' title='bbox 435 1788 519 1838; x_wconf 85' lang='lat' dir='ltr'><strong>vix</strong></span> <span class='ocrx_word' id='word_1_164' title='bbox 546 1787 731 1854; x_wconf 83' lang='lat' dir='ltr'><strong>dignas</strong></span> <span class='ocrx_word' id='word_1_165' title='bbox 759 1786 1011 1849; x_wconf 85' lang='lat' dir='ltr'><strong>habebit,</strong></span> <span class='ocrx_word' id='word_1_166' title='bbox 1051 1803 1184 1854; x_wconf 89' lang='lat' dir='ltr'><strong>quas</strong></span> <span class='ocrx_word' id='word_1_167' title='bbox 1218 1787 1485 1856; x_wconf 86' lang='lat' dir='ltr'><strong>inspiciat,</strong></span> <span class='ocrx_word' id='word_1_168' title='bbox 1524 1789 1583 1854; x_wconf 88' lang='lat' dir='ltr'><strong>is,</strong></span> 
     </span>
     <span class='ocr_line' id='line_1_23' title="bbox 30 1856 1583 1926; baseline 0.002 -18"><span class='ocrx_word' id='word_1_169' title='bbox 30 1857 125 1926; x_wconf 87' lang='lat' dir='ltr'><strong>qui</strong></span> <span class='ocrx_word' id='word_1_170' title='bbox 144 1874 260 1909; x_wconf 94' lang='lat' dir='ltr'><strong>non</strong></span> <span class='ocrx_word' id='word_1_171' title='bbox 284 1858 350 1909; x_wconf 92' lang='lat' dir='ltr'><strong>ad</strong></span> <span class='ocrx_word' id='word_1_172' title='bbox 371 1858 649 1925; x_wconf 85' lang='lat' dir='ltr'><strong>vulgarem</strong></span> <span class='ocrx_word' id='word_1_173' title='bbox 673 1859 996 1926; x_wconf 88' lang='lat' dir='ltr'><strong>opinionem</strong></span> <span class='ocrx_word' id='word_1_174' title='bbox 1018 1856 1280 1908; x_wconf 91' lang='lat' dir='ltr'><strong>iudicium</strong></span> <span class='ocrx_word' id='word_1_175' title='bbox 1303 1858 1402 1909; x_wconf 91' lang='lat' dir='ltr'><strong>sibi</strong></span> <span class='ocrx_word' id='word_1_176' title='bbox 1422 1876 1583 1911; x_wconf 88' lang='lat' dir='ltr'><strong>men-</strong></span> 
     </span>
     <span class='ocr_line' id='line_1_24' title="bbox 11 1927 1582 1999; baseline 0.001 -19"><span class='ocrx_word' id='word_1_177' title='bbox 11 1927 96 1980; x_wconf 66' lang='lat' dir='ltr'><strong>?tis</strong></span> <span class='ocrx_word' id='word_1_178' title='bbox 129 1930 575 1981; x_wconf 91' lang='lat' dir='ltr'><strong>constituendum</strong></span> <span class='ocrx_word' id='word_1_179' title='bbox 604 1938 773 1998; x_wconf 90' lang='lat' dir='ltr'><strong>putet.</strong></span> <span class='ocrx_word' id='word_1_180' title='bbox 846 1929 1044 1982; x_wconf 89' lang='lat' dir='ltr'><strong>Utilior</strong></span> <span class='ocrx_word' id='word_1_181' title='bbox 1077 1928 1225 1980; x_wconf 89' lang='lat' dir='ltr'><strong>haud</strong></span> <span class='ocrx_word' id='word_1_182' title='bbox 1250 1929 1418 1981; x_wconf 89' lang='lat' dir='ltr'><strong>dubie</strong></span> <span class='ocrx_word' id='word_1_183' title='bbox 1446 1947 1582 1999; x_wconf 88' lang='lat' dir='ltr'><strong>ope-</strong></span> 
     </span>
     <span class='ocr_line' id='line_1_25' title="bbox 14 1998 1582 2069; baseline 0.001 -18"><span class='ocrx_word' id='word_1_184' title='bbox 14 2016 87 2053; x_wconf 81' lang='lat' dir='ltr'><strong>.ra</strong></span> <span class='ocrx_word' id='word_1_185' title='bbox 106 2017 136 2050; x_wconf 89' lang='lat' dir='ltr'><strong>a</strong></span> <span class='ocrx_word' id='word_1_186' title='bbox 156 2001 282 2051; x_wconf 87' lang='lat' dir='ltr'><strong>viris</strong></span> <span class='ocrx_word' id='word_1_187' title='bbox 316 2000 489 2051; x_wconf 92' lang='lat' dir='ltr'><strong>doctis</strong></span> <span class='ocrx_word' id='word_1_188' title='bbox 507 2010 749 2069; x_wconf 91' lang='lat' dir='ltr'><strong>ponetur</strong></span> <span class='ocrx_word' id='word_1_189' title='bbox 770 2001 826 2051; x_wconf 92' lang='lat' dir='ltr'><strong>in</strong></span> <span class='ocrx_word' id='word_1_190' title='bbox 847 1999 982 2065; x_wconf 88' lang='lat' dir='ltr'><strong>hoc,</strong></span> <span class='ocrx_word' id='word_1_191' title='bbox 1018 2009 1082 2051; x_wconf 94' lang='lat' dir='ltr'><strong>ut</strong></span> <span class='ocrx_word' id='word_1_192' title='bbox 1111 1998 1355 2068; x_wconf 89' lang='lat' dir='ltr'><strong>plurium</strong></span> <span class='ocrx_word' id='word_1_193' title='bbox 1385 2001 1582 2052; x_wconf 91' lang='lat' dir='ltr'><strong>editio-</strong></span> 
     </span>
     <span class='ocr_line' id='line_1_26' title="bbox 28 2069 1582 2140; baseline 0.001 -18"><span class='ocrx_word' id='word_1_194' title='bbox 28 2086 166 2122; x_wconf 90' lang='lat' dir='ltr'><strong>num</strong></span> <span class='ocrx_word' id='word_1_195' title='bbox 185 2071 348 2136; x_wconf 85' lang='lat' dir='ltr'><strong>bona‚</strong></span> <span class='ocrx_word' id='word_1_196' title='bbox 378 2088 505 2123; x_wconf 90' lang='lat' dir='ltr'><strong>cum</strong></span> <span class='ocrx_word' id='word_1_197' title='bbox 534 2072 735 2123; x_wconf 89' lang='lat' dir='ltr'><strong>dilectu</strong></span> <span class='ocrx_word' id='word_1_198' title='bbox 761 2081 946 2122; x_wconf 91' lang='lat' dir='ltr'><strong>tamen</strong></span> <span class='ocrx_word' id='word_1_199' title='bbox 966 2069 1226 2140; x_wconf 90' lang='lat' dir='ltr'><strong>prudenti</strong></span> <span class='ocrx_word' id='word_1_200' title='bbox 1249 2081 1303 2123; x_wconf 93' lang='lat' dir='ltr'><strong>et</strong></span> <span class='ocrx_word' id='word_1_201' title='bbox 1324 2072 1582 2139; x_wconf 79' lang='lat' dir='ltr'><strong>diligenti,</strong></span> 
     </span>
     <span class='ocr_line' id='line_1_27' title="bbox 18 2142 1582 2212; baseline 0.001 -20"><span class='ocrx_word' id='word_1_202' title='bbox 18 2142 86 2192; x_wconf 79' lang='lat' dir='ltr'><strong>in</strong></span> <span class='ocrx_word' id='word_1_203' title='bbox 102 2159 272 2193; x_wconf 88' lang='lat' dir='ltr'><strong>unam</strong></span> <span class='ocrx_word' id='word_1_204' title='bbox 294 2142 604 2207; x_wconf 87' lang='lat' dir='ltr'><strong>conferant,</strong></span> <span class='ocrx_word' id='word_1_205' title='bbox 643 2159 815 2211; x_wconf 90' lang='lat' dir='ltr'><strong>eaque</strong></span> <span class='ocrx_word' id='word_1_206' title='bbox 836 2142 984 2193; x_wconf 88' lang='lat' dir='ltr'><strong>bona</strong></span> <span class='ocrx_word' id='word_1_207' title='bbox 1011 2142 1166 2192; x_wconf 90' lang='lat' dir='ltr'><strong>novis</strong></span> <span class='ocrx_word' id='word_1_208' title='bbox 1188 2143 1408 2210; x_wconf 82' lang='lat' dir='ltr'><strong>opibuS,</strong></span> <span class='ocrx_word' id='word_1_209' title='bbox 1449 2161 1582 2212; x_wconf 88' lang='lat' dir='ltr'><strong>quas</strong></span> 
     </span>
     <span class='ocr_line' id='line_1_28' title="bbox 28 2212 1581 2282; baseline 0.001 -19"><span class='ocrx_word' id='word_1_210' title='bbox 28 2214 199 2264; x_wconf 86' lang='lat' dir='ltr'><strong>nostri</strong></span> <span class='ocrx_word' id='word_1_211' title='bbox 225 2214 280 2264; x_wconf 86' lang='lat' dir='ltr'><strong>in</strong></span> <span class='ocrx_word' id='word_1_212' title='bbox 310 2213 395 2264; x_wconf 91' lang='lat' dir='ltr'><strong>his</strong></span> <span class='ocrx_word' id='word_1_213' title='bbox 427 2214 617 2265; x_wconf 90' lang='lat' dir='ltr'><strong>litteris</strong></span> <span class='ocrx_word' id='word_1_214' title='bbox 636 2212 933 2282; x_wconf 77' lang='lat' dir='ltr'><strong>profectuS,</strong></span> <span class='ocrx_word' id='word_1_215' title='bbox 970 2223 1188 2264; x_wconf 91' lang='lat' dir='ltr'><strong>nostrae</strong></span> <span class='ocrx_word' id='word_1_216' title='bbox 1210 2216 1395 2265; x_wconf 77' lang='lat' dir='ltr'><strong>aetatis</strong></span> <span class='ocrx_word' id='word_1_217' title='bbox 1416 2216 1581 2265; x_wconf 91' lang='lat' dir='ltr'><strong>ratio—</strong></span> 
     </span>
     <span class='ocr_line' id='line_1_29' title="bbox 30 2284 1581 2354; baseline 0.001 -20"><span class='ocrx_word' id='word_1_218' title='bbox 30 2298 128 2334; x_wconf 85' lang='lat' dir='ltr'><strong>nes</strong></span> <span class='ocrx_word' id='word_1_219' title='bbox 160 2284 435 2353; x_wconf 88' lang='lat' dir='ltr'><strong>postulare</strong></span> <span class='ocrx_word' id='word_1_220' title='bbox 466 2284 611 2336; x_wconf 90' lang='lat' dir='ltr'><strong>forte</strong></span> <span class='ocrx_word' id='word_1_221' title='bbox 645 2285 925 2348; x_wconf 87' lang='lat' dir='ltr'><strong>videntur,</strong></span> <span class='ocrx_word' id='word_1_222' title='bbox 965 2284 1332 2352; x_wconf 88' lang='lat' dir='ltr'><strong>locupletent,</strong></span> <span class='ocrx_word' id='word_1_223' title='bbox 1382 2286 1581 2354; x_wconf 90' lang='lat' dir='ltr'><strong>quibus</strong></span> 
     </span>
     <span class='ocr_line' id='line_1_30' title="bbox 31 2353 1580 2425; baseline 0.001 -19"><span class='ocrx_word' id='word_1_224' title='bbox 31 2354 229 2406; x_wconf 87' lang='lat' dir='ltr'><strong>iterum</strong></span> <span class='ocrx_word' id='word_1_225' title='bbox 251 2355 335 2407; x_wconf 88' lang='lat' dir='ltr'><strong>alii</strong></span> <span class='ocrx_word' id='word_1_226' title='bbox 362 2356 598 2423; x_wconf 84' lang='lat' dir='ltr'><strong>singulas</strong></span> <span class='ocrx_word' id='word_1_227' title='bbox 614 2398 627 2421; x_wconf 90' lang='lat'><strong>,</strong></span> <span class='ocrx_word' id='word_1_228' title='bbox 668 2373 801 2425; x_wconf 86' lang='lat' dir='ltr'><strong>quas</strong></span> <span class='ocrx_word' id='word_1_229' title='bbox 827 2353 1080 2407; x_wconf 90' lang='lat' dir='ltr'><strong>conferre</strong></span> <span class='ocrx_word' id='word_1_230' title='bbox 1102 2372 1159 2407; x_wconf 91' lang='lat' dir='ltr'><strong>se</strong></span> <span class='ocrx_word' id='word_1_231' title='bbox 1179 2372 1342 2424; x_wconf 90' lang='lat' dir='ltr'><strong>posse</strong></span> <span class='ocrx_word' id='word_1_232' title='bbox 1368 2366 1580 2424; x_wconf 87' lang='lat' dir='ltr'><strong>putent,</strong></span> 
     </span>
     <span class='ocr_line' id='line_1_31' title="bbox 7 2425 1578 2487; baseline 0.002 -11"><span class='ocrx_word' id='word_1_233' title='bbox 7 2425 364 2478; x_wconf 43' lang='lat' dir='ltr'><strong>*accessiones</strong></span> <span class='ocrx_word' id='word_1_234' title='bbox 397 2427 670 2479; x_wconf 86' lang='lat' dir='ltr'><strong>adiiciant:</strong></span> <span class='ocrx_word' id='word_1_235' title='bbox 717 2437 805 2487; x_wconf 87' lang='lat' dir='ltr'><strong>ut,</strong></span> <span class='ocrx_word' id='word_1_236' title='bbox 845 2428 903 2477; x_wconf 93' lang='lat' dir='ltr'><strong>in</strong></span> <span class='ocrx_word' id='word_1_237' title='bbox 937 2427 1172 2478; x_wconf 90' lang='lat' dir='ltr'><strong>molesta</strong></span> <span class='ocrx_word' id='word_1_238' title='bbox 1206 2426 1308 2477; x_wconf 90' lang='lat' dir='ltr'><strong>hac</strong></span> <span class='ocrx_word' id='word_1_239' title='bbox 1343 2428 1578 2479; x_wconf 83' lang='lat' dir='ltr'><strong>diversa·</strong></span> 
     </span>
     <span class='ocr_line' id='line_1_32' title="bbox 29 2497 1580 2567; baseline 0.002 -20"><span class='ocrx_word' id='word_1_240' title='bbox 29 2512 156 2547; x_wconf 87' lang='lat' dir='ltr'><strong>rum</strong></span> <span class='ocrx_word' id='word_1_241' title='bbox 193 2498 525 2563; x_wconf 90' lang='lat' dir='ltr'><strong>editionum,</strong></span> <span class='ocrx_word' id='word_1_242' title='bbox 573 2515 712 2567; x_wconf 89' lang='lat' dir='ltr'><strong>quae</strong></span> <span class='ocrx_word' id='word_1_243' title='bbox 748 2497 989 2565; x_wconf 86' lang='lat' dir='ltr'><strong>singulae</strong></span> <span class='ocrx_word' id='word_1_244' title='bbox 1026 2498 1366 2566; x_wconf 88' lang='lat' dir='ltr'><strong>aliquantum</strong></span> <span class='ocrx_word' id='word_1_245' title='bbox 1398 2499 1580 2550; x_wconf 92' lang='lat' dir='ltr'><strong>bonae</strong></span> 
     </span>
     <span class='ocr_line' id='line_1_33' title="bbox 31 2563 1578 2638; baseline 0.001 -20"><span class='ocrx_word' id='word_1_246' title='bbox 31 2563 197 2635; x_wconf 85' lang='lat' dir='ltr'><strong>frugis</strong></span> <span class='ocrx_word' id='word_1_247' title='bbox 233 2568 462 2634; x_wconf 88' lang='lat' dir='ltr'><strong>habent,</strong></span> <span class='ocrx_word' id='word_1_248' title='bbox 501 2570 655 2638; x_wconf 89' lang='lat' dir='ltr'><strong>copia</strong></span> <span class='ocrx_word' id='word_1_249' title='bbox 687 2571 1035 2637; x_wconf 82' lang='lat' dir='ltr'><strong>perveniatur</strong></span> <span class='ocrx_word' id='word_1_250' title='bbox 1065 2569 1360 2637; x_wconf 87' lang='lat' dir='ltr'><strong>aliquando</strong></span> <span class='ocrx_word' id='word_1_251' title='bbox 1392 2587 1486 2633; x_wconf 90' lang='lat' dir='ltr'><strong>eo,</strong></span> <span class='ocrx_word' id='word_1_252' title='bbox 1518 2579 1578 2620; x_wconf 92' lang='lat' dir='ltr'><strong>ut</strong></span> 
     </span>
     <span class='ocr_line' id='line_1_34' title="bbox 32 2636 1579 2708; baseline 0.002 -20"><span class='ocrx_word' id='word_1_253' title='bbox 32 2636 117 2703; x_wconf 81' lang='lat' dir='ltr'><strong>iis,</strong></span> <span class='ocrx_word' id='word_1_254' title='bbox 163 2657 302 2708; x_wconf 88' lang='lat' dir='ltr'><strong>quae</strong></span> <span class='ocrx_word' id='word_1_255' title='bbox 352 2649 477 2691; x_wconf 89' lang='lat' dir='ltr'><strong>ante</strong></span> <span class='ocrx_word' id='word_1_256' title='bbox 518 2639 622 2691; x_wconf 90' lang='lat' dir='ltr'><strong>hos</strong></span> <span class='ocrx_word' id='word_1_257' title='bbox 667 2640 934 2691; x_wconf 91' lang='lat' dir='ltr'><strong>ducentos</strong></span> <span class='ocrx_word' id='word_1_258' title='bbox 968 2640 1057 2692; x_wconf 85' lang='lat' dir='ltr'><strong>vel</strong></span> <span class='ocrx_word' id='word_1_259' title='bbox 1101 2649 1365 2691; x_wconf 90' lang='lat' dir='ltr'><strong>centenos</strong></span> <span class='ocrx_word' id='word_1_260' title='bbox 1407 2658 1579 2691; x_wconf 90' lang='lat' dir='ltr'><strong>annos</strong></span> 
     </span>
     <span class='ocr_line' id='line_1_35' title="bbox 32 2709 1579 2780; baseline 0.003 -22"><span class='ocrx_word' id='word_1_261' title='bbox 32 2725 191 2760; x_wconf 91' lang='lat' dir='ltr'><strong>usum</strong></span> <span class='ocrx_word' id='word_1_262' title='bbox 214 2709 360 2762; x_wconf 89' lang='lat' dir='ltr'><strong>forte</strong></span> <span class='ocrx_word' id='word_1_263' title='bbox 393 2711 598 2762; x_wconf 86' lang='lat' dir='ltr'><strong>habere</strong></span> <span class='ocrx_word' id='word_1_264' title='bbox 627 2720 881 2779; x_wconf 90' lang='lat' dir='ltr'><strong>poterant</strong></span> <span class='ocrx_word' id='word_1_265' title='bbox 913 2711 1173 2780; x_wconf 83' lang='lat' dir='ltr'><strong>aliquem,</strong></span> <span class='ocrx_word' id='word_1_266' title='bbox 1220 2728 1367 2762; x_wconf 92' lang='lat' dir='ltr'><strong>nunc</strong></span> <span class='ocrx_word' id='word_1_267' title='bbox 1395 2722 1579 2763; x_wconf 90' lang='lat' dir='ltr'><strong>autem</strong></span> 
     </span>
     <span class='ocr_line' id='line_1_36' title="bbox 35 2781 1578 2849; baseline 0.003 -20"><span class='ocrx_word' id='word_1_268' title='bbox 35 2788 126 2829; x_wconf 87' lang='lat' dir='ltr'><strong>aut</strong></span> <span class='ocrx_word' id='word_1_269' title='bbox 166 2782 394 2832; x_wconf 92' lang='lat' dir='ltr'><strong>omnino</strong></span> <span class='ocrx_word' id='word_1_270' title='bbox 423 2781 630 2833; x_wconf 92' lang='lat' dir='ltr'><strong>habent</strong></span> <span class='ocrx_word' id='word_1_271' title='bbox 668 2781 907 2847; x_wconf 93' lang='lat' dir='ltr'><strong>nullum,</strong></span> <span class='ocrx_word' id='word_1_272' title='bbox 953 2792 1044 2833; x_wconf 84' lang='lat' dir='ltr'><strong>aut</strong></span> <span class='ocrx_word' id='word_1_273' title='bbox 1078 2782 1273 2832; x_wconf 91' lang='lat' dir='ltr'><strong>saltem</strong></span> <span class='ocrx_word' id='word_1_274' title='bbox 1311 2784 1578 2849; x_wconf 84' lang='lat' dir='ltr'><strong>exiguum,</strong></span> 
     </span>
     <span class='ocr_line' id='line_1_37' title="bbox 32 2852 1578 2922; baseline 0.003 -24"><span class='ocrx_word' id='word_1_275' title='bbox 32 2852 224 2917; x_wconf 90' lang='lat' dir='ltr'><strong>spretis</strong></span> <span class='ocrx_word' id='word_1_276' title='bbox 251 2869 310 2902; x_wconf 94' lang='lat' dir='ltr'><strong>ac</strong></span> <span class='ocrx_word' id='word_1_277' title='bbox 337 2853 574 2917; x_wconf 80' lang='lat' dir='ltr'><strong>reiectiS,</strong></span> <span class='ocrx_word' id='word_1_278' title='bbox 610 2852 890 2904; x_wconf 89' lang='lat' dir='ltr'><strong>utilissima</strong></span> <span class='ocrx_word' id='word_1_279' title='bbox 923 2869 1175 2922; x_wconf 89' lang='lat' dir='ltr'><strong>quaeque</strong></span> <span class='ocrx_word' id='word_1_280' title='bbox 1210 2861 1263 2902; x_wconf 91' lang='lat' dir='ltr'><strong>et</strong></span> <span class='ocrx_word' id='word_1_281' title='bbox 1289 2855 1496 2921; x_wconf 92' lang='lat' dir='ltr'><strong>optima</strong></span> <span class='ocrx_word' id='word_1_282' title='bbox 1523 2855 1578 2903; x_wconf 92' lang='lat' dir='ltr'><strong>in</strong></span> 
     </span>
     <span class='ocr_line' id='line_1_38' title="bbox 31 2921 1578 2991; baseline 0.003 -22"><span class='ocrx_word' id='word_1_283' title='bbox 31 2936 145 2970; x_wconf 91' lang='lat' dir='ltr'><strong>uno</strong></span> <span class='ocrx_word' id='word_1_284' title='bbox 169 2921 309 2972; x_wconf 91' lang='lat' dir='ltr'><strong>libro</strong></span> <span class='ocrx_word' id='word_1_285' title='bbox 334 2923 731 2991; x_wconf 83' lang='lat' dir='ltr'><strong>comprehensa</strong></span> <span class='ocrx_word' id='word_1_286' title='bbox 756 2923 1068 2977; x_wconf 81' lang='lat' dir='ltr'><strong>habeamus,</strong></span> <span class='ocrx_word' id='word_1_287' title='bbox 1118 2922 1230 2974; x_wconf 89' lang='lat' dir='ltr'><strong>Nisi</strong></span> <span class='ocrx_word' id='word_1_288' title='bbox 1259 2925 1408 2974; x_wconf 89' lang='lat' dir='ltr'><strong>enim</strong></span> <span class='ocrx_word' id='word_1_289' title='bbox 1435 2924 1578 2974; x_wconf 85' lang='lat' dir='ltr'><strong>litte-</strong></span> 
     </span>
    </p>
   </div>
   <div class='ocr_carea' id='block_1_3' title="bbox 30 2993 1576 3113">
    <p class='ocr_par' dir='ltr' id='par_1_3' title="bbox 30 2993 1576 3113">
     <span class='ocr_line' id='line_1_39' title="bbox 30 2993 1576 3113; baseline 0.003 -74"><span class='ocrx_word' id='word_1_290' title='bbox 30 3006 216 3041; x_wconf 86' lang='lat' dir='ltr'><strong>rarum</strong></span> <span class='ocrx_word' id='word_1_291' title='bbox 234 2994 577 3062; x_wconf 78' lang='lat' dir='ltr'><strong>antiquarum</strong></span> <span class='ocrx_word' id='word_1_292' title='bbox 596 2994 778 3046; x_wconf 91' lang='lat' dir='ltr'><strong>studio</strong></span> <span class='ocrx_word' id='word_1_293' title='bbox 806 2994 906 3045; x_wconf 92' lang='lat' dir='ltr'><strong>hac</strong></span> <span class='ocrx_word' id='word_1_294' title='bbox 930 3004 1021 3045; x_wconf 91' lang='lat' dir='ltr'><strong>aut</strong></span> <span class='ocrx_word' id='word_1_295' title='bbox 1048 2993 1226 3113; x_wconf 59' lang='lat' dir='ltr'><strong>similil</strong></span> <span class='ocrx_word' id='word_1_296' title='bbox 1245 2994 1342 3045; x_wconf 88' lang='lat' dir='ltr'><strong>alia</strong></span> <span class='ocrx_word' id='word_1_297' title='bbox 1366 2995 1576 3045; x_wconf 88' lang='lat' dir='ltr'><strong>ratione</strong></span> 
     </span>
     <span class='ocr_line' id='line_1_40' title="bbox 1263 3071 1292 3101; baseline 0 -7"><span class='ocrx_word' id='word_1_298' title='bbox 1263 3071 1292 3101; x_wconf 62' lang='grc' dir='ltr'><strong>ιιι</strong></span> 
     </span>
    </p>
   </div>
  </div>
 </body>
</html>
