1768 3320
305 185 798 257 GEO‘RGI'coN
832 202 974 253 ΜΒ.
1004 202 1054 265 1,
1090 205 1321 255 74—83
1472 212 1575 260 299

1 289 15 295 γ’
53 332 165 384 Sed
187 341 371 384 tamen
390 329 606 381 alternis
622 327 789 380 facilis
807 328 986 380 labor:
1023 328 1169 379 arida
1190 337 1403 381 tantum

49 407 133 455 Ne
160 411 396 453 saturare
418 399 555 451 fimo
578 400 764 468 pingui
785 399 989 467 pudeat
1007 399 1143 464 sola,
1180 415 1324 450 neve

49 470 262 534 Effetos
286 473 528 522 cinerem
557 469 888 521 inmundum
911 470 1104 520 iactare
1123 487 1229 537 per
1248 486 1416 536 agros,

52 543 141 593 Sic
158 559 381 611 quoque
398 542 616 592 mutatis
631 541 981 609 requiescunt
999 539 1200 591 fetibus
1224 557 1367 604 arva3

0 677 6 684 ,
49 617 164 666 Nec
184 611 329 674 nulla
345 613 552 664 interea
574 621 654 663 est
672 612 905 662 inaratae
922 612 1087 677 gratia
1104 619 1295 664 terrae.

122 711 204 759 80.
240 721 399 770 som3

1510 409 1577 454 80

97 835 373 872 79'8ententiae
402 834 595 882 implicitae
622 848 663 870 ac
688 834 893 882 perplexae.
940 836 994 869 Io.
1011 833 1200 869 Schrader.
1229 845 1416 869 occurrere
1433 833 1580 868 volebat

49 882 331 928 transpositione
348 895 528 917 versuum:
550 882 608 918 82.
629 883 686 919 83.
704 883 763 918 79.
782 883 840 919 80.
859 883 918 919 81.
968 883 1122 928 (Santen.
1142 882 1189 916 ad
1206 881 1412 916 Terenfian.
1430 894 1482 916 vs.
1497 879 1579 918 754»

33 941 119 975 *pro
142 931 220 964 Sed
238 939 361 965 tamen
380 930 419 965 h.
438 929 463 964 1.
474 930 663 976 legendum
672 936 775 975 putat
791 932 842 963 Et
853 938 988 963 tamen.
1011 930 1095 963 Non
1107 929 1198 963 adeo
1216 929 1377 963 difficilia
1390 929 1479 963 haec
1495 928 1580 962 viris

51 976 168 1011 doctis
185 977 262 1012 visa
281 984 412 1020 essent,
434 977 477 1019 si,
502 977 599 1023 quod
618 977 753 1023 negligi
770 988 842 1010 non
857 977 1014 1011 debebat
1025 1003 1034 1018 ,
1059 975 1296 1011 attendissent
1313 977 1359 1010 ad
1372 976 1442 1010 vim
1463 976 1581 1022 parti-

51 1023 152 1059 culae
170 1026 266 1060 enim
283 1038 335 1060 vs.
355 1026 415 1062 77.
435 1025 530 1058 idem
547 1025 644 1067 fere,
669 1024 767 1070 qnod
786 1024 933 1071 quidem
951 1023 1199 1070 significantis5
1221 1024 1293 1058 vid.
1311 1023 1426 1057 Beier.
1446 1023 1491 1057 ad
1508 1023 1580 1058 Cic.

52 1070 155 1106 offic.
174 1073 203 1116 1,
227 1073 288 1116 39,
311 1073 391 1110 139.
420 1079 457 1106 et
485 1073 544 1115 111,
573 1073 629 1114 13,
654 1072 713 1108 57.
760 1072 883 1116 Itaque
911 1070 982 1106 hoc
1008 1071 1098 1105 dicit
1119 1078 1250 1118 poeta:
1296 1070 1412 1113 „Urit
1438 1070 1582 1116 quidem

51 1117 184 1162 linum,
207 1132 336 1163 avena,
358 1131 534 1165 papaver:
559 1119 642 1161 sed,
663 1118 694 1152 si
713 1118 849 1152 alterna
865 1130 962 1152 seres
975 1145 985 1162 ,
1011 1125 1132 1153 tamen
1147 1118 1263 1153 facilis
1283 1118 1350 1152 erit
1368 1118 1445 1163 agri
1462 1117 1579 1151 labor.

51 1166 186 1210 Modo,
216 1167 354 1201 alterna
374 1178 513 1209 serens,
548 1166 778 1200 stercorando
802 1178 922 1211 agrum
944 1166 1051 1200 refice
1078 1179 1119 1200 ac
1137 1178 1280 1200 recrea:
1313 1165 1364 1199 sie
1384 1165 1472 1198 illud
1498 1165 1581 1198 effi—

52 1212 184 1257 cietur,
216 1221 257 1248 ut
284 1226 390 1260 ager,
422 1213 508 1248 licet
533 1225 606 1248 non
633 1213 846 1255 cessaverit,
878 1221 995 1248 tamen
1016 1213 1260 1268 requiescat.“
1307 1212 1373 1246 His
1394 1213 1583 1246 concinunt

51 1260 268 1296 Col-:mellae
297 1261 407 1295 verba
424 1263 467 1303 11,
489 1264 547 1304 10,
567 1262 640 1298 1⁴7.:
675 1260 835 1304 „Linum
861 1279 908 1287 -
932 1280 978 1286 ——
1006 1273 1101 1305 agris
1126 1261 1319 1306 praecipue
1345 1259 1487 1293 noxium
1515 1266 1580 1293 est.

51 1309 177 1354 Itaque
204 1307 565 1355 pinguissimum
595 1308 712 1342 locum
742 1315 776 1341 et
800 1307 940 1341 modice
966 1308 1146 1341 humidum
1164 1308 1292 1353 poscit.
1301 1310 1324 1326 “
1350 1314 1388 1341 et
1404 1308 1447 1349 11,
1470 1306 1527 1349 14,
1545 1308 1580 1343 3.

52 1355 98 1390 ab
116 1356 259 1401 Heynio
277 1356 314 1390 in
325 1357 412 1390 Not.
426 1356 521 1390 laud.
570 1356 733 1389 Ceterum
756 1354 876 1388 adiuvi
891 1355 1226 1402 interpretationem
1246 1368 1266 1389 a
1285 1366 1342 1388 me
1359 1354 1582 1400 propositam

52 1409 187 1437 mutata
201 1402 487 1450 interpunctione
506 1402 701 1448 Heyniana.
731 1402 826 1446 Wr.)
856 1421 859 1424 <
923 1404 972 1439 80
993 1402 1074 1437 Nec
1088 1402 1253 1436 Parthas.
1270 1403 1377 1436 Voss.
1397 1402 1508 1435 Goth.
1526 1413 1581 1446 pr.

52 1451 97 1486 81
123 1450 183 1484 vel
207 1450 377 1496 Effossos
399 1450 535 1484 zulich.
584 1449 747 1495 Effectus
773 1447 920 1483 vratisl.
949 1457 986 1483 et
1007 1449 1116 1484 Goth.
1144 1462 1219 1495 pr.,
1245 1449 1384 1484 Nonius
1413 1448 1451 1482 in
1477 1450 1581 1490 cinis,

54 1496 159 1531 etiam
182 1498 382 1539 Romanus3
415 1496 658 1532 abes-rationes
684 1496 922 1531 librariorum.
958 1498 1053 1531 conf.
1083 1497 1147 1530 inf.
1165 1498 1198 1530 ΙΙ
1206 1524 1216 1539 ,
1243 1495 1326 1532 417.
1374 1496 1584 1530 immundo-5

52 1545 195 1590 Menag.
213 1543 317 1578 alter.
412 1546 459 1582 82
484 1546 694 1591 requiescat
711 1545 803 1578 Ven.
851 1545 1082 1590 requiescent
1100 1545 1203 1578 Rom.
1223 1551 1258 1577 et
1277 1544 1334 1577 ed.
1345 1544 1438 1577 Ven.
1458 1542 1580 1576 Heius.

54 1591 267 1626 emendabat
293 1593 544 1638 requiescant:
583 1590 680 1638 quod
708 1590 862 1624 alienum
893 1597 960 1625 est.
999 1590 1151 1639 fecibus
1176 1603 1276 1625 error
1300 1591 1426 1636 fragm.
1452 1591 1580 1624 Moret.

112 1699 330 1741 79—83.
359 1698 583 1747 Quaeritur
613 1697 663 1737 de
693 1698 789 1736 iun-

54 1763 175 1796 ctura
204 1757 527 1796 sententiarum:
565 1750 698 1795 sintne
736 1755 790 1794 ad

54 1814 265 1869 superiora
281 1815 376 1854 inde
388 1829 479 1854 ανδ.
490 1818 545 1858 73
564 1814 788 1864 reserenda,

54 1887 108 1912 an
131 1873 318 1925 proxime
335 1873 388 1912 ad
409 1874 514 1912 solos
534 1887 614 1912 vsS.
638 1876 707 1915 77.
721 1875 789 1915 78.

55 1932 98 1971 Si
116 1931 170 1970 ad
189 1932 378 1984 proxima
389 1933 529 1981 refers,
551 1945 690 1970 sensus
710 1936 790 1969 est:

54 1996 227 2044 possunt
253 1996 410 2041 tamen,
448 1990 527 2040 ait,
568 1990 690 2029 etiam
704 1988 786 2039 illa,

55 2048 247 2088 nimirum
268 2049 372 2098 lina,
404 2055 446 2087 et
474 2061 624 2087 avenae
651 2054 693 2086 et
711 2061 788 2100 pa-

55 2119 220 2159 pavera,
251 2107 419 2146 alternis
438 2106 553 2145 annis
572 2112 684 2146 recte
696 2105 787 2155 seri,

54 2164 179 2204 modo
226 2166 323 2204 satis
359 2165 651 2203 stercoratione
696 2176 789 2216 ager

54 2221 276 2262 reficiatur.
342 2223 395 2261 Et
431 2223 501 2262 hic
539 2228 601 2260 est
637 2235 789 2271 sensuS,

56 2293 179 2333 quem
212 2281 411 2320 naturalis
444 2281 666 2320 verborum
692 2280 790 2318 iun-

56 2344 175 2378 ctura
202 2339 459 2392 suppeditat,
490 2338 791 2378 etColumellae

55 2396 169 2436 locus
187 2397 236 2447 II,
261 2397 314 2439 14
336 2395 442 2452 (13),
458 2400 484 2439 3
507 2397 656 2436 firmat.
688 2394 790 2450 (vid.

55 2454 105 2494 V.
122 2455 166 2494 L.
200 2454 272 2495 W
264 2454 313 2510 r.)
374 2455 444 2493 Sin
474 2456 588 2508 prius
603 2471 618 2505 :>
651 2454 792 2493 dicen-

58 2512 158 2551 dum
175 2519 259 2563 est,
289 2527 450 2552 sensum
471 2526 572 2552 esse:
611 2519 793 2552 attamen

58 2571 155 2609 satis
174 2578 255 2621 est,
285 2578 439 2610 terram
458 2572 620 2611 alternis
636 2571 793 2610 vicibus

59 2636 248 2679 cessare,
298 2629 520 2668 dummodo
560 2643 654 2682 ager
688 2629 792 2668 bene

59 2692 309 2726 stercoretur
329 2703 340 2738 3
379 2688 534 2726 etiamsi
565 2688 674 2727 enim
698 2700 791 2739 ager

59 2743 179 2797 plane
210 2758 296 2783 non
333 2752 479 2795 cesset,
528 2746 614 2784 aliis
653 2752 807 2786 autem?

59 2802 217 2840 interea
242 2802 424 2854 frugibus
457 2803 632 2842 ferendis
670 2817 791 2842 exer-

62 2866 203 2898 ceatur
221 2889 232 2910 ,
278 2865 331 2898 ut
355 2860 625 2913 leguminibus
654 2874 714 2901 vs·
734 2859 791 2904 74

61 2931 160 2970 sqq„
190 2917 314 2956 modo
344 2923 483 2958 tamen
510 2919 794 2959 stercorationi

60 2975 229 3029 largiter
252 2974 483 3027 indulgeas,
523 2990 615 3030 ager
639 2978 707 3017 vel
737 2977 795 3015 sic

845 1698 1095 1750 requiescere
1122 1697 1258 1750 aliquo
1298 1697 1421 1736 modo
1451 1697 1582 1737 videri

847 1763 1004 1810 potest3
1043 1756 1142 1796 fimo
1172 1756 1279 1795 enim
1307 1770 1436 1795 novas
1460 1756 1580 1802 vires,

846 1829 977 1854 novos
1013 1816 1133 1865 sales,
1171 1814 1340 1867 recipit,
1378 1820 1497 1865 atque
1514 1814 1582 1852 in-

846 1880 960 1912 terea
989 1873 1110 1912 etiam
1144 1873 1364 1912 utilitatem
1391 1872 1581 1924 aliquam,

849 1945 895 1970 ea
928 1931 1034 1970 enim
1075 1938 1137 1970 est
1167 1934 1309 1983 gratia
1331 1962 1341 1982 ‚
1394 1944 1446 1969 ex
1486 1945 1581 1983 agro

844 1989 1071 2043 percepisti.
1130 1990 1306 2030 Inseruit
1334 2003 1479 2029 versus
1513 1992 1539 2031 7
1543 1991 1581 2030 7.

846 2050 903 2090 78
922 2048 1003 2087 suis
1020 2048 1155 2087 verbis
1171 2048 1393 2087 Columella
1402 2048 1451 2097 11,
1465 2045 1531 2096 14,
1542 2049 1581 2088 3.

845 2112 936 2144 tum
955 2107 1107 2159 pergit:
1127 2107 1210 2144 Sed
1223 2108 1334 2145 omni
1352 2107 1453 2154 solo,
1476 2105 1587 2158 quod

840 2164 1144 2215 praedic-lorum
1166 2165 1419 2217 leguminum
1441 2161 1501 2217 (in
1519 2162 1583 2201 his

847 2222 969 2260 etiam
1002 2223 1133 2261 linum
1165 2220 1489 2275 memoraverat)
1517 2236 1583 2259 se-

845 2279 1006 2332 getibus
1031 2281 1200 2333 fatiscit
1213 2311 1225 2331 ,
1271 2296 1356 2319 una
1390 2294 1583 2332 praesens

849 2338 1051 2377 medicina
1078 2347 1158 2388 est,
1201 2347 1246 2377 ut
1263 2347 1429 2377 stercore
1458 2337 1583 2376 adiu-

849 2411 918 2435 ves
930 2426 942 2445 ,
976 2405 1014 2434 et
1031 2396 1240 2435 absumlas
1258 2399 1362 2436 vires
1380 2397 1457 2435 hoc
1475 2396 1585 2434 velut

844 2453 1004 2506 pabulo
1027 2455 1223 2507 rejbveaS.
1242 2477 1302 2484 -·
1337 2457 1408 2497 79.
1430 2454 1583 2506 facilis

851 2511 984 2563 labor,
1014 2527 1045 2552 s.
1072 2512 1198 2565 ipsius
1230 2512 1336 2565 agri,
1372 2518 1423 2551 ut
1454 2512 1491 2550 ei
1506 2512 1583 2550 tri-

849 2570 1004 2610 buatm-
1043 2571 1162 2610 labor
1184 2601 1196 2621 ,
1240 2570 1584 2623 quemadmodum

847 2629 1006 2681 fatigari
1026 2659 1038 2678 ,
1098 2629 1330 2668 defetiscere
1348 2659 1359 2679 ‚
1406 2627 1583 2667 recreari

847 2687 915 2725 ille
945 2687 1114 2737 dicitur,
1154 2702 1185 2726 s.
1212 2687 1409 2740 agricolae
1425 2686 1470 2725 in
1488 2699 1582 2738 agro

849 2745 1019 2784 colendo
1039 2776 1049 2795 ‚
1081 2745 1116 2783 si
1154 2746 1319 2784 alternis
1346 2745 1412 2783 ille
1438 2749 1583 2792 cessat;

847 2802 930 2842 hoc
967 2803 1144 2854 facilius,
1173 2803 1277 2843 illud
1311 2802 1495 2841 doctius:
1533 2805 1583 2839 ut

848 2861 920 2900 inf.
942 2862 1024 2905 150
1053 2876 1149 2900 mox
1180 2870 1218 2899 et
1230 2861 1454 2914 smmenlis
1470 2858 1585 2896 labor

850 2919 1027 2958 additus.
1061 2917 1136 2973 (-
1165 2921 1234 2961 83.
1266 2918 1473 2957 Sententia
1502 2915 1582 2954 ho—

850 2991 945 3016 rum
967 2977 1189 3016 verborum
1214 2976 1315 3014 haec
1348 2980 1427 3013 est:
1467 2979 1509 3012 et
1526 2972 1583 3011 sic
