<?xml version="1.0" encoding="UTF-8"?>
<!DOCTYPE html PUBLIC "-//W3C//DTD XHTML 1.0 Transitional//EN"
    "http://www.w3.org/TR/xhtml1/DTD/xhtml1-transitional.dtd">
<html xmlns="http://www.w3.org/1999/xhtml" xml:lang="en" lang="en">
 <head>
  <title>
</title>
<meta http-equiv="Content-Type" content="text/html;charset=utf-8" />
  <meta name='ocr-system' content='tesseract 3.04.00' />
  <meta name='ocr-capabilities' content='ocr_page ocr_carea ocr_par ocr_line ocrx_word'/>
</head>
<body>
  <div class='ocr_page' id='page_1' title='image "./publiusvirgilius01virguoft/publiusvirgilius01virguoft_0523.png"; bbox 0 0 1734 3320; ppageno 0'>
   <div class='ocr_carea' id='block_1_1' title="bbox 329 175 1412 239">
    <p class='ocr_par' dir='ltr' id='par_1_1' title="bbox 329 175 1412 239">
     <span class='ocr_line' id='line_1_1' title="bbox 329 175 1412 239; baseline 0.001 -8"><span class='ocrx_word' id='word_1_1' title='bbox 329 175 821 238; x_wconf 68' lang='lat' dir='ltr'>GEDRGICON</span> <span class='ocrx_word' id='word_1_2' title='bbox 856 176 997 228; x_wconf 92' lang='lat' dir='ltr'>LIB.</span> <span class='ocrx_word' id='word_1_3' title='bbox 1029 177 1077 239; x_wconf 92' lang='grc' dir='ltr'>Ι,</span> <span class='ocrx_word' id='word_1_4' title='bbox 1115 180 1412 232; x_wconf 83' lang='grc'><strong>343-354</strong></span> 
     </span>
    </p>
   </div>
   <div class='ocr_carea' id='block_1_2' title="bbox 1481 154 1633 235">
    <p class='ocr_par' dir='ltr' id='par_1_2' title="bbox 1481 154 1633 235">
     <span class='ocr_line' id='line_1_2' title="bbox 1481 154 1633 235; baseline 0.007 -1"><span class='ocrx_word' id='word_1_5' title='bbox 1481 154 1633 235; x_wconf 52' lang='grc'>355</span> 
     </span>
    </p>
   </div>
   <div class='ocr_carea' id='block_1_3' title="bbox 103 301 1598 512">
    <p class='ocr_par' dir='ltr' id='par_1_3' title="bbox 103 301 1598 512">
     <span class='ocr_line' id='line_1_3' title="bbox 104 301 1598 373; baseline 0.003 -16"><span class='ocrx_word' id='word_1_6' title='bbox 104 307 430 373; x_wconf 82' lang='lat' dir='ltr'>Aestusque‚</span> <span class='ocrx_word' id='word_1_7' title='bbox 467 303 806 371; x_wconf 83' lang='lat' dir='ltr'>pluviasque,</span> <span class='ocrx_word' id='word_1_8' title='bbox 834 311 899 353; x_wconf 63' lang='lat' dir='ltr'>‘et</span> <span class='ocrx_word' id='word_1_9' title='bbox 925 303 1127 368; x_wconf 85' lang='lat' dir='ltr'>agentis</span> <span class='ocrx_word' id='word_1_10' title='bbox 1154 301 1354 369; x_wconf 82' lang='lat' dir='ltr'>frigora</span> <span class='ocrx_word' id='word_1_11' title='bbox 1383 318 1598 362; x_wconf 76' lang='lat' dir='ltr'>ventosz</span> 
     </span>
     <span class='ocr_line' id='line_1_4' title="bbox 103 373 1578 444; baseline 0.001 -17"><span class='ocrx_word' id='word_1_12' title='bbox 103 377 227 444; x_wconf 91' lang='lat' dir='ltr'>Ipse</span> <span class='ocrx_word' id='word_1_13' title='bbox 248 377 408 427; x_wconf 89' lang='lat' dir='ltr'>Pater</span> <span class='ocrx_word' id='word_1_14' title='bbox 429 374 634 438; x_wconf 84' lang='lat' dir='ltr'>statuit,</span> <span class='ocrx_word' id='word_1_15' title='bbox 672 373 805 440; x_wconf 88' lang='lat' dir='ltr'>quid</span> <span class='ocrx_word' id='word_1_16' title='bbox 826 383 1102 424; x_wconf 86' lang='lat' dir='ltr'>menstrua</span> <span class='ocrx_word' id='word_1_17' title='bbox 1125 376 1276 425; x_wconf 84' lang='lat' dir='ltr'>Luna</span> <span class='ocrx_word' id='word_1_18' title='bbox 1299 388 1578 441; x_wconf 71' lang='lat' dir='ltr'>moneretg</span> 
     </span>
     <span class='ocr_line' id='line_1_5' title="bbox 107 442 1529 512; baseline 0.001 -16"><span class='ocrx_word' id='word_1_19' title='bbox 107 449 230 510; x_wconf 84' lang='lat' dir='ltr'>Quo</span> <span class='ocrx_word' id='word_1_20' title='bbox 255 445 408 511; x_wconf 85' lang='lat' dir='ltr'>signo</span> <span class='ocrx_word' id='word_1_21' title='bbox 438 445 694 495; x_wconf 86' lang='lat' dir='ltr'>caderent</span> <span class='ocrx_word' id='word_1_22' title='bbox 716 444 903 506; x_wconf 85' lang='lat' dir='ltr'>austri;</span> <span class='ocrx_word' id='word_1_23' title='bbox 942 442 1075 512; x_wconf 82' lang='lat' dir='ltr'>quid</span> <span class='ocrx_word' id='word_1_24' title='bbox 1097 460 1258 512; x_wconf 81' lang='lat' dir='ltr'><strong>saepe</strong></span> <span class='ocrx_word' id='word_1_25' title='bbox 1283 446 1529 498; x_wconf 84' lang='lat' dir='ltr'>videntes</span> 
     </span>
    </p>
   </div>
   <div class='ocr_carea' id='block_1_4' title="bbox 67 561 1634 755">
    <p class='ocr_par' dir='ltr' id='par_1_4' title="bbox 67 561 1634 755">
     <span class='ocr_line' id='line_1_6' title="bbox 150 561 1634 611; baseline 0.001 -12"><span class='ocrx_word' id='word_1_26' title='bbox 150 564 222 600; x_wconf 80' lang='lat'>352</span> <span class='ocrx_word' id='word_1_27' title='bbox 244 562 303 598; x_wconf 83' lang='lat' dir='ltr'>Sic</span> <span class='ocrx_word' id='word_1_28' title='bbox 320 563 426 611; x_wconf 78' lang='lat' dir='ltr'>plane</span> <span class='ocrx_word' id='word_1_29' title='bbox 446 563 556 598; x_wconf 83' lang='lat' dir='ltr'>Goth.</span> <span class='ocrx_word' id='word_1_30' title='bbox 603 575 633 597; x_wconf 88' lang='lat' dir='ltr'>r.</span> <span class='ocrx_word' id='word_1_31' title='bbox 680 565 726 597; x_wconf 79' lang='lat' dir='ltr'>At</span> <span class='ocrx_word' id='word_1_32' title='bbox 743 565 884 597; x_wconf 78' lang='lat' dir='ltr'>Aestus</span> <span class='ocrx_word' id='word_1_33' title='bbox 900 569 937 596; x_wconf 79' lang='lat' dir='ltr'>et</span> <span class='ocrx_word' id='word_1_34' title='bbox 950 575 990 609; x_wconf 85' lang='lat' dir='ltr'>p.</span> <span class='ocrx_word' id='word_1_35' title='bbox 1010 570 1048 596; x_wconf 75' lang='lat' dir='ltr'>et</span> <span class='ocrx_word' id='word_1_36' title='bbox 1070 561 1178 596; x_wconf 88' lang='lat' dir='ltr'>Goth.</span> <span class='ocrx_word' id='word_1_37' title='bbox 1197 574 1270 597; x_wconf 85' lang='lat' dir='ltr'>sec.</span> <span class='ocrx_word' id='word_1_38' title='bbox 1287 575 1309 597; x_wconf 85' lang='lat' dir='ltr'>a</span> <span class='ocrx_word' id='word_1_39' title='bbox 1327 576 1372 599; x_wconf 89' lang='lat' dir='ltr'>m.</span> <span class='ocrx_word' id='word_1_40' title='bbox 1392 577 1446 611; x_wconf 84' lang='lat' dir='ltr'>pr.</span> <span class='ocrx_word' id='word_1_41' title='bbox 1493 569 1634 602; x_wconf 81' lang='lat' dir='ltr'>Aestus</span> 
     </span>
     <span class='ocr_line' id='line_1_7' title="bbox 103 609 1631 667; baseline 0.002 -22"><span class='ocrx_word' id='word_1_42' title='bbox 103 619 150 666; x_wconf 53' lang='lat' dir='ltr'>et·</span> <span class='ocrx_word' id='word_1_43' title='bbox 154 610 210 658; x_wconf 82' lang='lat' dir='ltr'>pl.</span> <span class='ocrx_word' id='word_1_44' title='bbox 229 611 354 646; x_wconf 76' lang='lat' dir='ltr'>Frane.</span> <span class='ocrx_word' id='word_1_45' title='bbox 378 610 600 666; x_wconf 41' lang='lat' dir='ltr'>‹aL-Medio..</span> <span class='ocrx_word' id='word_1_46' title='bbox 648 613 860 656; x_wconf 74' lang='lat' dir='ltr'>Aestasque</span> <span class='ocrx_word' id='word_1_47' title='bbox 880 617 918 643; x_wconf 77' lang='lat' dir='ltr'>et</span> <span class='ocrx_word' id='word_1_48' title='bbox 940 609 997 643; x_wconf 86' lang='lat' dir='ltr'>ed.</span> <span class='ocrx_word' id='word_1_49' title='bbox 1014 610 1106 644; x_wconf 80' lang='lat' dir='ltr'>ven.</span> <span class='ocrx_word' id='word_1_50' title='bbox 1134 616 1170 664; x_wconf 68' lang='lat' dir='ltr'>et</span> <span class='ocrx_word' id='word_1_51' title='bbox 1189 609 1319 644; x_wconf 86' lang='lat' dir='ltr'><strong>Medic.</strong></span> <span class='ocrx_word' id='word_1_52' title='bbox 1331 637 1358 667; x_wconf 36' lang='grc' dir='ltr'>,Ο</span> <span class='ocrx_word' id='word_1_53' title='bbox 1374 611 1508 647; x_wconf 88' lang='lat' dir='ltr'>inserto</span> <span class='ocrx_word' id='word_1_54' title='bbox 1532 622 1569 647; x_wconf 76' lang='lat' dir='ltr'>ec</span> <span class='ocrx_word' id='word_1_55' title='bbox 1587 614 1631 648; x_wconf 91' lang='lat' dir='ltr'>ab</span> 
     </span>
     <span class='ocr_line' id='line_1_8' title="bbox 67 657 1633 755; baseline -0.003 -15"><span class='ocrx_word' id='word_1_56' title='bbox 67 691 70 695; x_wconf 85' lang='grc'><strong>’</strong></span> <span class='ocrx_word' id='word_1_57' title='bbox 99 657 1088 752; x_wconf 40' lang='lat' dir='ltr'>&gt;333⁰⁰&lt;AEZ2‘32‘32525¹1¹35u32323⁰22¹2ss¹223233532</span> <span class='ocrx_word' id='word_1_58' title='bbox 1095 657 1633 755; x_wconf 59' lang='lat' dir='ltr'>3&#39;32‘232·1ff.d‘}{3”¹5}¹.‘.¹)⁰⁸.}{23</span> 
     </span>
    </p>
   </div>
   <div class='ocr_carea' id='block_1_5' title="bbox 74 751 795 834">
    <p class='ocr_par' dir='ltr' id='par_1_5' title="bbox 74 751 795 834">
     <span class='ocr_line' id='line_1_9' title="bbox 104 751 795 833; baseline -0.004 -46"><span class='ocrx_word' id='word_1_59' title='bbox 104 751 350 833; x_wconf 50' lang='lat' dir='ltr'>tzaaxfidgura</span> <span class='ocrx_word' id='word_1_60' title='bbox 364 754 488 786; x_wconf 81' lang='lat' dir='ltr'>Franc.</span> <span class='ocrx_word' id='word_1_61' title='bbox 511 759 546 786; x_wconf 87' lang='lat' dir='ltr'>et</span> <span class='ocrx_word' id='word_1_62' title='bbox 572 753 628 786; x_wconf 87' lang='lat' dir='ltr'>ed.</span> <span class='ocrx_word' id='word_1_63' title='bbox 649 751 795 786; x_wconf 83' lang='lat' dir='ltr'>Mediol.</span> 
     </span>
     <span class='ocr_line' id='line_1_10' title="bbox 74 811 124 834; baseline 0 0"><span class='ocrx_word' id='word_1_64' title='bbox 74 824 78 827; x_wconf 88' lang='lat'><em>-</em></span> <span class='ocrx_word' id='word_1_65' title='bbox 105 811 124 834; x_wconf 80' lang='lat' dir='ltr'>e</span> 
     </span>
    </p>
   </div>
   <div class='ocr_carea' id='block_1_6' title="bbox 898 752 1631 789">
    <p class='ocr_par' dir='ltr' id='par_1_6' title="bbox 898 752 1631 789">
     <span class='ocr_line' id='line_1_11' title="bbox 898 752 1631 789; baseline 0.001 -2"><span class='ocrx_word' id='word_1_66' title='bbox 898 752 969 788; x_wconf 83' lang='lat'>353</span> <span class='ocrx_word' id='word_1_67' title='bbox 993 760 1157 786; x_wconf 77' lang='lat' dir='ltr'>moveret</span> <span class='ocrx_word' id='word_1_68' title='bbox 1177 753 1302 787; x_wconf 88' lang='lat' dir='ltr'>Frauc.</span> <span class='ocrx_word' id='word_1_69' title='bbox 1322 754 1488 788; x_wconf 84' lang='lat' dir='ltr'>Parrhas.</span> <span class='ocrx_word' id='word_1_70' title='bbox 1512 755 1631 789; x_wconf 87' lang='lat' dir='ltr'>Mead.</span> 
     </span>
    </p>
   </div>
   <div class='ocr_carea' id='block_1_7' title="bbox 195 798 1631 845">
    <p class='ocr_par' dir='ltr' id='par_1_7' title="bbox 195 798 1631 845">
     <span class='ocr_line' id='line_1_12' title="bbox 195 798 1631 845; baseline 0.001 -11"><span class='ocrx_word' id='word_1_71' title='bbox 195 824 224 842; x_wconf 89' lang='lat'>.,</span> <span class='ocrx_word' id='word_1_72' title='bbox 250 799 357 834; x_wconf 81' lang='lat' dir='ltr'>etiam</span> <span class='ocrx_word' id='word_1_73' title='bbox 377 800 480 841; x_wconf 80' lang='lat' dir='ltr'>edd.‚</span> <span class='ocrx_word' id='word_1_74' title='bbox 510 799 648 845; x_wconf 83' lang='lat' dir='ltr'>vulgari</span> <span class='ocrx_word' id='word_1_75' title='bbox 666 798 879 840; x_wconf 82' lang='lat' dir='ltr'>variatione3</span> <span class='ocrx_word' id='word_1_76' title='bbox 914 799 958 832; x_wconf 89' lang='lat' dir='ltr'>de</span> <span class='ocrx_word' id='word_1_77' title='bbox 977 811 1046 844; x_wconf 78' lang='lat' dir='ltr'>qua</span> <span class='ocrx_word' id='word_1_78' title='bbox 1070 799 1171 834; x_wconf 77' lang='lat' dir='ltr'>mul-:i</span> <span class='ocrx_word' id='word_1_79' title='bbox 1189 811 1377 843; x_wconf 82' lang='lat' dir='ltr'>monuere,</span> <span class='ocrx_word' id='word_1_80' title='bbox 1409 809 1447 835; x_wconf 90' lang='lat' dir='ltr'>ut</span> <span class='ocrx_word' id='word_1_81' title='bbox 1474 802 1519 835; x_wconf 89' lang='lat' dir='ltr'>ad</span> <span class='ocrx_word' id='word_1_82' title='bbox 1539 803 1631 836; x_wconf 90' lang='lat' dir='ltr'>Pro—</span> 
     </span>
    </p>
   </div>
   <div class='ocr_carea' id='block_1_8' title="bbox 103 846 1632 893">
    <p class='ocr_par' dir='ltr' id='par_1_8' title="bbox 103 846 1632 893">
     <span class='ocr_line' id='line_1_13' title="bbox 103 846 1632 893; baseline 0.002 -13"><span class='ocrx_word' id='word_1_83' title='bbox 103 853 196 893; x_wconf 86' lang='lat' dir='ltr'>pert.</span> <span class='ocrx_word' id='word_1_84' title='bbox 215 847 277 890; x_wconf 87' lang='lat' dir='ltr'>IV,</span> <span class='ocrx_word' id='word_1_85' title='bbox 296 849 330 889; x_wconf 88' lang='lat'>1,</span> <span class='ocrx_word' id='word_1_86' title='bbox 353 849 431 883; x_wconf 88' lang='lat'>107.</span> <span class='ocrx_word' id='word_1_87' title='bbox 466 846 550 892; x_wconf 76' lang='lat' dir='ltr'>(vid.</span> <span class='ocrx_word' id='word_1_88' title='bbox 574 847 671 881; x_wconf 82' lang='lat' dir='ltr'>Cort.</span> <span class='ocrx_word' id='word_1_89' title='bbox 701 847 746 880; x_wconf 83' lang='lat' dir='ltr'>ad</span> <span class='ocrx_word' id='word_1_90' title='bbox 770 847 901 881; x_wconf 87' lang='lat' dir='ltr'>Lucan.</span> <span class='ocrx_word' id='word_1_91' title='bbox 921 847 948 888; x_wconf 90' lang='lat'>1,</span> <span class='ocrx_word' id='word_1_92' title='bbox 975 846 1056 882; x_wconf 82' lang='lat'>631.</span> <span class='ocrx_word' id='word_1_93' title='bbox 1086 847 1182 890; x_wconf 72' lang='lat' dir='ltr'>lVr.)</span> <span class='ocrx_word' id='word_1_94' title='bbox 1217 847 1281 881; x_wconf 86' lang='lat' dir='ltr'>sed</span> <span class='ocrx_word' id='word_1_95' title='bbox 1310 855 1431 892; x_wconf 85' lang='lat' dir='ltr'>potest</span> <span class='ocrx_word' id='word_1_96' title='bbox 1457 848 1492 883; x_wconf 90' lang='lat' dir='ltr'>h.</span> <span class='ocrx_word' id='word_1_97' title='bbox 1514 848 1538 882; x_wconf 93' lang='lat' dir='ltr'>l.</span> <span class='ocrx_word' id='word_1_98' title='bbox 1562 849 1632 883; x_wconf 91' lang='lat' dir='ltr'>de-</span> 
     </span>
    </p>
   </div>
   <div class='ocr_carea' id='block_1_9' title="bbox 101 893 214 928">
    <p class='ocr_par' dir='ltr' id='par_1_9' title="bbox 101 893 214 928">
     <span class='ocr_line' id='line_1_14' title="bbox 101 893 214 928; baseline 0 -1"><span class='ocrx_word' id='word_1_99' title='bbox 101 893 214 928; x_wconf 70' lang='lat' dir='ltr'>feudi.</span> 
     </span>
    </p>
   </div>
   <div class='ocr_carea' id='block_1_10' title="bbox 309 892 1631 941">
    <p class='ocr_par' dir='ltr' id='par_1_10' title="bbox 309 892 1631 941">
     <span class='ocr_line' id='line_1_15' title="bbox 309 892 1631 941; baseline 0 -11"><span class='ocrx_word' id='word_1_100' title='bbox 309 894 380 930; x_wconf 82' lang='lat'>354</span> <span class='ocrx_word' id='word_1_101' title='bbox 400 895 499 941; x_wconf 88' lang='lat' dir='ltr'>quod</span> <span class='ocrx_word' id='word_1_102' title='bbox 527 894 630 928; x_wconf 88' lang='lat' dir='ltr'>multi</span> <span class='ocrx_word' id='word_1_103' title='bbox 656 893 781 940; x_wconf 85' lang='lat' dir='ltr'>scripti</span> <span class='ocrx_word' id='word_1_104' title='bbox 806 901 843 928; x_wconf 89' lang='lat' dir='ltr'>et</span> <span class='ocrx_word' id='word_1_105' title='bbox 872 892 1035 938; x_wconf 87' lang='lat' dir='ltr'><strong>impressi</strong></span> <span class='ocrx_word' id='word_1_106' title='bbox 1055 894 1151 938; x_wconf 83' lang='lat' dir='ltr'>apud</span> <span class='ocrx_word' id='word_1_107' title='bbox 1166 894 1259 929; x_wconf 84' lang='lat' dir='ltr'>Pier.</span> <span class='ocrx_word' id='word_1_108' title='bbox 1280 896 1395 929; x_wconf 80' lang='lat' dir='ltr'>Burm.</span> <span class='ocrx_word' id='word_1_109' title='bbox 1423 902 1458 930; x_wconf 85' lang='lat' dir='ltr'>et</span> <span class='ocrx_word' id='word_1_110' title='bbox 1475 896 1631 937; x_wconf 64' lang='lat' dir='ltr'>Mai-tin„</span> 
     </span>
    </p>
   </div>
   <div class='ocr_carea' id='block_1_11' title="bbox 104 940 1631 1032">
    <p class='ocr_par' dir='ltr' id='par_1_11' title="bbox 104 940 1631 1032">
     <span class='ocr_line' id='line_1_16' title="bbox 105 940 1631 990; baseline 0.003 -16"><span class='ocrx_word' id='word_1_111' title='bbox 105 940 212 975; x_wconf 83' lang='lat' dir='ltr'>etiam</span> <span class='ocrx_word' id='word_1_112' title='bbox 230 941 338 976; x_wconf 86' lang='lat' dir='ltr'>Goth.</span> <span class='ocrx_word' id='word_1_113' title='bbox 358 953 412 987; x_wconf 88' lang='lat' dir='ltr'>pr.</span> <span class='ocrx_word' id='word_1_114' title='bbox 432 954 498 976; x_wconf 89' lang='lat' dir='ltr'>nec</span> <span class='ocrx_word' id='word_1_115' title='bbox 519 941 633 986; x_wconf 89' lang='lat' dir='ltr'>ipsum</span> <span class='ocrx_word' id='word_1_116' title='bbox 652 941 754 975; x_wconf 86' lang='lat' dir='ltr'>male.</span> <span class='ocrx_word' id='word_1_117' title='bbox 794 942 896 987; x_wconf 84' lang='lat' dir='ltr'>(quid</span> <span class='ocrx_word' id='word_1_118' title='bbox 913 953 988 975; x_wconf 88' lang='lat' dir='ltr'>cum</span> <span class='ocrx_word' id='word_1_119' title='bbox 1007 941 1258 975; x_wconf 86' lang='lat' dir='ltr'>vetustioribus</span> <span class='ocrx_word' id='word_1_120' title='bbox 1276 942 1478 987; x_wconf 78' lang='lat' dir='ltr'>Mediceus3</span> <span class='ocrx_word' id='word_1_121' title='bbox 1513 943 1631 990; x_wconf 78' lang='lat' dir='ltr'>idque,</span> 
     </span>
     <span class='ocr_line' id='line_1_17' title="bbox 104 988 1046 1032; baseline -0.001 -10"><span class='ocrx_word' id='word_1_122' title='bbox 104 1000 126 1022; x_wconf 82' lang='lat' dir='ltr'>a</span> <span class='ocrx_word' id='word_1_123' title='bbox 144 989 277 1023; x_wconf 70' lang='lat' dir='ltr'>Vossio</span> <span class='ocrx_word' id='word_1_124' title='bbox 299 988 498 1031; x_wconf 84' lang='lat' dir='ltr'>desertum,</span> <span class='ocrx_word' id='word_1_125' title='bbox 522 989 615 1022; x_wconf 86' lang='lat' dir='ltr'>bene</span> <span class='ocrx_word' id='word_1_126' title='bbox 636 988 798 1022; x_wconf 72' lang='lat' dir='ltr'>defendit</span> <span class='ocrx_word' id='word_1_127' title='bbox 814 988 912 1023; x_wconf 79' lang='lat' dir='ltr'>Jahn.</span> <span class='ocrx_word' id='word_1_128' title='bbox 950 990 1006 1023; x_wconf 91' lang='lat' dir='ltr'><em>W</em></span> <span class='ocrx_word' id='word_1_129' title='bbox 1001 988 1046 1032; x_wconf 89' lang='lat' dir='ltr'>r.)</span> 
     </span>
    </p>
   </div>
   <div class='ocr_carea' id='block_1_12' title="bbox 99 1095 840 3012">
    <p class='ocr_par' dir='ltr' id='par_1_12' title="bbox 100 1095 840 1484">
     <span class='ocr_line' id='line_1_18' title="bbox 104 1095 838 1149; baseline 0.001 -16"><span class='ocrx_word' id='word_1_130' title='bbox 104 1103 256 1147; x_wconf 83' lang='lat' dir='ltr'>oportet</span> <span class='ocrx_word' id='word_1_131' title='bbox 283 1109 342 1149; x_wconf 87' lang='lat' dir='ltr'>sq.</span> <span class='ocrx_word' id='word_1_132' title='bbox 410 1095 507 1138; x_wconf 83' lang='lat'>350.</span> <span class='ocrx_word' id='word_1_133' title='bbox 546 1096 602 1134; x_wconf 90' lang='lat' dir='ltr'>De</span> <span class='ocrx_word' id='word_1_134' title='bbox 627 1095 838 1134; x_wconf 82' lang='lat' dir='ltr'>incondita</span> 
     </span>
     <span class='ocr_line' id='line_1_19' title="bbox 103 1153 838 1206; baseline 0 -14"><span class='ocrx_word' id='word_1_135' title='bbox 103 1153 332 1204; x_wconf 77' lang='lat' dir='ltr'>saltatione,</span> <span class='ocrx_word' id='word_1_136' title='bbox 351 1167 432 1206; x_wconf 88' lang='lat' dir='ltr'>qua</span> <span class='ocrx_word' id='word_1_137' title='bbox 451 1154 629 1192; x_wconf 87' lang='lat' dir='ltr'>carmina</span> <span class='ocrx_word' id='word_1_138' title='bbox 645 1154 838 1193; x_wconf 87' lang='lat' dir='ltr'>messoria</span> 
     </span>
     <span class='ocr_line' id='line_1_20' title="bbox 100 1211 837 1265; baseline 0.001 -14"><span class='ocrx_word' id='word_1_139' title='bbox 100 1218 328 1265; x_wconf 69' lang='lat' dir='ltr'>canuntur,</span> <span class='ocrx_word' id='word_1_140' title='bbox 368 1218 418 1251; x_wconf 86' lang='lat' dir='ltr'>ut</span> <span class='ocrx_word' id='word_1_141' title='bbox 445 1211 495 1251; x_wconf 90' lang='lat' dir='ltr'>de</span> <span class='ocrx_word' id='word_1_142' title='bbox 522 1212 599 1251; x_wconf 85' lang='lat' dir='ltr'>alio</span> <span class='ocrx_word' id='word_1_143' title='bbox 622 1213 723 1251; x_wconf 87' lang='lat' dir='ltr'>sesto</span> <span class='ocrx_word' id='word_1_144' title='bbox 749 1226 837 1265; x_wconf 88' lang='lat' dir='ltr'>sup.</span> 
     </span>
     <span class='ocr_line' id='line_1_21' title="bbox 101 1270 838 1323; baseline 0 -14"><span class='ocrx_word' id='word_1_145' title='bbox 101 1270 186 1309; x_wconf 89' lang='lat' dir='ltr'>Ecl.</span> <span class='ocrx_word' id='word_1_146' title='bbox 227 1270 285 1320; x_wconf 90' lang='lat' dir='ltr'>V,</span> <span class='ocrx_word' id='word_1_147' title='bbox 326 1273 381 1313; x_wconf 83' lang='lat'>73</span> <span class='ocrx_word' id='word_1_148' title='bbox 434 1271 638 1309; x_wconf 74' lang='lat' dir='ltr'>Saltantes</span> <span class='ocrx_word' id='word_1_149' title='bbox 674 1271 838 1323; x_wconf 79' lang='lat' dir='ltr'>Satyros</span> 
     </span>
     <span class='ocr_line' id='line_1_22' title="bbox 101 1327 840 1380; baseline 0 -13"><span class='ocrx_word' id='word_1_150' title='bbox 101 1327 340 1369; x_wconf 75' lang='lat' dir='ltr'>imitabitur.</span> <span class='ocrx_word' id='word_1_151' title='bbox 410 1329 618 1380; x_wconf 79' lang='lat' dir='ltr'>Quernam</span> <span class='ocrx_word' id='word_1_152' title='bbox 649 1343 840 1367; x_wconf 77' lang='lat' dir='ltr'>coronam</span> 
     </span>
     <span class='ocr_line' id='line_1_23' title="bbox 100 1386 836 1440; baseline -0.001 -14"><span class='ocrx_word' id='word_1_153' title='bbox 100 1387 145 1426; x_wconf 92' lang='lat' dir='ltr'>in</span> <span class='ocrx_word' id='word_1_154' title='bbox 176 1386 413 1425; x_wconf 79' lang='lat' dir='ltr'>memoriam</span> <span class='ocrx_word' id='word_1_155' title='bbox 442 1387 576 1426; x_wconf 89' lang='lat' dir='ltr'>victus</span> <span class='ocrx_word' id='word_1_156' title='bbox 601 1387 747 1440; x_wconf 87' lang='lat' dir='ltr'>prioris</span> <span class='ocrx_word' id='word_1_157' title='bbox 766 1401 836 1439; x_wconf 85' lang='lat' dir='ltr'>ge-</span> 
     </span>
     <span class='ocr_line' id='line_1_24' title="bbox 102 1444 587 1484; baseline 0 -1"><span class='ocrx_word' id='word_1_158' title='bbox 102 1450 249 1484; x_wconf 83' lang='lat' dir='ltr'>statam</span> <span class='ocrx_word' id='word_1_159' title='bbox 268 1444 431 1484; x_wconf 77' lang='lat' dir='ltr'>Servius</span> <span class='ocrx_word' id='word_1_160' title='bbox 450 1445 587 1484; x_wconf 84' lang='lat' dir='ltr'>tradit.</span> 
     </span>
    </p>

    <p class='ocr_par' dir='ltr' id='par_1_13' title="bbox 99 1502 838 3012">
     <span class='ocr_line' id='line_1_25' title="bbox 161 1502 836 1555; baseline -0.004 -11"><span class='ocrx_word' id='word_1_161' title='bbox 161 1502 260 1547; x_wconf 83' lang='lat'>351.</span> <span class='ocrx_word' id='word_1_162' title='bbox 290 1503 401 1542; x_wconf 89' lang='lat' dir='ltr'>Haec</span> <span class='ocrx_word' id='word_1_163' title='bbox 428 1503 552 1555; x_wconf 87' lang='lat' dir='ltr'>igitur</span> <span class='ocrx_word' id='word_1_164' title='bbox 577 1502 731 1553; x_wconf 87' lang='lat' dir='ltr'>omnia,</span> <span class='ocrx_word' id='word_1_165' title='bbox 762 1502 836 1541; x_wconf 86' lang='lat' dir='ltr'>has</span> 
     </span>
     <span class='ocr_line' id='line_1_26' title="bbox 102 1561 835 1615; baseline 0.001 -16"><span class='ocrx_word' id='word_1_166' title='bbox 102 1567 388 1615; x_wconf 80' lang='lat' dir='ltr'>tempestatum</span> <span class='ocrx_word' id='word_1_167' title='bbox 407 1562 505 1600; x_wconf 88' lang='lat' dir='ltr'>caeli</span> <span class='ocrx_word' id='word_1_168' title='bbox 523 1567 564 1600; x_wconf 88' lang='lat' dir='ltr'>et</span> <span class='ocrx_word' id='word_1_169' title='bbox 584 1561 686 1600; x_wconf 84' lang='lat' dir='ltr'>aeris</span> <span class='ocrx_word' id='word_1_170' title='bbox 713 1561 835 1610; x_wconf 87' lang='lat' dir='ltr'>vices,</span> 
     </span>
     <span class='ocr_line' id='line_1_27' title="bbox 103 1619 835 1672; baseline 0 -14"><span class='ocrx_word' id='word_1_171' title='bbox 103 1619 154 1658; x_wconf 89' lang='lat' dir='ltr'>de</span> <span class='ocrx_word' id='word_1_172' title='bbox 189 1619 336 1671; x_wconf 85' lang='lat' dir='ltr'>quibus</span> <span class='ocrx_word' id='word_1_173' title='bbox 382 1619 518 1658; x_wconf 88' lang='lat' dir='ltr'>adhuc</span> <span class='ocrx_word' id='word_1_174' title='bbox 556 1620 635 1672; x_wconf 83' lang='lat' dir='ltr'>egit</span> <span class='ocrx_word' id='word_1_175' title='bbox 650 1650 661 1669; x_wconf 92' lang='lat'><em>‚</em></span> <span class='ocrx_word' id='word_1_176' title='bbox 709 1633 835 1672; x_wconf 89' lang='lat' dir='ltr'>porro</span> 
     </span>
     <span class='ocr_line' id='line_1_28' title="bbox 100 1677 838 1730; baseline 0 -14"><span class='ocrx_word' id='word_1_177' title='bbox 100 1691 293 1730; x_wconf 85' lang='lat' dir='ltr'>magnum</span> <span class='ocrx_word' id='word_1_178' title='bbox 331 1678 529 1727; x_wconf 83' lang='lat' dir='ltr'>calorem,</span> <span class='ocrx_word' id='word_1_179' title='bbox 575 1677 758 1730; x_wconf 84' lang='lat' dir='ltr'>pluviam</span> <span class='ocrx_word' id='word_1_180' title='bbox 796 1684 838 1717; x_wconf 90' lang='lat' dir='ltr'>et</span> 
     </span>
     <span class='ocr_line' id='line_1_29' title="bbox 100 1735 837 1789; baseline 0 -15"><span class='ocrx_word' id='word_1_181' title='bbox 100 1736 212 1789; x_wconf 87' lang='lat' dir='ltr'>gelu,</span> <span class='ocrx_word' id='word_1_182' title='bbox 243 1748 265 1774; x_wconf 91' lang='lat' dir='ltr'>e</span> <span class='ocrx_word' id='word_1_183' title='bbox 284 1736 406 1775; x_wconf 89' lang='lat' dir='ltr'>lunae</span> <span class='ocrx_word' id='word_1_184' title='bbox 433 1735 625 1789; x_wconf 85' lang='lat' dir='ltr'>phasibus</span> <span class='ocrx_word' id='word_1_185' title='bbox 647 1742 688 1774; x_wconf 88' lang='lat' dir='ltr'>et</span> <span class='ocrx_word' id='word_1_186' title='bbox 712 1736 837 1775; x_wconf 83' lang='lat' dir='ltr'>variis</span> 
     </span>
     <span class='ocr_line' id='line_1_30' title="bbox 100 1794 837 1847; baseline 0 -14"><span class='ocrx_word' id='word_1_187' title='bbox 100 1794 369 1847; x_wconf 84' lang='lat' dir='ltr'>prognosticis</span> <span class='ocrx_word' id='word_1_188' title='bbox 385 1825 395 1844; x_wconf 95' lang='lat'>,</span> <span class='ocrx_word' id='word_1_189' title='bbox 445 1808 548 1846; x_wconf 88' lang='lat' dir='ltr'>quae</span> <span class='ocrx_word' id='word_1_190' title='bbox 588 1795 837 1847; x_wconf 79' lang='lat' dir='ltr'>experientia</span> 
     </span>
     <span class='ocr_line' id='line_1_31' title="bbox 102 1852 838 1905; baseline 0 -14"><span class='ocrx_word' id='word_1_191' title='bbox 102 1852 255 1902; x_wconf 86' lang='lat' dir='ltr'>docuit,</span> <span class='ocrx_word' id='word_1_192' title='bbox 275 1852 508 1905; x_wconf 86' lang='lat' dir='ltr'>intelligunt</span> <span class='ocrx_word' id='word_1_193' title='bbox 529 1853 735 1905; x_wconf 83' lang='lat' dir='ltr'>agricolae.</span> <span class='ocrx_word' id='word_1_194' title='bbox 766 1853 838 1892; x_wconf 87' lang='lat' dir='ltr'>Est</span> 
     </span>
     <span class='ocr_line' id='line_1_32' title="bbox 99 1909 837 1964; baseline 0.001 -15"><span class='ocrx_word' id='word_1_195' title='bbox 99 1909 202 1949; x_wconf 85' lang='lat' dir='ltr'>haec</span> <span class='ocrx_word' id='word_1_196' title='bbox 214 1912 530 1964; x_wconf 84' lang='lat' dir='ltr'>meteorognosia</span> <span class='ocrx_word' id='word_1_197' title='bbox 544 1912 709 1951; x_wconf 84' lang='lat' dir='ltr'>rustica.</span> <span class='ocrx_word' id='word_1_198' title='bbox 727 1911 837 1950; x_wconf 88' lang='lat' dir='ltr'>Mul-</span> 
     </span>
     <span class='ocr_line' id='line_1_33' title="bbox 99 1968 835 2022; baseline 0.003 -15"><span class='ocrx_word' id='word_1_199' title='bbox 99 1975 146 2008; x_wconf 87' lang='lat' dir='ltr'>ta</span> <span class='ocrx_word' id='word_1_200' title='bbox 178 1969 221 2008; x_wconf 90' lang='lat' dir='ltr'>in</span> <span class='ocrx_word' id='word_1_201' title='bbox 257 1968 321 2008; x_wconf 85' lang='lat' dir='ltr'>his</span> <span class='ocrx_word' id='word_1_202' title='bbox 361 1975 478 2019; x_wconf 85' lang='lat' dir='ltr'>sunt,</span> <span class='ocrx_word' id='word_1_203' title='bbox 520 1984 696 2022; x_wconf 89' lang='lat' dir='ltr'>quorum</span> <span class='ocrx_word' id='word_1_204' title='bbox 731 1970 835 2009; x_wconf 84' lang='lat' dir='ltr'>ratio</span> 
     </span>
     <span class='ocr_line' id='line_1_34' title="bbox 101 2027 836 2081; baseline 0.001 -16"><span class='ocrx_word' id='word_1_205' title='bbox 101 2027 236 2079; x_wconf 86' lang='lat' dir='ltr'>aliqua</span> <span class='ocrx_word' id='word_1_206' title='bbox 272 2028 492 2081; x_wconf 85' lang='lat' dir='ltr'>probabilis</span> <span class='ocrx_word' id='word_1_207' title='bbox 528 2028 648 2067; x_wconf 88' lang='lat' dir='ltr'>reddi</span> <span class='ocrx_word' id='word_1_208' title='bbox 682 2034 836 2080; x_wconf 82' lang='lat' dir='ltr'>potest3</span> 
     </span>
     <span class='ocr_line' id='line_1_35' title="bbox 102 2086 836 2125; baseline 0 -1"><span class='ocrx_word' id='word_1_209' title='bbox 102 2086 310 2125; x_wconf 79' lang='lat' dir='ltr'>enimvero</span> <span class='ocrx_word' id='word_1_210' title='bbox 342 2086 388 2125; x_wconf 88' lang='lat' dir='ltr'>id</span> <span class='ocrx_word' id='word_1_211' title='bbox 427 2092 529 2125; x_wconf 85' lang='lat' dir='ltr'>esset</span> <span class='ocrx_word' id='word_1_212' title='bbox 566 2100 714 2125; x_wconf 88' lang='lat' dir='ltr'>munus</span> <span class='ocrx_word' id='word_1_213' title='bbox 750 2101 836 2124; x_wconf 90' lang='lat' dir='ltr'>non</span> 
     </span>
     <span class='ocr_line' id='line_1_36' title="bbox 100 2143 835 2196; baseline 0 -14"><span class='ocrx_word' id='word_1_214' title='bbox 100 2143 335 2196; x_wconf 85' lang='lat' dir='ltr'>interpretis</span> <span class='ocrx_word' id='word_1_215' title='bbox 362 2151 528 2196; x_wconf 88' lang='lat' dir='ltr'>poetae,</span> <span class='ocrx_word' id='word_1_216' title='bbox 559 2144 630 2182; x_wconf 86' lang='lat' dir='ltr'>sed</span> <span class='ocrx_word' id='word_1_217' title='bbox 647 2143 835 2194; x_wconf 87' lang='lat' dir='ltr'>hominis,</span> 
     </span>
     <span class='ocr_line' id='line_1_37' title="bbox 102 2202 836 2255; baseline 0.001 -15"><span class='ocrx_word' id='word_1_218' title='bbox 102 2202 173 2253; x_wconf 85' lang='lat' dir='ltr'>qui</span> <span class='ocrx_word' id='word_1_219' title='bbox 194 2202 244 2240; x_wconf 88' lang='lat' dir='ltr'>de</span> <span class='ocrx_word' id='word_1_220' title='bbox 260 2202 375 2240; x_wconf 84' lang='lat' dir='ltr'>rebus</span> <span class='ocrx_word' id='word_1_221' title='bbox 392 2217 415 2240; x_wconf 86' lang='lat' dir='ltr'>a</span> <span class='ocrx_word' id='word_1_222' title='bbox 429 2209 550 2255; x_wconf 82' lang='lat' dir='ltr'>poeta</span> <span class='ocrx_word' id='word_1_223' title='bbox 568 2202 731 2241; x_wconf 84' lang='lat' dir='ltr'>traditis</span> <span class='ocrx_word' id='word_1_224' title='bbox 751 2202 836 2241; x_wconf 92' lang='lat' dir='ltr'>dis-</span> 
     </span>
     <span class='ocr_line' id='line_1_38' title="bbox 101 2260 837 2313; baseline 0 -15"><span class='ocrx_word' id='word_1_225' title='bbox 101 2260 262 2311; x_wconf 88' lang='lat' dir='ltr'>quirere</span> <span class='ocrx_word' id='word_1_226' title='bbox 283 2274 330 2299; x_wconf 90' lang='lat' dir='ltr'>ac</span> <span class='ocrx_word' id='word_1_227' title='bbox 348 2260 555 2313; x_wconf 83' lang='lat' dir='ltr'>disputare</span> <span class='ocrx_word' id='word_1_228' title='bbox 570 2261 711 2300; x_wconf 85' lang='lat' dir='ltr'>vellet:</span> <span class='ocrx_word' id='word_1_229' title='bbox 734 2274 837 2312; x_wconf 88' lang='lat' dir='ltr'>quae</span> 
     </span>
     <span class='ocr_line' id='line_1_39' title="bbox 100 2318 837 2371; baseline 0.003 -15"><span class='ocrx_word' id='word_1_230' title='bbox 100 2324 238 2371; x_wconf 87' lang='lat' dir='ltr'>partes</span> <span class='ocrx_word' id='word_1_231' title='bbox 257 2319 307 2357; x_wconf 85' lang='lat' dir='ltr'>ab</span> <span class='ocrx_word' id='word_1_232' title='bbox 322 2318 544 2371; x_wconf 85' lang='lat' dir='ltr'>interprete</span> <span class='ocrx_word' id='word_1_233' title='bbox 562 2319 712 2357; x_wconf 87' lang='lat' dir='ltr'>alienae</span> <span class='ocrx_word' id='word_1_234' title='bbox 728 2325 837 2358; x_wconf 89' lang='lat' dir='ltr'>sunt.</span> 
     </span>
     <span class='ocr_line' id='line_1_40' title="bbox 104 2374 838 2430; baseline 0.001 -16"><span class='ocrx_word' id='word_1_235' title='bbox 104 2374 223 2430; x_wconf 80' lang='lat' dir='ltr'>(haee</span> <span class='ocrx_word' id='word_1_236' title='bbox 242 2377 296 2415; x_wconf 88' lang='lat' dir='ltr'>ad</span> <span class='ocrx_word' id='word_1_237' title='bbox 312 2378 522 2429; x_wconf 87' lang='lat' dir='ltr'>sequentia</span> <span class='ocrx_word' id='word_1_238' title='bbox 549 2386 762 2430; x_wconf 79' lang='lat' dir='ltr'>aestusque</span> <span class='ocrx_word' id='word_1_239' title='bbox 778 2399 838 2407; x_wconf 90' lang='lat'>-—</span> 
     </span>
     <span class='ocr_line' id='line_1_41' title="bbox 101 2435 838 2488; baseline -0.001 -14"><span class='ocrx_word' id='word_1_240' title='bbox 101 2443 263 2485; x_wconf 73' lang='lat' dir='ltr'>ventos,</span> <span class='ocrx_word' id='word_1_241' title='bbox 303 2435 564 2474; x_wconf 81' lang='lat' dir='ltr'>referendum</span> <span class='ocrx_word' id='word_1_242' title='bbox 594 2448 695 2484; x_wconf 91' lang='lat' dir='ltr'>esse,</span> <span class='ocrx_word' id='word_1_243' title='bbox 740 2450 838 2488; x_wconf 83' lang='lat' dir='ltr'>per-</span> 
     </span>
     <span class='ocr_line' id='line_1_42' title="bbox 102 2491 835 2548; baseline 0.003 -17"><span class='ocrx_word' id='word_1_244' title='bbox 102 2493 229 2532; x_wconf 85' lang='lat' dir='ltr'>suasit</span> <span class='ocrx_word' id='word_1_245' title='bbox 242 2492 344 2532; x_wconf 88' lang='lat' dir='ltr'>mihi</span> <span class='ocrx_word' id='word_1_246' title='bbox 353 2493 564 2534; x_wconf 85' lang='lat' dir='ltr'>Wunderl.</span> <span class='ocrx_word' id='word_1_247' title='bbox 586 2495 657 2534; x_wconf 89' lang='lat' dir='ltr'><em>W</em></span> <span class='ocrx_word' id='word_1_248' title='bbox 649 2491 705 2548; x_wconf 92' lang='lat' dir='ltr'>r.)</span> <span class='ocrx_word' id='word_1_249' title='bbox 738 2494 835 2537; x_wconf 85' lang='lat'><strong>353.</strong></span> 
     </span>
     <span class='ocr_line' id='line_1_43' title="bbox 102 2550 836 2604; baseline 0.001 -15"><span class='ocrx_word' id='word_1_250' title='bbox 102 2550 191 2603; x_wconf 87' lang='lat' dir='ltr'>Ipse</span> <span class='ocrx_word' id='word_1_251' title='bbox 208 2551 363 2604; x_wconf 88' lang='lat' dir='ltr'>Iupiter</span> <span class='ocrx_word' id='word_1_252' title='bbox 389 2554 553 2601; x_wconf 80' lang='lat' dir='ltr'>statuit,</span> <span class='ocrx_word' id='word_1_253' title='bbox 586 2550 628 2590; x_wconf 91' lang='lat' dir='ltr'>h.</span> <span class='ocrx_word' id='word_1_254' title='bbox 646 2551 776 2590; x_wconf 85' lang='lat' dir='ltr'>fixum</span> <span class='ocrx_word' id='word_1_255' title='bbox 799 2558 836 2590; x_wconf 87' lang='lat' dir='ltr'>et</span> 
     </span>
     <span class='ocr_line' id='line_1_44' title="bbox 105 2609 836 2649; baseline 0.001 -2"><span class='ocrx_word' id='word_1_256' title='bbox 105 2615 294 2648; x_wconf 87' lang='lat' dir='ltr'>constans</span> <span class='ocrx_word' id='word_1_257' title='bbox 323 2623 406 2648; x_wconf 92' lang='lat' dir='ltr'>esse</span> <span class='ocrx_word' id='word_1_258' title='bbox 437 2610 565 2649; x_wconf 86' lang='lat' dir='ltr'>iussit.</span> <span class='ocrx_word' id='word_1_259' title='bbox 623 2609 836 2649; x_wconf 84' lang='lat' dir='ltr'>Mutuatus</span> 
     </span>
     <span class='ocr_line' id='line_1_45' title="bbox 105 2667 835 2707; baseline 0.003 -3"><span class='ocrx_word' id='word_1_260' title='bbox 105 2672 242 2706; x_wconf 82' lang='lat' dir='ltr'>autem</span> <span class='ocrx_word' id='word_1_261' title='bbox 270 2674 331 2707; x_wconf 85' lang='lat' dir='ltr'>est</span> <span class='ocrx_word' id='word_1_262' title='bbox 354 2667 454 2706; x_wconf 88' lang='lat' dir='ltr'>haec</span> <span class='ocrx_word' id='word_1_263' title='bbox 488 2682 539 2706; x_wconf 84' lang='lat' dir='ltr'>ex</span> <span class='ocrx_word' id='word_1_264' title='bbox 561 2667 677 2706; x_wconf 88' lang='lat' dir='ltr'>Arati</span> <span class='ocrx_word' id='word_1_265' title='bbox 705 2668 835 2707; x_wconf 89' lang='lat' dir='ltr'>Phae-</span> 
     </span>
     <span class='ocr_line' id='line_1_46' title="bbox 103 2729 835 2778; baseline 0.005 -16"><span class='ocrx_word' id='word_1_266' title='bbox 103 2738 212 2763; x_wconf 91' lang='lat' dir='ltr'>nom.</span> <span class='ocrx_word' id='word_1_267' title='bbox 230 2739 270 2764; x_wconf 85' lang='lat' dir='ltr'>v.</span> <span class='ocrx_word' id='word_1_268' title='bbox 294 2729 413 2768; x_wconf 86' lang='grc'><strong>10-</strong></span> <span class='ocrx_word' id='word_1_269' title='bbox 428 2729 493 2776; x_wconf 82' lang='lat'>13,</span> <span class='ocrx_word' id='word_1_270' title='bbox 519 2739 540 2764; x_wconf 85' lang='lat' dir='ltr'>e</span> <span class='ocrx_word' id='word_1_271' title='bbox 562 2740 642 2777; x_wconf 92' lang='lat' dir='ltr'>quo</span> <span class='ocrx_word' id='word_1_272' title='bbox 662 2739 835 2778; x_wconf 87' lang='lat' dir='ltr'>sequen-</span> 
     </span>
     <span class='ocr_line' id='line_1_47' title="bbox 103 2782 835 2838; baseline 0.007 -19"><span class='ocrx_word' id='word_1_273' title='bbox 103 2782 162 2820; x_wconf 80' lang='lat' dir='ltr'>tia</span> <span class='ocrx_word' id='word_1_274' title='bbox 187 2783 379 2835; x_wconf 89' lang='lat' dir='ltr'>pleraque</span> <span class='ocrx_word' id='word_1_275' title='bbox 403 2785 543 2836; x_wconf 88' lang='lat' dir='ltr'>petita.</span> <span class='ocrx_word' id='word_1_276' title='bbox 583 2785 630 2823; x_wconf 85' lang='lat' dir='ltr'>cs.</span> <span class='ocrx_word' id='word_1_277' title='bbox 655 2785 835 2838; x_wconf 88' lang='lat' dir='ltr'>Geopon.</span> 
     </span>
     <span class='ocr_line' id='line_1_48' title="bbox 104 2840 837 2896; baseline 0.005 -18"><span class='ocrx_word' id='word_1_278' title='bbox 104 2840 134 2890; x_wconf 88' lang='lat' dir='ltr'>I,</span> <span class='ocrx_word' id='word_1_279' title='bbox 157 2843 184 2881; x_wconf 81' lang='lat'><strong>2</strong></span> <span class='ocrx_word' id='word_1_280' title='bbox 203 2854 287 2892; x_wconf 92' lang='lat' dir='ltr'>sqq.</span> <span class='ocrx_word' id='word_1_281' title='bbox 344 2842 546 2893; x_wconf 83' lang='lat' dir='ltr'>Plerisque</span> <span class='ocrx_word' id='word_1_282' title='bbox 570 2841 641 2880; x_wconf 66' lang='lat' dir='ltr'>hisx</span> <span class='ocrx_word' id='word_1_283' title='bbox 656 2857 837 2896; x_wconf 85' lang='lat' dir='ltr'>progno—</span> 
     </span>
     <span class='ocr_line' id='line_1_49' title="bbox 104 2898 837 2952; baseline 0.007 -17"><span class='ocrx_word' id='word_1_284' title='bbox 104 2898 212 2936; x_wconf 82' lang='lat' dir='ltr'>sticis</span> <span class='ocrx_word' id='word_1_285' title='bbox 230 2899 448 2938; x_wconf 82' lang='lat' dir='ltr'>severiores</span> <span class='ocrx_word' id='word_1_286' title='bbox 461 2899 645 2952; x_wconf 88' lang='lat' dir='ltr'>physices</span> <span class='ocrx_word' id='word_1_287' title='bbox 659 2902 837 2940; x_wconf 86' lang='lat' dir='ltr'>rationes</span> 
     </span>
     <span class='ocr_line' id='line_1_50' title="bbox 105 2955 837 3012; baseline 0.008 -19"><span class='ocrx_word' id='word_1_288' title='bbox 105 2955 220 2994; x_wconf 85' lang='lat' dir='ltr'>facile</span> <span class='ocrx_word' id='word_1_289' title='bbox 238 2956 427 3008; x_wconf 87' lang='lat' dir='ltr'>assignari</span> <span class='ocrx_word' id='word_1_290' title='bbox 449 2964 617 3009; x_wconf 85' lang='lat' dir='ltr'>possunt</span> <span class='ocrx_word' id='word_1_291' title='bbox 643 2956 837 3012; x_wconf 82' lang='lat' dir='ltr'>(vidimus</span> 
     </span>
    </p>
   </div>
   <div class='ocr_carea' id='block_1_13' title="bbox 890 1094 1631 2892">
    <p class='ocr_par' dir='ltr' id='par_1_14' title="bbox 890 1094 1631 2892">
     <span class='ocr_line' id='line_1_51' title="bbox 895 1094 1631 1147; baseline 0.004 -14"><span class='ocrx_word' id='word_1_292' title='bbox 895 1094 939 1134; x_wconf 87' lang='lat' dir='ltr'>id</span> <span class='ocrx_word' id='word_1_293' title='bbox 972 1108 1103 1147; x_wconf 88' lang='lat' dir='ltr'>nuper</span> <span class='ocrx_word' id='word_1_294' title='bbox 1139 1096 1291 1134; x_wconf 82' lang='lat' dir='ltr'>factum</span> <span class='ocrx_word' id='word_1_295' title='bbox 1328 1110 1350 1135; x_wconf 90' lang='lat' dir='ltr'>a</span> <span class='ocrx_word' id='word_1_296' title='bbox 1392 1098 1471 1137; x_wconf 91' lang='lat' dir='ltr'>W.</span> <span class='ocrx_word' id='word_1_297' title='bbox 1512 1099 1631 1137; x_wconf 88' lang='lat' dir='ltr'>Iones</span> 
     </span>
     <span class='ocr_line' id='line_1_52' title="bbox 891 1153 1630 1209; baseline 0.005 -18"><span class='ocrx_word' id='word_1_298' title='bbox 891 1153 1071 1206; x_wconf 80' lang='lat' dir='ltr'>physiol.</span> <span class='ocrx_word' id='word_1_299' title='bbox 1105 1155 1400 1206; x_wconf 75' lang='lat' dir='ltr'>Disquisitions</span> <span class='ocrx_word' id='word_1_300' title='bbox 1427 1169 1515 1209; x_wconf 85' lang='lat' dir='ltr'>pag.</span> <span class='ocrx_word' id='word_1_301' title='bbox 1545 1158 1630 1199; x_wconf 88' lang='lat'>619</span> 
     </span>
     <span class='ocr_line' id='line_1_53' title="bbox 896 1209 1630 1266; baseline 0.005 -17"><span class='ocrx_word' id='word_1_302' title='bbox 896 1209 1022 1266; x_wconf 87' lang='lat' dir='ltr'>sqq.);</span> <span class='ocrx_word' id='word_1_303' title='bbox 1050 1225 1126 1265; x_wconf 91' lang='lat' dir='ltr'>pro</span> <span class='ocrx_word' id='word_1_304' title='bbox 1153 1219 1295 1251; x_wconf 86' lang='lat' dir='ltr'>nostra</span> <span class='ocrx_word' id='word_1_305' title='bbox 1326 1219 1458 1252; x_wconf 87' lang='lat' dir='ltr'>aetate</span> <span class='ocrx_word' id='word_1_306' title='bbox 1490 1214 1630 1253; x_wconf 88' lang='lat' dir='ltr'>eadem</span> 
     </span>
     <span class='ocr_line' id='line_1_54' title="bbox 896 1270 1627 1326; baseline 0.004 -18"><span class='ocrx_word' id='word_1_307' title='bbox 896 1270 1136 1309; x_wconf 75' lang='lat' dir='ltr'>retractavit</span> <span class='ocrx_word' id='word_1_308' title='bbox 1174 1271 1376 1310; x_wconf 77' lang='lat' dir='ltr'>Thomson</span> <span class='ocrx_word' id='word_1_309' title='bbox 1411 1270 1627 1326; x_wconf 51' lang='lat' dir='ltr'>(Seasonsw</span> 
     </span>
     <span class='ocr_line' id='line_1_55' title="bbox 902 1328 1630 1384; baseline 0.004 -17"><span class='ocrx_word' id='word_1_310' title='bbox 902 1330 1071 1367; x_wconf 75' lang='lat' dir='ltr'>lVimer</span> <span class='ocrx_word' id='word_1_311' title='bbox 1100 1330 1181 1370; x_wconf 88' lang='grc'>118</span> <span class='ocrx_word' id='word_1_312' title='bbox 1202 1328 1320 1384; x_wconf 90' lang='lat' dir='ltr'>sqq.).</span> <span class='ocrx_word' id='word_1_313' title='bbox 1378 1331 1547 1381; x_wconf 65' lang='lat' dir='ltr'>filonet,</span> <span class='ocrx_word' id='word_1_314' title='bbox 1580 1337 1630 1370; x_wconf 89' lang='lat' dir='ltr'>ut</span> 
     </span>
     <span class='ocr_line' id='line_1_56' title="bbox 894 1388 1629 1440; baseline 0.004 -15"><span class='ocrx_word' id='word_1_315' title='bbox 894 1391 1009 1425; x_wconf 87' lang='lat' dir='ltr'>vates</span> <span class='ocrx_word' id='word_1_316' title='bbox 1025 1392 1206 1436; x_wconf 86' lang='lat' dir='ltr'>monent,</span> <span class='ocrx_word' id='word_1_317' title='bbox 1221 1388 1291 1438; x_wconf 89' lang='lat' dir='ltr'>qui</span> <span class='ocrx_word' id='word_1_318' title='bbox 1308 1388 1449 1427; x_wconf 72' lang='lat' dir='ltr'>sutura</span> <span class='ocrx_word' id='word_1_319' title='bbox 1467 1389 1629 1440; x_wconf 88' lang='lat' dir='ltr'>docent,</span> 
     </span>
     <span class='ocr_line' id='line_1_57' title="bbox 893 1444 1629 1499; baseline 0.005 -17"><span class='ocrx_word' id='word_1_320' title='bbox 893 1444 993 1483; x_wconf 85' lang='lat' dir='ltr'>luna</span> <span class='ocrx_word' id='word_1_321' title='bbox 1029 1445 1315 1497; x_wconf 86' lang='lat' dir='ltr'>prognosticis,</span> <span class='ocrx_word' id='word_1_322' title='bbox 1363 1460 1466 1499; x_wconf 87' lang='lat' dir='ltr'>quae</span> <span class='ocrx_word' id='word_1_323' title='bbox 1503 1447 1554 1485; x_wconf 89' lang='lat' dir='ltr'>ab</span> <span class='ocrx_word' id='word_1_324' title='bbox 1583 1460 1629 1486; x_wconf 87' lang='lat' dir='ltr'>ea</span> 
     </span>
     <span class='ocr_line' id='line_1_58' title="bbox 893 1506 1629 1558; baseline 0.005 -18"><span class='ocrx_word' id='word_1_325' title='bbox 893 1508 1105 1555; x_wconf 86' lang='lat' dir='ltr'>petuntur,</span> <span class='ocrx_word' id='word_1_326' title='bbox 1126 1509 1165 1541; x_wconf 89' lang='lat' dir='ltr'>et</span> <span class='ocrx_word' id='word_1_327' title='bbox 1177 1513 1380 1543; x_wconf 74' lang='lat' dir='ltr'>menstrua</span> <span class='ocrx_word' id='word_1_328' title='bbox 1393 1506 1494 1544; x_wconf 82' lang='lat' dir='ltr'>lana</span> <span class='ocrx_word' id='word_1_329' title='bbox 1508 1519 1629 1558; x_wconf 88' lang='lat' dir='ltr'>prae-</span> 
     </span>
     <span class='ocr_line' id='line_1_59' title="bbox 895 1561 1628 1614; baseline 0.005 -15"><span class='ocrx_word' id='word_1_330' title='bbox 895 1561 1001 1602; x_wconf 84' lang='lat' dir='ltr'>clare</span> <span class='ocrx_word' id='word_1_331' title='bbox 1030 1567 1200 1614; x_wconf 87' lang='lat' dir='ltr'>propter</span> <span class='ocrx_word' id='word_1_332' title='bbox 1230 1569 1458 1602; x_wconf 82' lang='lat' dir='ltr'>menstruas</span> <span class='ocrx_word' id='word_1_333' title='bbox 1491 1570 1628 1603; x_wconf 88' lang='lat' dir='ltr'>motus</span> 
     </span>
     <span class='ocr_line' id='line_1_60' title="bbox 893 1618 1629 1673; baseline 0.004 -16"><span class='ocrx_word' id='word_1_334' title='bbox 893 1620 1013 1659; x_wconf 88' lang='lat' dir='ltr'>vices.</span> <span class='ocrx_word' id='word_1_335' title='bbox 1073 1618 1170 1662; x_wconf 85' lang='lat'>354.</span> <span class='ocrx_word' id='word_1_336' title='bbox 1197 1620 1287 1672; x_wconf 81' lang='lat' dir='ltr'>Quo</span> <span class='ocrx_word' id='word_1_337' title='bbox 1307 1623 1425 1673; x_wconf 78' lang='lat' dir='ltr'>signo</span> <span class='ocrx_word' id='word_1_338' title='bbox 1443 1622 1629 1660; x_wconf 80' lang='lat' dir='ltr'>caderent</span> 
     </span>
     <span class='ocr_line' id='line_1_61' title="bbox 894 1677 1628 1729; baseline 0.005 -14"><span class='ocrx_word' id='word_1_339' title='bbox 894 1679 1025 1716; x_wconf 76' lang='lat' dir='ltr'>austri</span> <span class='ocrx_word' id='word_1_340' title='bbox 1031 1692 1046 1724; x_wconf 89' lang='lat'><em>;</em></span> <span class='ocrx_word' id='word_1_341' title='bbox 1067 1677 1178 1729; x_wconf 91' lang='lat' dir='ltr'>quod</span> <span class='ocrx_word' id='word_1_342' title='bbox 1189 1678 1385 1718; x_wconf 88' lang='lat' dir='ltr'>indicium</span> <span class='ocrx_word' id='word_1_343' title='bbox 1397 1685 1502 1719; x_wconf 89' lang='lat' dir='ltr'>esset</span> <span class='ocrx_word' id='word_1_344' title='bbox 1513 1681 1628 1720; x_wconf 84' lang='lat' dir='ltr'>venti</span> 
     </span>
     <span class='ocr_line' id='line_1_62' title="bbox 893 1736 1628 1777; baseline 0.005 -4"><span class='ocrx_word' id='word_1_345' title='bbox 893 1745 992 1774; x_wconf 76' lang='lat' dir='ltr'>mox</span> <span class='ocrx_word' id='word_1_346' title='bbox 1013 1736 1216 1776; x_wconf 84' lang='lat' dir='ltr'>cessaturi.</span> <span class='ocrx_word' id='word_1_347' title='bbox 1274 1737 1336 1776; x_wconf 85' lang='lat' dir='ltr'>Ita</span> <span class='ocrx_word' id='word_1_348' title='bbox 1357 1738 1464 1777; x_wconf 90' lang='lat' dir='ltr'>enim</span> <span class='ocrx_word' id='word_1_349' title='bbox 1486 1739 1628 1777; x_wconf 84' lang='lat' dir='ltr'>cadere</span> 
     </span>
     <span class='ocr_line' id='line_1_63' title="bbox 894 1794 1628 1849; baseline 0.004 -16"><span class='ocrx_word' id='word_1_350' title='bbox 894 1807 970 1847; x_wconf 90' lang='lat' dir='ltr'>pro</span> <span class='ocrx_word' id='word_1_351' title='bbox 995 1794 1192 1844; x_wconf 87' lang='lat' dir='ltr'>residere,</span> <span class='ocrx_word' id='word_1_352' title='bbox 1232 1796 1345 1834; x_wconf 78' lang='lat' dir='ltr'>cadit</span> <span class='ocrx_word' id='word_1_353' title='bbox 1369 1796 1527 1849; x_wconf 79' lang='lat' dir='ltr'>fragor</span> <span class='ocrx_word' id='word_1_354' title='bbox 1546 1811 1628 1849; x_wconf 85' lang='lat' dir='ltr'>pe-</span> 
     </span>
     <span class='ocr_line' id='line_1_64' title="bbox 893 1852 1627 1905; baseline 0.005 -15"><span class='ocrx_word' id='word_1_355' title='bbox 893 1854 988 1905; x_wconf 81' lang='lat' dir='ltr'>lagi</span> <span class='ocrx_word' id='word_1_356' title='bbox 1013 1852 1112 1892; x_wconf 87' lang='lat' dir='ltr'>Aen.</span> <span class='ocrx_word' id='word_1_357' title='bbox 1139 1853 1179 1903; x_wconf 92' lang='lat' dir='ltr'>I,</span> <span class='ocrx_word' id='word_1_358' title='bbox 1218 1853 1311 1896; x_wconf 91' lang='lat'>154.</span> <span class='ocrx_word' id='word_1_359' title='bbox 1356 1854 1438 1894; x_wconf 89' lang='lat' dir='ltr'>Ecl.</span> <span class='ocrx_word' id='word_1_360' title='bbox 1464 1855 1537 1905; x_wconf 88' lang='lat' dir='ltr'>IX,</span> <span class='ocrx_word' id='word_1_361' title='bbox 1571 1855 1627 1898; x_wconf 86' lang='lat'>58</span> 
     </span>
     <span class='ocr_line' id='line_1_65' title="bbox 894 1913 1627 1951; baseline 0.003 -1"><span class='ocrx_word' id='word_1_362' title='bbox 894 1914 1048 1950; x_wconf 70' lang='lat' dir='ltr'>ventosi</span> <span class='ocrx_word' id='word_1_363' title='bbox 1064 1913 1288 1950; x_wconf 79' lang='lat' dir='ltr'>cecideruut</span> <span class='ocrx_word' id='word_1_364' title='bbox 1309 1915 1526 1951; x_wconf 81' lang='lat' dir='ltr'>murmuris</span> <span class='ocrx_word' id='word_1_365' title='bbox 1547 1928 1627 1951; x_wconf 87' lang='lat' dir='ltr'>au-</span> 
     </span>
     <span class='ocr_line' id='line_1_66' title="bbox 893 1972 1626 2023; baseline 0.004 -16"><span class='ocrx_word' id='word_1_366' title='bbox 893 1984 988 2016; x_wconf 86' lang='lat' dir='ltr'>rae,·</span> <span class='ocrx_word' id='word_1_367' title='bbox 1027 1976 1076 2008; x_wconf 87' lang='lat' dir='ltr'>ut</span> <span class='ocrx_word' id='word_1_368' title='bbox 1102 1975 1245 2008; x_wconf 86' lang='lat' dir='ltr'>contra</span> <span class='ocrx_word' id='word_1_369' title='bbox 1270 1985 1430 2023; x_wconf 80' lang='lat' dir='ltr'>surgere</span> <span class='ocrx_word' id='word_1_370' title='bbox 1461 1986 1501 2011; x_wconf 86' lang='lat' dir='ltr'>v.</span> <span class='ocrx_word' id='word_1_371' title='bbox 1529 1972 1626 2014; x_wconf 86' lang='lat'>356.</span> 
     </span>
     <span class='ocr_line' id='line_1_67' title="bbox 894 2026 1628 2082; baseline 0.005 -17"><span class='ocrx_word' id='word_1_372' title='bbox 894 2026 1034 2066; x_wconf 80' lang='lat' dir='ltr'>Altera</span> <span class='ocrx_word' id='word_1_373' title='bbox 1061 2028 1213 2066; x_wconf 87' lang='lat' dir='ltr'>Cerdae</span> <span class='ocrx_word' id='word_1_374' title='bbox 1237 2028 1541 2082; x_wconf 86' lang='lat' dir='ltr'>interpretatio,</span> <span class='ocrx_word' id='word_1_375' title='bbox 1578 2035 1628 2068; x_wconf 89' lang='lat' dir='ltr'>ut</span> 
     </span>
     <span class='ocr_line' id='line_1_68' title="bbox 893 2086 1625 2139; baseline 0.003 -15"><span class='ocrx_word' id='word_1_376' title='bbox 893 2086 945 2124; x_wconf 77' lang='lat' dir='ltr'>sit</span> <span class='ocrx_word' id='word_1_377' title='bbox 980 2100 1056 2139; x_wconf 90' lang='lat' dir='ltr'>pro</span> <span class='ocrx_word' id='word_1_378' title='bbox 1089 2087 1285 2135; x_wconf 75' lang='lat' dir='ltr'>incidere,</span> <span class='ocrx_word' id='word_1_379' title='bbox 1327 2088 1440 2138; x_wconf 87' lang='lat' dir='ltr'>quod</span> <span class='ocrx_word' id='word_1_380' title='bbox 1474 2089 1543 2126; x_wconf 91' lang='lat' dir='ltr'>Ge.</span> <span class='ocrx_word' id='word_1_381' title='bbox 1576 2088 1625 2137; x_wconf 81' lang='grc' dir='ltr'>ΙΙ,</span> 
     </span>
     <span class='ocr_line' id='line_1_69' title="bbox 896 2144 1626 2194; baseline -0.001 -9"><span class='ocrx_word' id='word_1_382' title='bbox 896 2147 1000 2193; x_wconf 89' lang='lat'>107,</span> <span class='ocrx_word' id='word_1_383' title='bbox 1039 2144 1107 2183; x_wconf 83' lang='lat' dir='ltr'>vel</span> <span class='ocrx_word' id='word_1_384' title='bbox 1139 2158 1301 2194; x_wconf 78' lang='lat' dir='ltr'>surgere</span> <span class='ocrx_word' id='word_1_385' title='bbox 1319 2175 1331 2194; x_wconf 91' lang='lat'>,</span> <span class='ocrx_word' id='word_1_386' title='bbox 1384 2146 1626 2185; x_wconf 83' lang='lat' dir='ltr'>auctoritate</span> 
     </span>
     <span class='ocr_line' id='line_1_70' title="bbox 894 2202 1625 2256; baseline 0.007 -17"><span class='ocrx_word' id='word_1_387' title='bbox 894 2202 1144 2241; x_wconf 87' lang='lat' dir='ltr'>destituitur.</span> <span class='ocrx_word' id='word_1_388' title='bbox 1204 2203 1284 2241; x_wconf 84' lang='lat' dir='ltr'>Nec</span> <span class='ocrx_word' id='word_1_389' title='bbox 1319 2204 1431 2256; x_wconf 89' lang='lat' dir='ltr'>apud</span> <span class='ocrx_word' id='word_1_390' title='bbox 1460 2204 1625 2244; x_wconf 89' lang='lat' dir='ltr'>Homer.</span> 
     </span>
     <span class='ocr_line' id='line_1_71' title="bbox 895 2259 1627 2312; baseline 0.005 -14"><span class='ocrx_word' id='word_1_391' title='bbox 895 2259 1040 2312; x_wconf 86' lang='lat' dir='ltr'>Odyss.</span> <span class='ocrx_word' id='word_1_392' title='bbox 1071 2275 1111 2311; x_wconf 85' lang='grc' dir='ltr'>ε,</span> <span class='ocrx_word' id='word_1_393' title='bbox 1149 2261 1234 2303; x_wconf 78' lang='grc'>259</span> <span class='ocrx_word' id='word_1_394' title='bbox 1274 2267 1334 2300; x_wconf 87' lang='lat' dir='ltr'>est</span> <span class='ocrx_word' id='word_1_395' title='bbox 1367 2262 1507 2312; x_wconf 73' lang='grc' dir='ltr'>ἔπεσε,</span> <span class='ocrx_word' id='word_1_396' title='bbox 1555 2262 1627 2301; x_wconf 91' lang='lat' dir='ltr'>sed</span> 
     </span>
     <span class='ocr_line' id='line_1_72' title="bbox 896 2314 1626 2374; baseline 0.003 -15"><span class='ocrx_word' id='word_1_397' title='bbox 896 2317 1101 2359; x_wconf 78' lang='grc' dir='ltr'>συνέπεσε.</span> <span class='ocrx_word' id='word_1_398' title='bbox 1147 2316 1239 2359; x_wconf 73' lang='grc' dir='ltr'>Σῦν</span> <span class='ocrx_word' id='word_1_399' title='bbox 1259 2315 1302 2359; x_wconf 79' lang='grc' dir='ltr'>δ’</span> <span class='ocrx_word' id='word_1_400' title='bbox 1323 2314 1465 2374; x_wconf 75' lang='grc' dir='ltr'><strong><em>Εὖρός</em></strong></span> <span class='ocrx_word' id='word_1_401' title='bbox 1481 2335 1524 2361; x_wconf 88' lang='grc' dir='ltr'>τε</span> <span class='ocrx_word' id='word_1_402' title='bbox 1546 2318 1626 2361; x_wconf 89' lang='grc' dir='ltr'>Νό-</span> 
     </span>
     <span class='ocr_line' id='line_1_73' title="bbox 893 2371 1626 2425; baseline 0 -9"><span class='ocrx_word' id='word_1_403' title='bbox 893 2392 963 2425; x_wconf 82' lang='grc' dir='ltr'>τος</span> <span class='ocrx_word' id='word_1_404' title='bbox 981 2371 1021 2416; x_wconf 87' lang='grc' dir='ltr'>τ’</span> <span class='ocrx_word' id='word_1_405' title='bbox 1044 2376 1171 2417; x_wconf 77' lang='grc' dir='ltr'><strong>ἔπεσε.</strong></span> <span class='ocrx_word' id='word_1_406' title='bbox 1214 2385 1479 2418; x_wconf 81' lang='lat' dir='ltr'>concurrunt.</span> <span class='ocrx_word' id='word_1_407' title='bbox 1536 2378 1626 2417; x_wconf 87' lang='lat' dir='ltr'>Me-</span> 
     </span>
     <span class='ocr_line' id='line_1_74' title="bbox 891 2434 1626 2486; baseline 0.003 -14"><span class='ocrx_word' id='word_1_408' title='bbox 891 2435 971 2473; x_wconf 81' lang='lat' dir='ltr'>&#39;lius</span> <span class='ocrx_word' id='word_1_409' title='bbox 990 2434 1178 2473; x_wconf 83' lang='lat' dir='ltr'>laudares</span> <span class='ocrx_word' id='word_1_410' title='bbox 1197 2435 1274 2474; x_wconf 92' lang='lat' dir='ltr'>Od.</span> <span class='ocrx_word' id='word_1_411' title='bbox 1293 2437 1326 2485; x_wconf 81' lang='grc' dir='ltr'>ξ,</span> <span class='ocrx_word' id='word_1_412' title='bbox 1345 2435 1451 2486; x_wconf 87' lang='lat'>475,</span> <span class='ocrx_word' id='word_1_413' title='bbox 1482 2443 1523 2475; x_wconf 92' lang='lat' dir='ltr'>et</span> <span class='ocrx_word' id='word_1_414' title='bbox 1539 2437 1626 2475; x_wconf 89' lang='lat' dir='ltr'>He-</span> 
     </span>
     <span class='ocr_line' id='line_1_75' title="bbox 894 2490 1623 2548; baseline 0.008 -18"><span class='ocrx_word' id='word_1_415' title='bbox 894 2490 1120 2547; x_wconf 68' lang='lat' dir='ltr'>siod.&#39;&#39;EQy.</span> <span class='ocrx_word' id='word_1_416' title='bbox 1141 2492 1226 2536; x_wconf 82' lang='lat'>547</span> <span class='ocrx_word' id='word_1_417' title='bbox 1244 2492 1400 2548; x_wconf 81' lang='grc' dir='ltr'><strong><em>Βορέαο</em></strong></span> <span class='ocrx_word' id='word_1_418' title='bbox 1420 2491 1623 2544; x_wconf 73' lang='grc' dir='ltr'><strong>πεσόντος,</strong></span> 
     </span>
     <span class='ocr_line' id='line_1_76' title="bbox 892 2549 1626 2606; baseline 0.007 -16"><span class='ocrx_word' id='word_1_419' title='bbox 892 2552 966 2590; x_wconf 90' lang='lat' dir='ltr'>ubi</span> <span class='ocrx_word' id='word_1_420' title='bbox 984 2550 1034 2589; x_wconf 90' lang='lat' dir='ltr'>de</span> <span class='ocrx_word' id='word_1_421' title='bbox 1048 2557 1171 2590; x_wconf 84' lang='lat' dir='ltr'>vento</span> <span class='ocrx_word' id='word_1_422' title='bbox 1190 2557 1303 2601; x_wconf 86' lang='lat' dir='ltr'>orto,</span> <span class='ocrx_word' id='word_1_423' title='bbox 1329 2566 1405 2604; x_wconf 86' lang='lat' dir='ltr'>pro</span> <span class='ocrx_word' id='word_1_424' title='bbox 1425 2549 1626 2606; x_wconf 74' lang='grc' dir='ltr'><strong><em>ἐμπεσόν-</em></strong></span> 
     </span>
     <span class='ocr_line' id='line_1_77' title="bbox 892 2609 1625 2662; baseline 0 -12"><span class='ocrx_word' id='word_1_425' title='bbox 892 2626 983 2659; x_wconf 83' lang='grc' dir='ltr'><strong><em>τος,</em></strong></span> <span class='ocrx_word' id='word_1_426' title='bbox 1024 2609 1302 2662; x_wconf 89' lang='lat' dir='ltr'>accipiendum</span> <span class='ocrx_word' id='word_1_427' title='bbox 1329 2623 1412 2649; x_wconf 87' lang='lat' dir='ltr'>esse</span> <span class='ocrx_word' id='word_1_428' title='bbox 1439 2611 1625 2660; x_wconf 78' lang='lat' dir='ltr'>videtur3</span> 
     </span>
     <span class='ocr_line' id='line_1_78' title="bbox 892 2668 1624 2721; baseline 0 -15"><span class='ocrx_word' id='word_1_429' title='bbox 892 2668 925 2706; x_wconf 88' lang='lat' dir='ltr'>si</span> <span class='ocrx_word' id='word_1_430' title='bbox 967 2674 1104 2707; x_wconf 85' lang='lat' dir='ltr'>tamen</span> <span class='ocrx_word' id='word_1_431' title='bbox 1143 2668 1338 2706; x_wconf 85' lang='lat' dir='ltr'>intentius</span> <span class='ocrx_word' id='word_1_432' title='bbox 1381 2668 1624 2721; x_wconf 78' lang='lat' dir='ltr'>adspexeris,</span> 
     </span>
     <span class='ocr_line' id='line_1_79' title="bbox 890 2726 1624 2775; baseline -0.003 -10"><span class='ocrx_word' id='word_1_433' title='bbox 890 2726 1048 2765; x_wconf 79' lang='lat' dir='ltr'>videbis</span> <span class='ocrx_word' id='word_1_434' title='bbox 1077 2732 1119 2765; x_wconf 87' lang='lat' dir='ltr'>et</span> <span class='ocrx_word' id='word_1_435' title='bbox 1148 2726 1203 2764; x_wconf 90' lang='lat' dir='ltr'>ibi</span> <span class='ocrx_word' id='word_1_436' title='bbox 1235 2739 1316 2764; x_wconf 90' lang='lat' dir='ltr'>esse</span> <span class='ocrx_word' id='word_1_437' title='bbox 1332 2757 1343 2775; x_wconf 85' lang='lat'>,</span> <span class='ocrx_word' id='word_1_438' title='bbox 1393 2736 1506 2764; x_wconf 73' lang='lat' dir='ltr'>vento</span> <span class='ocrx_word' id='word_1_439' title='bbox 1537 2740 1624 2763; x_wconf 82' lang='lat' dir='ltr'>ees-</span> 
     </span>
     <span class='ocr_line' id='line_1_80' title="bbox 892 2783 1623 2835; baseline -0.003 -13"><span class='ocrx_word' id='word_1_440' title='bbox 892 2793 1006 2822; x_wconf 83' lang='lat' dir='ltr'>sante</span> <span class='ocrx_word' id='word_1_441' title='bbox 1015 2800 1031 2832; x_wconf 91' lang='lat'><em>;</em></span> <span class='ocrx_word' id='word_1_442' title='bbox 1063 2798 1158 2823; x_wconf 89' lang='lat' dir='ltr'>nam</span> <span class='ocrx_word' id='word_1_443' title='bbox 1177 2790 1267 2823; x_wconf 90' lang='lat' dir='ltr'>tum</span> <span class='ocrx_word' id='word_1_444' title='bbox 1285 2785 1454 2823; x_wconf 82' lang='lat' dir='ltr'>nebulae</span> <span class='ocrx_word' id='word_1_445' title='bbox 1472 2783 1623 2835; x_wconf 83' lang='lat' dir='ltr'>gelidae</span> 
     </span>
     <span class='ocr_line' id='line_1_81' title="bbox 891 2840 1625 2892; baseline -0.003 -12"><span class='ocrx_word' id='word_1_446' title='bbox 891 2843 1171 2881; x_wconf 83' lang='lat' dir='ltr'>suboriuntur.</span> <span class='ocrx_word' id='word_1_447' title='bbox 1231 2842 1362 2880; x_wconf 84' lang='lat' dir='ltr'>Etiam</span> <span class='ocrx_word' id='word_1_448' title='bbox 1379 2843 1421 2880; x_wconf 90' lang='lat' dir='ltr'>in</span> <span class='ocrx_word' id='word_1_449' title='bbox 1439 2840 1625 2892; x_wconf 84' lang='lat' dir='ltr'>Aeschyli</span> 
     </span>
    </p>
   </div>
   <div class='ocr_carea' id='block_1_14' title="bbox 877 2896 1622 2953">
    <p class='ocr_par' dir='ltr' id='par_1_15' title="bbox 877 2896 1622 2953">
     <span class='ocr_line' id='line_1_82' title="bbox 877 2896 1622 2953; baseline -0.016 -7"><span class='ocrx_word' id='word_1_450' title='bbox 877 2900 1029 2953; x_wconf 73' lang='lat' dir='ltr'>&#39;Agflm-</span> <span class='ocrx_word' id='word_1_451' title='bbox 1052 2901 1139 2943; x_wconf 88' lang='lat'>577</span> <span class='ocrx_word' id='word_1_452' title='bbox 1169 2896 1315 2948; x_wconf 82' lang='grc' dir='ltr'><strong><em>πόντος</em></strong></span> <span class='ocrx_word' id='word_1_453' title='bbox 1342 2897 1482 2939; x_wconf 70' lang='grc' dir='ltr'><em>πεσών</em></span> <span class='ocrx_word' id='word_1_454' title='bbox 1507 2898 1622 2936; x_wconf 80' lang='lat' dir='ltr'>simili</span> 
     </span>
    </p>
   </div>
   <div class='ocr_carea' id='block_1_15' title="bbox 893 2955 1621 3005">
    <p class='ocr_par' dir='ltr' id='par_1_16' title="bbox 893 2955 1621 3005">
     <span class='ocr_line' id='line_1_83' title="bbox 893 2955 1621 3005; baseline -0.005 -8"><span class='ocrx_word' id='word_1_455' title='bbox 893 2959 1014 2998; x_wconf 86' lang='lat' dir='ltr'>modo</span> <span class='ocrx_word' id='word_1_456' title='bbox 1046 2958 1178 2996; x_wconf 84' lang='lat' dir='ltr'>dictus</span> <span class='ocrx_word' id='word_1_457' title='bbox 1208 2963 1290 3005; x_wconf 86' lang='lat' dir='ltr'>est,</span> <span class='ocrx_word' id='word_1_458' title='bbox 1329 2957 1427 2995; x_wconf 83' lang='lat' dir='ltr'>dum</span> <span class='ocrx_word' id='word_1_459' title='bbox 1463 2955 1621 2994; x_wconf 88' lang='lat' dir='ltr'>residet.</span> 
     </span>
    </p>
   </div>
   <div class='ocr_carea' id='block_1_16' title="bbox 1236 3025 1342 3069">
    <p class='ocr_par' dir='ltr' id='par_1_17' title="bbox 1236 3025 1342 3069">
     <span class='ocr_line' id='line_1_84' title="bbox 1236 3025 1342 3069; baseline 0 0"><span class='ocrx_word' id='word_1_460' title='bbox 1236 3025 1342 3069; x_wconf 81' lang='lat'>23*</span> 
     </span>
    </p>
   </div>
  </div>
 </body>
</html>
