1768 3320
323 206 813 271 GEORGICON
848 222 987 272 Lm.
1024 223 1074 285 ι,
1115 229 1403 277 129-139

1519 233 1620 279 309

102 348 404 412 Paullatim,
442 356 496 397 et
514 346 670 397 sulcis
690 345 946 398 frumenti
970 346 1254 415 quaereret
1274 349 1529 414 herbam-3

100 421 173 471 Ut
191 418 348 468 silicis
371 417 522 468 venis
543 417 846 468 abstrusum
869 418 1157 468 excuderet
1180 419 1375 484 ignem.

1523 427 1620 476 135

101 492 256 540 Tunc
274 487 425 538 alnos
447 488 686 554 primum
703 486 850 537 fluvii
869 505 1087 539 sensere
1111 498 1338 551 cavatas3

99 557 282 610 Navita
300 567 418 609 tum
436 557 598 608 stellis
615 574 874 608 numeros
894 567 947 608 et
963 559 1187 609 nomina
1209 557 1352 622 fecit,

98 626 366 692 PleiadaS‚
401 627 634 692 HyadaS,
672 627 976 696 claramque
996 630 1254 694 Lycaonis
1270 632 1486 682 Arcton.

99 701 245 749 Tum
264 697 469 766 laqueis
490 707 700 766 captare
722 697 862 749 feras
881 708 935 750 et
951 697 1137 750 fallere
1158 701 1301 750 visco

171 786 284 833 139.
318 795 508 846 ιῈΒΛε,
579 795 736 831 visco
753 821 766 845 ,

145 883 215 923 134
245 887 296 920 Ut
313 886 423 920 vitem
439 894 477 920 et
497 886 612 920 sulcis
633 885 725 920 coni.
746 884 916 921 Waddel.
952 884 1068 920 herba
1081 886 1246 920 Parthas.

1330 887 1398 923 135
1429 888 1479 920 Ut
1496 885 1617 919 Heius.

96 944 118 966 e
133 931 358 974 melioribus,
391 939 496 967 antea
517 937 568 967 Et
594 946 625 967 3.
679 941 720 966 ut
742 932 779 966 in
802 939 953 978 utroque
975 933 1083 967 Goth.
1131 934 1286 979 Eratque
1305 934 1375 968 hoc
1393 933 1488 967 haud
1512 933 1619 967 dubie

94 979 226 1013 lenius:
257 979 327 1014 nisi
354 980 460 1014 etiam
490 988 532 1013 ut
560 959 676 1014 sulc'is
699 979 900 1014 adsciveris.

950 980 1074 1025 (Malis
1105 980 1293 1026 Virgilium
1323 981 1527 1026 scripsisse:
1569 983 1619 1014 Ut

94 1020 226 1061 var-ias
242 1039 334 1062 usu-5
349 1047 394 1052 —-
414 1047 456 1052 —
483 1027 692 1067 Paulac1m3
718 1035 759 1060 ut
778 1028 894 1060 sulcis
912 1046 957 1051 —-
977 1047 1021 1052 —
1042 1026 1210 1069 herbam,
1236 1031 1286 1062 Et
1306 1029 1421 1062 silicis
1437 1036 1502 1061 etc.
1547 1028 1620 1061 Sed

94 1070 290 1108 varva..
312 1074 441 1108 mee.
462 1075 623 1116 1v,.203
653 1074 751 1118 Wr.)

846 1074 915 1110 136
943 1075 1049 1107 Tunc
1065 1074 1175 1108 alnos
1184 1076 1290 1121 fluv'
1275 1088 1300 1109 ιι
1314 1077 1474 1122 primum
1493 1074 1618 1119 scripti

93 1121 216 1155 Heius.
236 1120 333 1167 quod
351 1121 497 1155 Wakef.
519 1121 677 1166 sequitur
695 1133 738 1154 ex
759 1120 815 1154 ed.
836 1127 907 1154 ant.
926 1127 1071 1166 praeter
1089 1122 1219 1155 Medic.
1240 1129 1277 1155 et
1292 1122 1383 1156 Gud.
1423 1123 1618 1168 (receptum

91 1168 280 1202 verborum
298 1168 461 1202 ordinem
481 1167 654 1202 exhibet
642 1179 711 1201 lam
728 1168 808 1202 ΔΜ.
825 1174 903 1201 tert.
932 1168 1028 1212 Wr.)
1054 1169 1118 1202 alt
1110 1181 1183 1202 eos
1193 1169 1323 1203 Scheff.
1347 1170 1460 1203 alnus
1472 1169 1616 1202 Mentel.

92 1226 148 1260 pr.
166 1228 189 1249 ιι
204 1227 250 1249 ιιι.
266 1227 322 1261 pr.

91 1265 180 1296 A.en
200 1263 262 1300 vl.
280 1260 339 1298 64.
371 1262 459 1295 dum
477 1262 532 1296 ed.
552 1262 679 1296 Norib.

396 1215 463 1251 137
487 1215 620 1249 stellas
634 1216 773 1260 Menag.
795 1215 896 1248 alter.
930 1215 1019 1248 Nat
1011 1224 1075 1249 tta
1093 1228 1174 1248 cum
1192 1217 1312 1250 stellis
1327 1216 1445 1249 laudat
1457 1219 1555 1250 Serv.
1572 1216 1617 1249 ad

776 1263 843 1298 138
868 1262 1025 1295 Plaadas
1045 1262 1124 1295 alii:
1150 1262 1200 1296 ita
1221 1271 1333 1309 atque
1349 1265 1412 1308 Hy
1414 1263 1509 1297 adas
1525 1262 1617 1296 seri-

92 1309 246 1343 bendum
265 1309 375 1343 foret.
422 1308 495 1343 Alii
518 1321 587 1355 que
608 1308 788 1342 adiiciunt.
838 1309 947 1353 (Med.
973 1322 993 1342 a
1010 1322 1055 1342 m.
1074 1321 1128 1354 pr.
1151 1313 1313 1343 Arecom-
1357 1310 1452 1354 Wr.)

1549 1311 1616 1346 139

97 1358 203 1390 Tunc
216 1355 346 1390 Medic.
378 1368 399 1389 a
424 1368 471 1389 m.
492 1368 546 1401 pr.
582 1356 667 1401 (vid.
687 1358 730 1398 Q.
752 1357 794 1390 V.
815 1356 937 1398 XXV,
961 1357 998 1399 5,
1021 1356 1057 1390 b.
1095 1357 1192 1401 Wr.)
1240 1357 1375 1403 laqueo
1393 1369 1480 1390 unus
1499 1357 1616 1391 Mead.

92 1402 230 1438 hibisco
244 1402 336 1438 coni.
354 1402 509 1438 virorum
527 1403 709 1437 doctorum
728 1415 785 1448 ap.
806 1404 922 1436 Burm.

89 1485 288 1525 homines.
317 1486 563 1535 medimndo,
586 1485 826 1536 exercendo,

92 1543 358 1597 experiundo.
386 1544 492 1583 Nota
510 1557 587 1583 res.
613 1545 664 1583 cf.
684 1543 825 1583 Cerda.

95 1601 190 1644 134.
224 1602 431 1654 frumenti
471 1601 637 1641 herbam
655 1632 666 1652 ‚
725 1608 825 1641 noto

91 1673 206 1699 more
229 1666 446 1713 poetarum
469 1674 545 1713 pro
575 1659 702 1698 herba
732 1661 825 1699 sru-

89 1724 319 1767 mmtacea,
357 1717 399 1757 h.
429 1731 463 1756 e.
488 1719 694 1756 frumento
706 1748 718 1767 ‚
758 1731 824 1756 se—

89 1782 200 1830 gete:
230 1776 334 1815 cons.
357 1775 437 1815 Ecl.
458 1776 505 1825 V,
518 1779 588 1821 26.
620 1784 825 1829 quaereret

90 1835 214 1873 sulcis
228 1864 241 1884 ‚
316 1834 498 1872 aratione
559 1833 822 1887 produceret,

90 1907 212 1940 usus5
243 1897 291 1931 ut
309 1906 408 1942 usu,
440 1898 548 1942 arte,
578 1898 824 1945 pararentur

90 1951 308 1989 frumenta.
386 2002 393 2003 ἶ

150 2010 246 2050 136.
276 2009 381 2046 Τιιιιι
416 2007 596 2060 primum
623 2007 824 2059 navigatio

89 2065 266 2106 inventa.
307 2063 446 2105 Multis
468 2065 600 2104 modis
619 2066 824 2104 variatum

89 2123 330 2176 phantasma
346 2123 455 2176 apud
465 2130 623 2176 poetas:
646 2123 739 2162 vide
753 2123 824 2161 Ti-

89 2182 189 2220 bull.
205 2182 235 2231 1,
255 2184 296 2231 3,
315 2182 383 2224 35.
422 2181 608 2233 Propert.
628 2181 695 2230 III,
704 2181 744 2230 5,
754 2180 823 2222 43

89 2239 227 2284 Manil.
249 2239 280 2287 I,
303 2241 358 2280 78
370 2252 428 2290 sq.
484 2240 579 2277 IVec
604 2240 732 2277 vitam
742 2253 825 2289 pe-

91 2298 190 2350 lago
215 2327 228 2347 ‚
269 2311 343 2334 nec
379 2298 506 2335 venti-5
544 2296 697 2334 credere
730 2304 824 2334 vola

90 2354 310 2400 Audebunt
323 2385 333 2402 ‚
367 2369 408 2392 se
427 2356 595 2407 quisque
626 2355 726 2391 satis
747 2368 824 2392 no—

90 2414 196 2452 visse
212 2411 426 2464 putabant.
484 2411 714 2464 Legendum
742 2411 824 2449 sal-

90 2477 176 2509 tem
188 2485 266 2508 sua
277 2486 293 2517 ‚·
325 2470 539 2508 Santenius
566 2469 825 2508 emendabat:

92 2529 355 2580 suaquisque
373 2529 472 2566 salis
501 2529 590 2566 sola
608 2542 721 2566 nosse
736 2542 825 2578 pu—

93 2584 246 2624 tabant.
254 2607 315 2615 —
332 2599 483 2623 sensere
494 2591 703 2651 tamquam
722 2599 824 2623 onus

93 2656 266 2692 novum,
294 2643 355 2696 ips
338 2642 371 2680 si
398 2642 533 2682 adhuc
559 2643 718 2682 intacti:
748 2657 823 2695 pro

93 2700 282 2739 habuere.
331 2701 474 2738 alnum
499 2714 598 2740 velo
627 2700 824 2750 nominat,

95 2758 189 2810 quia
233 2757 479 2809 palustribus
529 2765 571 2797 et
619 2758 826 2797 littoribus

95 2815 265 2868 gaudet:
296 2815 365 2852 Ge.
384 2816 432 2864 Il,
458 2816 539 2858 451
581 2818 672 2855 Να-
686 2831 765 2854 non
787 2824 823 2853 et

95 2880 300 2911 torrentem
335 2872 489 2910 undam
526 2874 626 2912 levi-s
665 2876 824 2911 innatat

95 2931 216 2969 alnus
233 2931 370 2967 Missa
390 2930 520 2968 Pado.
582 2934 677 2972 137.
707 2930 824 2969 Side—

96 3003 143 3028 ra
170 2986 270 3026 locis
298 2990 382 3025 suis
410 2991 453 3024 et
488 2988 717 3027 nominibus
747 3002 825 3026 no-

883 1486 966 1525 tari
1006 1499 1184 1539 coepere.
1240 1485 1448 1540 (numeros
1479 1487 1611 1539 ficit.-

882 1544 964 1594 „ad
996 1544 1278 1596 distinguenda
1310 1545 1441 1583 sidera
1475 1545 1615 1583 obser-

880 1602 1058 1641 vabatur
1074 1616 1267 1641 numerus
1285 1603 1504 1652 stellarum,
1523 1602 1615 1654 qui-

880 1659 956 1699 bus
978 1660 1169 1712 quodque
1194 1663 1438 1700 constaret.“
1468 1661 1533 1699 Sic
1547 1660 1613 1698 Ia-

881 1718 988 1756 cobs.
1024 1717 1154 1772 Wr.)
1210 1719 1512 1757 Enumerantur
1538 1732 1614 1757 au-

880 1782 964 1815 tem
984 1789 1041 1826 ea,
1072 1789 1175 1828 quae
1196 1783 1238 1815 et
1256 1776 1502 1815 lucidissima
1518 1782 1615 1815 sunt

882 1840 924 1872 et
948 1834 1055 1872 inter
1084 1834 1240 1886 reliqua
1266 1835 1448 1873 omnium
1484 1834 1614 1887 prima

883 1892 1120 1942 observata,
1150 1892 1195 1931 in
1223 1893 1442 1946 primisque
1464 1892 1518 1931 ad
1537 1906 1613 1930 na-

882 1950 1095 2003 vigationis
1111 1950 1242 2003 prima
1254 1951 1471 1990 exordiain
1494 1964 1614 1989 usum

881 2015 1041 2047 vocata.
1083 2006 1265 2062 (nomina
1281 2009 1391 2060 ficit
1417 2009 1615 2046 Pleiadas

883 2072 959 2105 etc.
979 2073 1029 2105 ut
1059 2080 1121 2119 ap.
1142 2066 1228 2105 Liv.
1255 2067 1339 2116 V11,
1361 2069 1450 2108 22:
1479 2066 1613 2116 „Qui-

883 2123 976 2162 dam
992 2125 1304 2174 Kaesonem
1335 2123 1402 2162 alii
1431 2124 1613 2163 Gaium

881 2195 1067 2220 nomen
1097 2181 1268 2230 Quintio
1298 2182 1613 2221 adiiciunt.“

882 2245 924 2278 et
952 2240 1083 2278 multa
1108 2240 1184 2278 alia
1216 2239 1262 2278 id
1287 2253 1432 2292 genus3
1460 2240 1545 2280 vid.
1563 2240 1611 2279 V.

881 2297 924 2336 L.
952 2297 1006 2335 ad
1030 2297 1129 2336 Aen.
1158 2298 1226 2347 ΠΙ,
1258 2300 1324 2340 18.
1365 2304 1407 2336 et
1437 2298 1531 2337 Not.
1559 2298 1612 2336 ad

882 2355 1009 2394 eiusd.
1036 2356 1063 2395 l.
1095 2369 1154 2395 VS.
1190 2358 1287 2398 693.
1332 2355 1452 2413 Wr.)
1515 2358 1611 2398 138.

880 2414 1026 2452 Arctos
1046 2443 1057 2462 ,
1106 2427 1204 2452 ursa
1238 2413 1369 2452 maior
1390 2444 1402 2464 ‚
1449 2413 1610 2463 Helice,

884 2471 978 2510 olim
1015 2471 1179 2510 Callisto
1198 2501 1210 2520 ,
1255 2473 1461 2523 Lycaonis
1507 2472 1609 2522 filia,

882 2535 982 2569 nota
1007 2530 1076 2568 vel
1105 2542 1156 2567 ex
1184 2529 1304 2567 ovid.
1332 2529 1429 2568 Met.
1443 2530 1491 2580 ΙΙ,
1512 2530 1609 2572 505.

882 2587 997 2625 clara
1025 2600 1125 2626 vero
1151 2591 1357 2638 tamquam
1391 2587 1521 2626 sidus:
1561 2594 1610 2626 ut

883 2658 970 2697 sup.
988 2659 1029 2684 v.
1051 2645 1077 2687 5
1116 2645 1343 2682 clarissima
1378 2645 1521 2682 mundi
1550 2647 1609 2682 si-

881 2702 990 2741 dera.
1048 2702 1132 2741 Nisi
1151 2703 1258 2740 forte
1283 2702 1472 2754 Virgilius
1493 2715 1609 2753 grae-—

882 2774 976 2798 cum
994 2773 1158 2799 versum
1176 2766 1269 2798 ante
1296 2760 1432 2798 oculos
1450 2759 1606 2797 habuit:

885 2814 1102 2870 Πληϊάδας
1117 2813 1172 2858 θ’
1190 2813 1339 2865 Ἵὶὶδας
1363 2833 1428 2865 τε,
1458 2813 1609 2869 κλυτήν

880 2890 923 2916 τε
942 2872 1162 2924 Λυκάονος
1172 2873 1364 2926 ''Aenon‘-

942 2935 1038 2974 139.
1057 2934 1230 2972 Venatio
1249 2938 1288 2969 et
1304 2932 1525 2981 aucupium
1543 2930 1606 2967 in-

881 2996 1063 3030 ventum.
1123 2989 1228 3029 Aves
1265 2988 1332 3026 hic
1367 2988 1474 3026 inter
1488 2986 1609 3038 feras
