1768 3320
316 184 807 277 θ’ἰὲὅῇὁἸοοΝ
841 223 983 280 LIB.
1019 224 1070 287 1,
1107 229 1404 278 eso-288
1522 231 1622 279 341

94 350 339 414 Addere3
373 366 522 401 nona
544 348 706 416 fugae
733 349 957 414 melior,
995 351 1258 400 contraria
1285 349 1453 404 furtis,

106 417 331 485 exulta
356 420 494 471 adeo
518 420 693 487 gelida
716 419 914 471 melius
936 436 995 470 se
1023 430 1186 471 nocte
1217 420 1437 487 dedere,

94 484 202 543 Ani?
217 507 387 561 quum
410 490 528 542 sole
556 507 702 541 novo
726 500 895 541 terras
919 491 1123 541 inrorat
1147 493 1307 543 EouS.

138 645 212 681 287
233 643 365 678 melius
386 643 517 693 gelida
543 642 623 685 alii3
655 643 771 678 minus
797 642 990 684 concinne3
1024 642 1090 677 sed
1114 650 1276 688 praestat
1299 644 1417 686 forte,
1448 655 1493 677 ne
1517 650 1623 677 utro-

93 703 163 738 que
178 703 284 726 versu
301 691 453 726 alterum
468 691 731 726 hemistichium
747 691 897 734 melior,
930 691 1062 725 melius
1079 691 1220 725 initium
1237 690 1380 725 habeat.
1430 692 1490 737 (At
1515 690 1623 735 longe

92 737 157 774 alii
181 745 263 773 sunt
286 750 407 772 versus
439 739 691 785 praecedentis
712 737 861 772 numeri.
880 740 887 754 ¹
905 738 1091 772 dederunt
1113 741 1211 773 Serv.
1238 738 1365 772 Dresd.
1410 738 1506 782 Wr.)
1555 736 1624 771 sub

91 787 201 821 nocte
219 784 361 820 'zdicln
457 787 530 823 288
558 786 631 821 Vel
654 799 734 820 cum
761 787 940 819 Romanus
968 791 1006 818 et
1028 785 1123 830 apud
1148 785 1302 819 Pieriam
1329 784 1508 827 nonnulli,
1537 785 1623 818 item

91 842 181 867 unns
197 832 319 866 Mead.
351 833 490 880 irrigat
508 845 595 867 unns
615 832 783 867 Arnndel.
825 833 931 878 Apud
947 833 1090 866 Lucret.
1106 834 1153 875 V,
1170 833 1251 868 283.
1270 831 1342 868 284
1365 834 1445 866 Lar
1473 844 1518 866 us
1537 833 1623 866 item

91 879 227 927 liquidi
274 892 343 914 ons
360 879 511 914 luminis
531 880 725 915 aetherius
749 880 827 922 sol,
857 881 1006 927 Irrigat
1023 879 1182 914 adsidue
1207 880 1348 914 coelum
1366 892 1435 913 can
1467 892 1531 913 ore
1558 891 1622 912 re-

91 928 202 963 cenni.
300 927 456 971 akefi,ex
476 927 533 961 his
552 926 740 972 Virgilium
758 926 887 960 verba:
911 927 990 960 sole
1008 932 1107 961 novo'
1123 935 1248 961 tetras
1266 928 1418 961 inrorat
1431 929 1536 960 Eous
1551 937 1622 971 pe·-

90 974 191 1009 fiisse
211 973 264 1008 ait
285 980 323 1007 et
338 973 508 1017 laetatur,
540 974 709 1020 additque
735 974 936 1019 perurbane
957 974 1037 1008 alia.
1085 973 1213 1008 Tribui
1241 974 1318 1007 luci
1344 973 1552 1019 praedicata
1575 974 1620 1008 ab

90 1021 241 1056 humore
258 1021 375 1066 petita
391 1029 513 1055 notum
531 1028 608 1062 est3
643 1021 726 1055 luce
739 1019 942 1068 perfundi,
967 1022 1089 1068 rigari
1101 1033 1158 1054 res
1178 1020 1339 1055 sollenne
1358 1028 1428 1061 θεὶς
1455 1020 1536 1067 quia
1553 1033 1621 1055 ra—

16 1079 17 1082 ’
91 1069 147 1103 dii
162 1068 334 1123 dicuntae
339 1080 468 1123 φιν-ξι
478 1094 488 1110 ,
499 1067 622 1116 fundi
629 1081 638 1109 ς
664 1074 701 1102 et
720 1068 847 1101 eodem
864 1067 971 1101 modo
990 1081 1087 1110 nox,
1111 1081 1282 1110 somnus,
1307 1070 1434 1116 rigare
1450 1066 1619 1111 membra,

92 1128 271 1172 corpora,
294 1115 436 1149 «benur.
483 1117 525 1149 In
541 1114 599 1149 his
617 1114 707 1148 nihil
726 1113 822 1150 novi.
870 1115 982 1148 Recte
998 1115 1109 1160 igitur
1127 1116 1187 1149 sol
1203 1117 1341 1163 irrigat
1357 1116 1500 1150 caelum
1520 1115 1620 1156 luce-3

90 1162 361 1197 dunestamen
388 1162 520 1197 dictum
550 1168 670 1205 esset,
703 1162 803 1204 dies,
826 1162 944 1205 Eous,
978 1163 1128 1196 inrorat
1149 1171 1274 1196 terras
1296 1163 1377 1197 sole
1398 1175 1517 1204 novo,
1551 1162 1620 1196 etsi

88 1209 286 1244 ferundum.
310 1216 313 1219 '
331 1209 443 1244 Modo
460 1221 534 1244 non
550 1209 690 1244 doctius
713 1215 808 1243 esset
826 1209 975 1242 alterum
986 1236 996 1252 ,
1026 1208 1242 1255 Luciferum
1259 1211 1446 1252 irrorare,
1468 1208 1620 1254 irrigare

46 1261 50 1263 ’
88 1260 210 1291 tems
226 1267 332 1300 rore,
359 1254 594 1299 ‘humectare3
627 1256 745 1302 agitur
772 1256 865 1290 enim
891 1256 928 1289 h.
946 1255 971 1290 l.
996 1256 1042 1290 de
1062 1267 1173 1301 opere
1199 1257 1294 1302 qnod
1313 1263 1466 1302 propter
1489 1269 1619 1298 rorem,

90 1315 162 1351 quo
188 1303 342 1350 stipulae
358 1303 585 1349 madescunt,
618 1303 760 1338 felicius
776 1301 903 1350 peragi
921 1309 1063 1349 potest:
1097 1312 1225 1337 noctes
1246 1304 1373 1338 lentus
1390 1316 1466 1338 non
1492 1303 1619 1349 deficit

91 1434 192 1474 dum
209 1434 302 1488 iugo
320 1434 463 1485 iuncti,
496 1435 700 1474 en-abant.
724 1433 826 1489 (vid.

90 1493 275 1533 Gronov.
307 1493 435 1532 Diatr.
469 1507 558 1546 pag.
591 1494 660 1537 52.
702 1491 825 1548 (97.)

88 1551 226 1603 ibique
251 1550 388 1591 Hand.
419 1550 539 1606 Wr.)
600 1550 824 1602 Hesiodus,

90 1622 211 1662 quem
238 1608 418 1663 respexit
432 1639 444 1659 ‚
479 1615 523 1649 v.
557 1612 644 1652 797
674 1609 825 1651 εἰλίπο-

90 1668 166 1717 δας
192 1666 329 1717 ἕλικας
368 1668 472 1721 βοῦς
496 1689 556 1697 —-
586 1664 824 1720 Πρηΰνειν,

88 1725 158 1768 ἐπὶ
182 1730 296 1779 χεῖρα
326 1721 484 1775 διδούς.
539 1725 702 1764 Addere
724 1726 823 1764 licia

89 1783 219 1834 telae,
253 1788 315 1822 est
335 1783 467 1822 telam
476 1783 622 1834 ordiri3
651 1789 701 1823 ut
721 1783 822 1822 adeo

88 1841 171 1881 tela
200 1842 254 1881 sit
291 1841 378 1881 sive
411 1847 569 1880 stamen
599 1848 643 1881 et
675 1847 822 1892 trama,

88 1899 176 1939 sive
201 1900 290 1954 ipsa
313 1899 501 1939 machina
524 1900 726 1950 textoria,
757 1900 823 1940 cui

86 1954 267 2011 illigatur
289 1958 441 2010 iugum.
510 1956 592 2013 (Ad
616 1958 743 1997 verba
767 1960 822 1997 lc·-

88 2018 157 2054 cia
175 2017 279 2055 telae
298 2016 459 2065 addere,
491 2014 542 2056 11}
554 2030 587 2056 e.
603 2024 822 2066 annectere,

90 2087 297 2127 compares
314 2074 462 2113 Tibull.
481 2074 513 2123 I,
535 2078 574 2124 6,
597 2077 687 2116 79.:
716 2089 821 2124 „an-

88 2134 211 2171 nectit
240 2133 339 2170 licia
369 2133 531 2180 teli-s,·“
574 2138 617 2170 et
642 2131 734 2171 Not.
769 2131 823 2170 ad

89 2202 183 2229 eum
202 2190 351 2229 locum.
375 2189 504 2243 *We-h.
520 2212 579 2219 —
594 2189 680 2229 vid.
698 2189 823 2228 etiam

90 2247 206 2287 Obss.
245 2248 289 2287 in
326 2247 448 2287 eund.
481 2247 560 2286 loc.
602 2245 733 2302 Wr.)
762 2271 822 2277 -—-

88 2308 188 2348 286.
208 2307 359 2345 Nonus
376 2305 463 2344 dies
491 2305 617 2343 servis
641 2305 820 2357 fugitivis

88 2364 269 2415 faustus,
298 2365 457 2403 furtum
485 2364 736 2417 tentantibus
753 2363 820 2402 in-

88 2422 260 2462 faustus.
319 2422 527 2471 Quorsum
550 2419 662 2460 hoc?
699 2421 820 2460 Scili-

90 2486 155 2519 cet
194 2480 424 2519 cautionem
463 2485 582 2518 tanto
624 2480 820 2519 maiorem

90 2537 301 2577 adhibebit
322 2552 369 2577 eo
393 2538 457 2576 die
485 2538 651 2589 diligens
679 2544 822 2591 pater-

90 2596 280 2645 familias,
310 2602 358 2635 ut
378 2602 522 2634 contra
536 2595 586 2634 de
604 2597 724 2635 furtis
745 2610 821 2650 pa-

91 2668 185 2692 rum
208 2654 379 2693 sollicito
401 2667 483 2692 esse
496 2654 613 2705 licet3
636 2661 695 2693 est
716 2654 822 2693 enim

90 2711 125 2749 is
150 2711 233 2749 dies
270 2713 427 2751 furibus
465 2726 618 2764 parum,
652 2713 822 2751 faustus.

93 2770 222 2807 Pin-ta
243 2772 391 2808 amor-125·
412 2777 581 2823 propter
611 2770 822 2809 adiunctas

93 2840 305 2866 servorum
342 2828 455 2879 fugas
501 2828 702 2867 advocare
738 2843 823 2867 non

92 2897 338 2937 possumus3
378 2891 427 2923 ut
469 2899 547 2924 nec
571 2887 734 2939 fugam
772 2886 823 2925 de

93 2942 218 2980 exilio
262 2942 483 2994 intelligere
523 2957 617 2982 cum
656 2944 821 2994 Servio,

95 3014 188 3039 cum
227 2999 271 3038 in
316 3012 361 3038 re
411 3000 567 3039 rustica
599 3014 822 3041 versemur.

883 1433 1018 1474 vanas
1053 1432 1177 1473 huius
1215 1433 1369 1486 generis
1399 1433 1618 1477 iudicatio-

883 1505 954 1531 nes
985 1492 1122 1545 plures
1155 1491 1313 1531 videbis
1346 1492 1390 1530 in
1418 1492 1617 1542 Carmine,

882 1550 1062 1589 Maximo
1081 1550 1204 1603 vulgo
1233 1550 1413 1599 tributo,
1451 1550 1502 1589 de
1523 1550 1618 1589 Ele-

883 1608 1086 1648 ctionibus
1107 1623 1147 1648 v·
1168 1611 1254 1650 320
1271 1622 1342 1661 sq„
1373 1614 1414 1646 et
1439 1607 1490 1647 de
1511 1608 1618 1647 suri-

880 1667 957 1706 bus
977 1667 1064 1709 567
1084 1680 1166 1719 sq.,
1195 1666 1308 1719 apud
1330 1666 1487 1706 Fabric.
1513 1666 1615 1706 BibL

882 1726 952 1764 Gr.
967 1724 1013 1763 T.
1034 1723 1136 1774 VIII,
1158 1739 1198 1777 p.
1217 1725 1315 1767 432.
1333 1723 1433 1767 446.

938 1785 1025 1825 287
1037 1804 1088 1812 ·—
1101 1785 1201 1825 296.
1232 1783 1338 1821 Sunt
1352 1783 1474 1821 etiam
1490 1787 1618 1822 noctu

879 1840 947 1881 vel
978 1854 1136 1879 summo
1160 1854 1280 1880 mane
1302 1841 1500 1880 nonnulla
1525 1847 1616 1880 tra-

881 1898 1043 1938 ctanda,
1103 1900 1220 1938 Dare
1233 1914 1275 1937 se
1302 1900 1382 1938 alis·
1398 1899 1549 1938 dicitur
1567 1899 1614 1948 is,

881 1958 952 2010 qui
982 1957 1036 1996 ad
1064 1957 1148 2014 eius
1175 1957 1432 1996 voluntatem
1472 1970 1515 1996 se
1545 1971 1617 1996 ao-

881 2015 1115 2054 commodat
1134 2045 1145 2065 ,
1184 2015 1437 2068 gratificatur
1454 2045 1465 2065 ,
1513 2029 1616 2055 con—

881 2073 1001 2112 cedit.
1059 2075 1144 2111 Res
1161 2073 1264 2112 dant
1281 2088 1321 2111 se
1339 2104 1351 2123 ,
1381 2080 1431 2112 ut
1449 2087 1532 2112 sese
1552 2073 1617 2113 of·-

880 2132 1021 2170 ferunt
1041 2161 1052 2180 ,
1094 2137 1330 2171 occurrunt.
1397 2132 1462 2170 Sic
1491 2138 1532 2170 et
1549 2132 1615 2170 lo—

881 2203 975 2240 cus,
1017 2189 1194 2239 occasio,
1230 2196 1412 2243 tempus,
1443 2203 1485 2228 se
1516 2190 1615 2228 dare

880 2247 1043 2286 dicitur.
1101 2249 1194 2286 Dat
1210 2263 1251 2286 se
1280 2255 1320 2286 et
1344 2248 1471 2298 illud,
1503 2247 1615 2300 quod

877 2305 1095 2358 impulsum
1125 2305 1294 2345 inclinat
1320 2320 1382 2356 se,
1419 2306 1612 2356 flectitur,

878 2364 998 2403 cedit.
1056 2364 1199 2415 Itaque
1227 2371 1271 2404 et
1296 2363 1338 2403 h.
1368 2365 1396 2403 l.
1424 2366 1554 2403 multa
1572 2378 1614 2402 se

877 2422 1088 2472 dederunt,
1116 2421 1160 2460 h.
1178 2435 1221 2461 se
1239 2422 1338 2462 dare
1356 2423 1487 2461 solent
1499 2453 1510 2472 ‚
1542 2435 1614 2460 oc-

879 2486 1053 2519 currunt
1070 2480 1237 2533 agenda,
1265 2481 1407 2534 perfici
1424 2487 1464 2519 et
1478 2479 1615 2533 peragi

878 2545 1062 2592 possunt.
1130 2539 1318 2578 Servius:
1367 2540 1511 2576 melius
1536 2552 1613 2575 no-

880 2606 958 2635 stro
982 2596 1250 2650 obsequuntur
1264 2597 1403 2638 labori.
1423 2596 1522 2635 Aen.
1546 2595 1612 2644 IV,

882 2658 967 2697 627
999 2656 1128 2693 ZVunc
1145 2655 1256 2705 olim,
1286 2668 1522 2707 quocunque
1532 2653 1613 2690 cla-

881 2712 978 2751 bum
997 2727 1038 2751 se
1060 2721 1231 2764 tempore
1249 2716 1363 2752 vires.
1401 2713 1448 2750 cs.
1474 2712 1611 2749 Burni.

883 2771 935 2809 ad
948 2771 1078 2809 Gratii
1090 2771 1236 2822 Cyneg.
1252 2785 1293 2809 v.
1318 2769 1411 2811 143.
1433 2768 1489 2822 (et
1505 2769 1612 2805 Gro-

882 2843 977 2868 nov.
1000 2828 1162 2867 Elench.
1180 2828 1400 2867 Antidiatr.
1420 2841 1458 2878 p,
1473 2828 1540 2867 84.
1553 2838 1610 2875 sq.

887 2885 1018 2941 Wr.)
1079 2888 1177 2928 288.
1229 2888 1342 2924 Eous
1380 2880 1490 2938 η’ῷος
1526 2882 1610 2919 scil·

883 2940 1012 2998 ἀστὴρ
1034 2975 1047 2996 ,
1086 2939 1289 2996 ἕωςφόρος
1314 2956 1398 2994 pro>
1414 2940 1611 2988 Lucifero,

883 3008 1005 3054 atque
1035 3001 1136 3040 adeo
1160 3015 1236 3054 pro
1261 3006 1357 3039 ortu
1374 2997 1487 3037 lucis.
1546 2996 1612 3036 Sic
