1734 3320
250 187 739 260 GEoR'Glcon
765 209 908 260 LIB.
941 210 1036 274 111,
1058 216 1358 266 zoe-214

1463 216 1567 267 539

0 344 4 349 '
39 335 319 400 Crescere,
364 336 471 385 iam
510 334 750 399 domim,
798 335 984 397 sinit03
1013 352 1278 404 >namque
1312 347 1435 390 ante
1465 339 1567 390 do-

827 405 1093 455 mandum

35 474 275 540 Ingentis
294 473 489 524 tollent
509 475 742 539 animOS,
776 476 1070 543 prensique
1091 476 1371 541 negabunt

34 543 278 597 Verbera
298 543 443 595 lenta
460 545 568 611 pati
594 554 647 594 et
672 545 818 596 duris
840 563 1031 613 parere
1056 545 1261 613 lupatis,

109 613 221 664 Sed
238 630 353 664 non
373 614 482 664 ulla
500 616 668 681 magis
690 616 829 666 vires
848 616 1108 666 industria
1125 615 1320 685 firmat,

37 686 215 749 Quam
247 687 525 737 Venerem
560 694 613 736 et
645 688 787 737 caeci

831 686 1077 737 stimulos
1130 695 1374 737 avertere
1418 704 1568 737 amo-

832 758 920 821 ris,
1463 764 1569 810 210

37 823 160 875 Sive
187 823 386 889 houm,
423 825 533 875 sive
555 834 634 876 est
653 827 738 876 cui
760 828 960 892 gratior
975 843 1103 877 usus
1124 843 1413 894 equorum.

33 896 213 962 Atque
234 894 361 945 ideo
385 903 566 955 tauros
587 897 780 963 procul
799 907 959 965 atque
990 897 1046 946 in
1066 896 1178 946 sola
1199 897 1442 963 relegant

33 966 262 1030 Pascua,
299 974 423 1033 post
441 975 691 1016 montem
714 965 1052 1035 oppositum,
1092 976 1145 1018 et
1176 975 1319 1017 trans
1339 965 1568 1018 flumina

828 1037 930 1088 lata
942 1062 956 1099 ;

33 1106 143 1157 Aut
160 1104 304 1156 intus
325 1104 531 1156 clausos
553 1115 728 1157 satura
748 1106 812 1157 ad
837 1107 1115 1176 praesepia
1135 1115 1361 1159 servant.

103 1203 223 1252 206.
262 1200 542 1251 Ciuzscmm
577 1215 678 1250 IAM
713 1216 939 1252 Domus
965 1216 1004 1254 s,

81 1303 154 1340 206
177 1303 309 1339 domiti
324 1311 399 1339 tres
419 1318 476 1352 ap.
497 1307 613 1339 Burm.
640 1306 724 1351 (vid.
745 1308 789 1349 Q.
816 1308 862 1342 V.
882 1308 1045 1349 XXIIII,
1070 1308 1104 1342 6.
1134 1306 1232 1350 Wr.)

1329 1306 1399 1343 207
1424 1305 1571 1341 tomam·

36 1349 131 1394 duo,
164 1357 202 1385 et
229 1355 327 1387 Serv.
347 1353 393 1387 ad
423 1365 457 1386 v.
484 1354 553 1389 174
578 1353 616 1386 in
641 1354 822 1388 nonnullis
849 1356 934 1389 Mss.
984 1357 1125 1389 animos
1149 1354 1344 1401 pressique
1371 1352 1567 1386 Zalichem,

33 1398 107 1434 208
134 1397 300 1434 Verbera
319 1400 406 1434 dira
423 1401 537 1446 fragm

539 1425 549 1434 .
565 1402 696 1435 Moret.
745 1401 843 1435 dura
860 1404 947 1447 Beg-

1041 1402 1113 1437 209
1137 1401 1323 1435 nonnulla
1341 1401 1467 1444 fragm.
1485 1401 1569 1433 Va-

34 1444 96 1479 tic.
118 1458 141 1481 a
157 1442 212 1493 pr.
234 1459 278 1481 m.
304 1446 413 1492 (idem
432 1449 536 1482 viris.
567 1448 663 1492 Wr.)
710 1448 901 1483 industria
928 1457 1055 1483 servat
1082 1454 1171 1482 vett.
1199 1448 1337 1493 aliquot
1360 1447 1455 1493 apud
1477 1446 1567 1481 Pie-

34 1492 128 1527 rium
143 1505 221 1528 cum
242 1494 299 1528 ed.
317 1495 430 1536 Ven.;
456 1495 606 1529 alterum
622 1494 734 1539 magis
755 1496 946 1542 poeticum.

1018 1497 1086 1532 211
1114 1497 1202 1550 quoi
1219 1495 1344 1540 fragm.
1364 1493 1495 1537 vatic„
1522 1500 1566 1528 ut

34 1553 69 1575 v.
88 1541 123 1577 6.
147 1540 200 1587 (in
222 1541 350 1587 fragm.
377 1543 460 1577 Vat.
491 1549 546 1576 est
564 1555 658 1589 quo,
689 1549 726 1576 et
743 1544 759 1576 i
788 1555 895 1590 supra
923 1543 1084 1583 adiecta3
1118 1554 1156 1576 m
1181 1542 1307 1576 eodem
1328 1541 1455 1576 bovom
1476 1555 1497 1575 a
1515 1554 1566 1575 m.

33 1600 104 1669 plin,
129 1588 201 1623 vid.
232 1589 325 1624 infra
349 1601 399 1624 vs·
431 1589 515 1626 419.
558 1590 653 1634 lVr.)

71 1634 159 1670 eins.
203 1636 341 1683 procul
354 1645 466 1683 atque
481 1635 612 1683 infusa
643 1647 849 1684 resurgunt
874 1639 959 1673 Ven.
1008 1638 1153 1684 relegat
1177 1638 1303 1670 Franc.

758 1591 831 1627 212
853 1595 976 1637 Atque
990 1591 1084 1625 adeo
1101 1591 1231 1623 Moret.
1254 1596 1381 1635 quart„
1408 1588 1473 1622 sed
1491 1588 1566 1623 vid.

1396 1637 1471 1672 213
1492 1649 1566 1683 ap-

30 1684 197 1730 positum
212 1683 326 1726 Leid„
351 1684 448 1730 quod
462 1684 583 1718 Heins.
602 1685 798 1730 probabat3
822 1692 921 1720 recte
938 1684 1065 1719 reiecit
1080 1686 1197 1718 Burm.
1223 1684 1318 1718 conf.
1338 1684 1427 1718 Not.
1469 1691 1565 1718 nata

35 1729 166 1765 Medic.
183 1743 206 1765 a
220 1743 267 1765 m.
284 1743 339 1778 pr.
434 1731 507 1768 214
529 1734 654 1778 Atque
666 1731 804 1766 Zulich.

37 1825 92 1867 da
112 1825 240 1878 dixit,
266 1840 291 1866 a
305 1826 504 1867 nobiliore
524 1840 668 1880 genere
688 1826 774 1868 sive

36 1884 160 1927 etiam
175 1885 227 1924 ab
247 1885 411 1939 origine,
432 1887 612 1938 Belgica
622 1902 638 1934 ;
661 1886 772 1939 apud

35 1943 175 1996 Belgas
193 1943 312 1995 enim,
340 1950 391 1983 ut
409 1944 520 1997 apud
540 1945 771 1995 Britannos,

35 2015 135 2042 usus
151 2015 293 2041 eorum
311 2008 400 2041 erat
406 2017 418 2053 ;
448 2009 490 2041 et
506 2003 670 2054 qm'tlem
681 2002 772 2041 bel-

35 2060 138 2099 licus
156 2090 168 2110 ,
200 2066 251 2100 ut
272 2073 325 2099 ex
342 2061 510 2099 Caesare
529 2060 579 2099 de
599 2061 643 2100 B.
666 2061 770 2100 Gall.

38 2124 211 2157 constat.
270 2116 495 2172 (Sententia
519 2117 771 2168 horumvss„

39 2176 225 2215 detracto
260 2183 412 2215 ornatu
431 2207 442 2227 ‚
488 2175 591 2215 haec
622 2182 700 2216 est:
738 2178 773 2215 is

38 2248 166 2287 equus
193 2234 287 2273 talis
314 2241 375 2273 est
388 2265 398 2284 ‚
435 2235 544 2286 quali
569 2235 612 2274 in
639 2241 773 2274 certa-

37 2293 215 2332 minibus
236 2293 403 2343 Graeci,
433 2293 477 2331 in
497 2293 612 2332 bellis
632 2294 775 2346 Belgae

38 2364 61 2390 e
76 2365 202 2391 curru
211 2358 438 2404 pugnantes
448 2357 638 2390 utuntur.
659 2353 730 2391 W
723 2350 772 2405 r.)

24 2409 158 2463 seret,
200 2416 250 2450 ut
273 2424 315 2450 v.
344 2407 449 2459 184,
487 2424 563 2462 pro
593 2409 775 2462 patietur

39 2468 132 2518 did,
154 2475 293 2508 monet
309 2468 552 2518 Burmann.;
581 2482 678 2507 nam
695 2482 773 2520 pro

38 2526 170 2566 traha
190 2527 289 2580 poni
306 2540 423 2579 posse
443 2526 617 2566 dubitat.
647 2527 773 2565 Recte

38 2597 158 2636 sane;
201 2585 274 2625 sed
309 2591 446 2638 potest
482 2598 609 2636 equus
649 2585 771 2623 etiam

27 2643 142 2696 firre
161 2659 340 2693 cur-mm,
373 2642 415 2682 h.
438 2657 594 2696 rapere,
623 2643 772 2696 raptim

40 2700 213 2741 auferre.
251 2703 368 2741 molli
410 2703 513 2740 collo
535 2732 547 2751 ,
602 2701 771 2740 domito.

41 2761 155 2798 SerV.
223 2762 323 2803 206.
354 2768 455 2798 ‘ante
491 2760 766 2808 domandum,

41 2822 134 2857 ante
165 2830 287 2869 quam
311 2817 530 2857 domentur
546 2849 558 2868 ,
588 2815 667 2872 πρὸ
696 2821 771 2859 τοῦ

40 2875 414 2929 πωλοδαμνεῖσθαι.
425 2874 535 2929 (ante
556 2876 664 2915 dom.
671 2906 682 2925 ,
701 2876 726 2915 i.
737 2889 770 2915 e.

40 2935 74 2973 si
92 2933 335 2985 farraginem
362 2933 615 2986 praebueris,
655 2940 772 2972 ante—

41 3006 163 3045 quam
197 2991 363 3030 domare
398 2991 605 3043 inceperis.
647 2990 772 3044 Wr.)

829 1831 930 1871 207.
957 1829 1057 1870 208.
1086 1829 1231 1880 prensi
1262 1825 1440 1880 proprie.
1478 1824 1563 1865 vid„

831 1888 903 1926 Ge.
922 1886 952 1935 I,
971 1887 1059 1930 285
1090 1888 1147 1924 Et
1164 1899 1337 1937 prensos
1366 1884 1564 1922 domitare

829 1945 962 1984 boves.
996 1943 1158 1983 verbera
1185 1945 1296 1982 lenta
1309 1973 1321 1993 ,
1366 1942 1467 1981 lenti
1484 1942 1565 1980 fla-

828 2003 930 2056 gelli.
959 2003 1150 2054 lupatum
1172 2032 1185 2051 ,
1225 2002 1388 2040 frenum
1408 2030 1420 2050 ,
1458 2000 1565 2054 lupis

827 2074 900 2100 seu
918 2061 1065 2099 aculeis
1082 2058 1224 2099 ferreis
1244 2058 1461 2098 munitum.

886 2120 1143 2160 209—283.
1165 2116 1482 2170 Exspatiaturin
1498 2116 1565 2155 lo-

830 2190 923 2215 cum
943 2177 1198 2229 praeclarum
1214 2175 1264 2214 (le
1283 2181 1565 2214 armentorum

828 2235 967 2274 furore
987 2247 1039 2273 ex
1055 2234 1223 2274 Veneris
1241 2233 1424 2273 stimulis.
1483 2233 1565 2271 Pa-

828 2299 895 2333 rat
934 2299 1070 2332 autem
1108 2292 1329 2332 transitum
1354 2290 1565 2331 commode

832 2351 1213 2390 commemoratione
1251 2350 1406 2390 virium
1440 2348 1564 2389 nimia

831 2411 988 2449 Venere
1007 2409 1312 2448 exhaustarum.
1330 2410 1443 2447 caeci
1451 2421 1564 2446 amo-

830 2471 911 2517 ris,
944 2482 1043 2515 non,
1070 2468 1196 2506 oculis
1222 2466 1352 2520 capti,
1383 2466 1468 2517 sed,
1491 2479 1564 2504 oc-

831 2526 964 2576 culti,
1007 2526 1108 2564 clam
1134 2539 1209 2579 per
1241 2539 1368 2565 venas
1397 2531 1439 2564 et
1475 2537 1564 2563 ossa

830 2584 1054 2623 saevientis.

886 2645 984 2685 212.
1013 2641 1170 2680 Habuit
1192 2641 1328 2680 locum
1347 2646 1442 2679 ante
1462 2653 1563 2678 ocu-

827 2701 889 2740 los
911 2700 1132 2739 Columella
1153 2700 1219 2750 Vl,
1238 2702 1309 2748 27,
1330 2701 1373 2747 8,
1407 2704 1449 2737 et
1466 2710 1563 2736 ver-

830 2773 919 2799 sum
951 2765 1184 2811 sequentem
1219 2757 1384 2796 Gratius
1415 2756 1563 2808 Cyneg.

830 2820 915 2860 377
937 2825 1047 2855 trans
1058 2818 1167 2855 altas
1185 2816 1325 2854 ducere
1338 2815 1466 2851 valles
1475 2813 1564 2851 Ad.

830 2890 997 2923 moneo;
1033 2876 1241 2925 latumque
1249 2873 1369 2924 fuga
1391 2885 1562 2922 supera—

830 2933 921 2971 bitis
939 2947 1115 2971 amnem.
1150 2931 1269 2970 Ovid.
1296 2929 1385 2967 Art.
1405 2929 1454 2978 II,
1476 2927 1562 2970 487

831 2993 963 3042 spatio
985 2999 1136 3029 remota
1157 3003 1235 3040 per
1254 2989 1347 3027 loca
1376 2986 1564 3026 dividuos
