1734 3320
162 217 263 264 698
421 210 790 262 EXCURSUS
828 212 906 261 111
948 213 1039 261 AD
1077 213 1347 263 LIBRUM
1387 214 1464 264 IV

159 348 256 382 rota
282 342 325 382 in
344 341 554 382 turbinem
579 342 922 395 circumageretur
930 357 942 394 3
978 342 1093 397 atqui
1109 356 1213 395 quae
1230 357 1372 383 caussa
1397 344 1521 397 magis
1542 343 1703 395 idonea,

160 415 284 454 quam
296 401 476 455 procella
493 408 535 441 et
550 402 781 442 vorticosus
802 402 966 441 ventus!
995 401 1033 440 N
1034 416 1088 440 on
1107 402 1213 440 enim
1232 402 1330 441 satis
1342 409 1404 442 est
1416 400 1479 444 ὅτι
1499 401 1521 445 ὃ
1539 400 1704 452 Ζεύς-

159 458 233 501 τόν
260 457 409 514 τροχόν
442 456 675 514 οἷειδίνητον
700 455 994 511 κατεσκεύασε,
1035 460 1148 512 quod
1179 461 1289 514 apud
1324 459 1459 501 Schol.
1481 461 1598 501 Pind.
1618 461 1646 501 l.
1669 476 1703 501 e.

158 517 357 571 habetur3
387 525 530 572 poetas
547 525 699 571 tamen,
731 518 802 572 qui
823 518 968 558 animis
989 518 1246 559 audientium
1265 520 1439 573 speciem
1463 534 1511 559 ac
1528 520 1704 560 formam

160 577 337 630 aliquam
366 577 447 629 rei,
489 577 736 632 phantasma
769 576 939 629 aliquod
978 590 1210 630 proponere
1240 577 1415 629 debent,
1458 579 1704 632 excogitasse

159 635 369 690 probabile
388 636 436 676 fit
455 651 637 676 caussam
657 637 834 689 aliquam
853 642 970 675 rotae
984 642 1119 674 motae
1137 635 1191 674 ad
1210 650 1350 676 sensus
1371 643 1534 677 nostros
1552 643 1702 691 aptam.

160 695 208 735 In
228 695 567 749 interpretatione
591 701 749 745 autem,
781 700 917 734 utram
943 700 1082 733 utram
1106 694 1364 748 probaveris,
1393 702 1533 735 manet
1551 696 1704 748 aliquid

161 754 279 805 duri,
311 755 425 807 quod
438 763 563 806 poeta
591 769 787 805 novasse,
829 754 937 792 sorte
953 766 1006 792 ex
1020 753 1173 806 graecis
1192 753 1476 805 adumbrasse,
1506 754 1704 794 dicendus

161 819 234 853 est.
274 813 340 853 Me
357 817 495 851 tamen
515 812 714 865 profiteor
733 811 1022 866 procliviorem
1043 825 1128 851 esse
1147 813 1190 851 in
1209 825 1297 852 eam
1317 814 1533 864 rationem,
1567 819 1615 853 ut
1634 827 1703 852 ro-

160 881 247 911 tam
264 886 341 924 pro
371 871 602 921 rotatione,
646 872 765 927 δίνῃ·,
805 871 958 910 dictam
987 877 1127 924 putem
1137 886 1149 923 3
1179 871 1323 912 eodem
1350 871 1475 911 modo
1494 885 1576 925 quo
1600 873 1704 912 Pro-

159 931 281 984 pertii
309 938 442 969 rotam
457 929 617 968 rhombi
637 930 789 983 accipio
807 944 884 983 pro
908 929 1126 970 rotatione.
1186 929 1390 984 Apposuit
1409 930 1477 970 ille
1493 930 1704 984 epitheton

159 991 442 1039 stramineam,
473 989 639 1041 poetico
660 1002 788 1039 more,
820 1002 919 1034 eum
934 988 1126 1028 rhombus
1144 989 1310 1043 proprie
1332 991 1555 1029 stamineas
1570 1020 1582 1040 ‚
1616 996 1704 1029 sta-

158 1048 267 1087 mine
297 1047 597 1087 circumvoluto
636 1047 834 1087 dicendus
868 1053 986 1087 esset.
1045 1048 1092 1087 In
1124 1048 1254 1087 altero
1277 1047 1481 1101 Propertii
1508 1048 1600 1088 loco
1635 1049 1703 1099 IV,

163 1109 229 1158 11,
250 1109 306 1150 23
339 1106 573 1160 ambiguum
595 1112 761 1157 manet,
792 1114 927 1145 tacent
945 1108 1104 1146 Ixionis
1129 1106 1264 1157 orbes,
1298 1107 1405 1146 sitne
1424 1115 1560 1146 tac-ent
1583 1107 1704 1147 docte

158 1166 336 1219 positum
353 1179 431 1219 pro
454 1165 643 1218 quiescit,
676 1171 806 1205 cessat
824 1171 939 1216 rota,
972 1179 1024 1205 an
1049 1165 1099 1204 de
1119 1165 1297 1218 strepitu
1316 1179 1388 1206 seu
1405 1172 1522 1205 rotae
1541 1179 1613 1205 seu
1634 1180 1704 1205 ae—

157 1224 214 1264 ris
242 1231 364 1278 poeta
392 1225 647 1277 cogitaverit.
708 1225 899 1263 Ceterum
925 1237 978 1263 ex
1006 1223 1078 1275 iis,
1119 1237 1223 1276 quae
1250 1223 1387 1264 Schol.
1407 1224 1576 1264 Pindari
1598 1225 1641 1264 P.
1663 1228 1703 1275 2,

158 1282 221 1329 40¹
235 1297 286 1322 ex
306 1283 546 1336 Asclepiade
579 1282 624 1325 ἐν
646 1287 732 1333 τοῖς
748 1282 1105 1340 τραγῳδουμένοις
1131 1283 1317 1336 repetiit,
1348 1289 1540 1338 apparet,
1570 1284 1704 1337 prima

158 1342 320 1381 fabulae
343 1342 514 1381 stamina
538 1355 590 1382 ex
609 1355 657 1381 eo
680 1342 805 1382 ducta
829 1355 935 1392 esse,
967 1341 1081 1394 quod
1101 1341 1287 1381 Ixionem
1313 1349 1433 1382 vetus
1457 1348 1581 1395 poeta
1601 1357 1703 1396 pro-

159 1402 258 1440 cella
278 1401 495 1455 abreptum
513 1407 554 1440 et
580 1401 623 1440 in
645 1402 867 1441 Tartarum
895 1400 1214 1454 praecipitatum
1245 1407 1389 1441 ornate
1410 1400 1593 1441 dixerat:
1621 1399 1706 1443 ’ὑπὸ

158 1457 235 1516 γάρ
258 1461 376 1514 δίνης
403 1459 474 1502 καὶ
498 1462 690 1501 &venun
717 1455 846 1502 αὖτόν
869 1458 1181 1514 ἑξαρπασθέντα
1202 1463 1438 1515 φθαρῆναι.
1498 1460 1555 1500 At
1573 1460 1703 1500 serio-

157 1533 222 1558 res
247 1519 297 1558 de
312 1519 429 1559 furiis
447 1519 594 1558 mentis
616 1518 914 1573 cupiditatibus
937 1518 1078 1571 agitati
1098 1518 1344 1572 cogitarunt.

751 2195 1126 2236 LIPSIAE

513 2317 579 2343 EX
621 2317 872 2344 OFFIGINA
913 2318 949 2342 Β.
992 2318 1031 2343 G.
1075 2316 1357 2345 TEUBNERI.

1641 3035 1700 3073 lm
