1734 3320
159 238 267 305 ι612
495 233 551 282 P.
588 231 948 283 VIRGILII
984 231 1364 292 MARON-IS.

161 359 528 428 Pallentisque
552 359 764 424 ederaS‚
805 367 858 408 et
880 359 1105 408 amantis
1119 358 1281 421 >[litora
1297 367 1515 423 myrtos,

161 435 410 498 Namque
424 430 528 480 sub
551 429 809 481 Oebaliae
828 429 1055 479 memini
1074 446 1164 480 me
1184 429 1420 480 turribus
1442 428 1574 493 altis,
1598 431 1698 482 125

237 526 349 578 125.
388 540 435 576 T.
452 538 607 574 ARCIs

212 640 281 678 124
305 654 375 688 que
396 642 498 676 abest
519 642 562 676 ab
584 641 664 675 edd.
686 645 758 674 ant.
782 645 820 673 et
837 640 961 685 fragm.
983 639 1101 674 Vatic.
1152 640 1421 687 Pallantes-que
1439 639 1608 675 Rottend.
1628 651 1697 673 sec.

163 693 211 724 At
237 696 322 724 tert.
352 690 632 736 Pallantisqae,
675 694 715 721 ut
742 687 928 721 Palantes
948 687 1110 721 hederae
1133 687 1222 730 sint,
1256 688 1354 721 velut
1383 691 1579 722 Errantes.
1627 687 1700 721 Sed

164 744 243 771 sunt
262 737 507 771 aberrationes
526 737 610 769 illae
627 742 840 781 perpetuae3
876 742 910 768 et
929 734 1063 768 hedera
1084 734 1172 769 alba
1190 747 1209 767 a
1226 736 1339 781 nigra
1361 735 1599 781 distinguitur.
1627 735 1698 768 vid.

163 784 340 818 Heinsius.
437 784 503 820 125
530 782 704 816 Oebaliae
724 782 871 815 memini
889 794 945 815 me
973 780 1141 816 turribus
1169 782 1259 815 alcis
1280 782 1386 827 vulgo
1404 782 1534 829 ubique
1553 782 1698 827 legitur.

166 831 340 865 Oebaliae
358 851 403 856 -—
424 832 524 864 arcis
550 830 646 875 apud
672 828 831 863 Arusian.
854 828 1044 871 Messium,
1078 829 1174 874 quod
1204 829 1306 863 unice
1335 842 1457 863 verum
1489 843 1566 864 esse
1584 830 1699 863 nullus

165 879 312 919 dubito,
351 890 513 924 nuncque
542 890 620 911 cum
649 876 825 910 Brunckio
855 875 989 922 recepi.
1039 876 1127 918 Quis
1157 875 1465 911 enim Oebaliam
1491 877 1622 911 dixerit
1654 877 1700 910 de

163 927 252 959 urbe
280 927 458 967 Tarento,
492 931 552 958 aut
578 923 773 958 Tarentina
799 923 975 968 regione?
1010 923 1087 969 quis
1116 932 1242 957 turres
1271 923 1470 958 Oebaliae?
1503 925 1585 971 quis
1606 925 1701 958 ferat

165 981 290 1007 turres
308 974 456 1008 Atticae
472 983 539 1018 pro
559 971 736 1005 Athenis?
772 973 819 1005 At
840 984 961 1004 arcem
978 982 1044 1017 pro
1065 971 1153 1004 urbe
1172 971 1291 1005 dicere
1312 979 1466 1017 poterat,
1492 981 1705 1018 quamquam

166 1027 202 1053 et
222 1033 292 1054 arx
321 1021 476 1053 Tarenti
496 1032 539 1052 ex
555 1018 659 1053 Livio
680 1017 767 1052 satis
785 1025 883 1052 nota.
932 1016 1101 1051 turribus
1116 1020 1217 1052 autis-
1233 1019 1362 1053 Medic.
1383 1032 1403 1053 a
1423 1032 1469 1054 m.
1487 1032 1542 1065 pr.
1579 1019 1700 1053 Oeba-

166 1067 216 1102 lio
235 1067 344 1101 Goth.
370 1079 424 1111 pr.
474 1067 567 1100 Mira
588 1079 631 1100 ex
651 1066 721 1100 hoc
742 1066 884 1099 nomine
903 1072 981 1099 orta
1011 1072 1066 1098 est
1088 1067 1291 1110 corruptela
1317 1067 1412 1112 apud
1437 1067 1629 1114 Corippum
1654 1067 1700 1100 de

164 1114 258 1148 laud.
283 1114 403 1148 lustin.
434 1115 502 1156 111,
539 1112 586 1149 94
623 1115 720 1147 vites
742 1133 787 1138 ——
809 1116 911 1156 Quas
943 1111 1113 1146 manibus
1133 1115 1301 1160 propriis
1327 1114 1483 1149 Ithacus
1510 1115 1702 1162 plantavit

173 1163 327 1207 Ulysses
344 1165 442 1195 Arce
463 1160 530 1195 sub
551 1159 704 1194 Oebalia
723 1161 880 1194 Laertia
899 1160 1026 1193 limina
1048 1172 1226 1202 servans,
1258 1162 1434 1207 Nondum
1464 1163 1620 1196 Troiani
1638 1163 1700 1196 vi-

166 1217 252 1242 tan-s·
272 1210 487 1242 discrimina
517 1207 612 1242 belli.
662 1207 743 1241 Nisi
771 1206 958 1241 Oebaliam
985 1219 1105 1240 arcem
1130 1207 1226 1241 forte
1258 1221 1301 1242 ex
1322 1209 1500 1243 Laconica
1528 1222 1606 1243 cum
1626 1210 1701 1243 Pe-

164 1256 313 1302 nelope,
338 1255 442 1289 Icarii
462 1255 556 1298 filia,
592 1256 628 1288 in
645 1255 803 1288 Ithacam
821 1255 1038 1297 transferas,
1071 1253 1187 1287 nullus
1210 1255 1243 1288 ei
1261 1255 1360 1290 locus
1383 1268 1460 1290 esse
1480 1263 1611 1301 potest.
1660 1258 1700 1290 In

165 1304 245 1337 cod.
273 1303 399 1345 unico,
431 1303 526 1336 unde
547 1314 687 1337 carmen
713 1302 916 1349 profectum
940 1308 1014 1343 est,
1041 1307 1135 1334 erat:
1168 1304 1308 1337 Parce-s·
1340 1302 1402 1337 ubi
1423 1304 1550 1338 Italia.
1598 1305 1700 1338 Nunc

92 1382 94 1385 ,
164 1351 303 1384 Barthii
325 1350 525 1384 emendatio
546 1356 711 1396 recepta:
755 1351 854 1383 Pace
883 1348 950 1382 sub
965 1349 1096 1382 Iliaca.
1145 1350 1286 1384 Interea
1312 1351 1495 1384 fatendum
1516 1358 1590 1394 est,
1615 1363 1701 1385 cor-

164 1399 339 1443 ruptelam
362 1398 400 1431 in
421 1399 568 1431 Marone
595 1409 673 1431 esse
703 1396 819 1431 videri
844 1396 948 1429 valde
979 1396 1181 1442 antiquam,
1216 1398 1513 1443 quandoquidem²
1529 1399 1566 1432 in
1593 1399 1701 1432 Clau-

165 1445 271 1479 diano
295 1457 337 1478 ex
357 1444 556 1479 imitatione
576 1445 708 1478 dictum
728 1443 900 1478 occurrit:
932 1445 1054 1486 Liris,
1080 1451 1116 1476 et
1137 1443 1309 1478 Oebaliae
1327 1447 1391 1492 qai
1407 1454 1587 1494 temperat
1605 1459 1702 1480 arva

167 1493 367 1526 Galaesus:
401 1492 439 1525 in
471 1493 579 1526 Prob.
610 1493 691 1528 260.
736 1491 938 1537 (Librorum
963 1503 1045 1524 mss‚
1077 1490 1269 1525 lectionem
1302 1493 1499 1526 defendunt
1524 1495 1630 1528 Voss.
1652 1500 1699 1535 et,

166 1540 226 1585 qui
248 1541 292 1573 ab
311 1540 436 1573 Iahnio
469 1539 654 1582 laudatur,
688 1539 890 1574 Weichert.
918 1539 1148 1572 Commentat.
1178 1539 1223 1572 de
1251 1539 1349 1574 Titio
1378 1540 1554 1586 Septimio
1578 1548 1700 1587 poeta.

167 1587 270 1623 1824.
289 1588 345 1621 ed.
394 1590 517 1633 Itaque
541 1587 631 1621 altis
648 1586 824 1621 revocavi.
856 1587 954 1633 Wr.)

166 1683 315 1722 seriore
335 1684 430 1722 anni
452 1690 655 1736 tempore,
687 1682 907 1726 Novembri

167 1755 213 1780 ac
232 1742 454 1791 Decembri,
485 1742 618 1790 ssoret,
648 1747 696 1780 ut
708 1742 758 1780 de
779 1741 907 1780 Thra-

167 1800 227 1839 cia
249 1814 296 1838 ac
316 1801 485 1839 Graecia
509 1800 777 1839 tradiderunt
801 1801 908 1838 Bus-

165 1858 337 1910 bequius
392 1864 430 1896 et
490 1859 786 1897 Turnesortius.
827 1878 829 1881 v
854 1859 908 1896 Et

167 1915 437 1969 Theophrast.
470 1916 519 1954 de
552 1916 655 1954 Hist.
687 1916 819 1954 Plant.
839 1916 907 1966 VI,

168 1978 208 2025 6,
228 1975 317 2014 loco
339 1975 388 2014 ab
406 1974 779 2013 Heinsio‘laudato:
801 1971 905 2028 νάρ-

167 2046 307 2082 κισσος
349 2030 378 2086 ἢ
425 2034 580 2087 λείριον
604 2056 656 2062 —-
692 2030 821 2084 ὅψιον
862 2030 906 2073 δὲ

169 2089 334 2145 σφόδρα
353 2105 362 2115 ”
395 2088 494 2145 μετοῖ
516 2088 593 2145 yde
627 2086 857 2145 ἀρκτοῦρον
877 2090 908 2145 ἦ

169 2147 374 2202 ἅνθησις,
425 2149 496 2190 καὶ
535 2149 630 2203 περὶ
672 2149 903 2203 ἰσημερίαν.

167 2207 215 2246 In
237 2216 463 2246 comantem
490 2207 576 2246 vim
606 2208 785 2259 agnoscit
804 2207 907 2246 Mei-

168 2272 300 2305 erotto
325 2266 366 2312 in
389 2266 527 2305 Dubiis
548 2280 587 2318 p.
612 2269 676 2315 10,
706 2272 755 2304 ut
776 2266 907 2319 respi-

169 2325 301 2363 ciatur
318 2325 434 2377 copia
452 2325 602 2363 florum
619 2330 659 2362 et
677 2338 905 2377 scaporum,

168 2396 269 2434 quos
327 2383 528 2422 narcissus
583 2382 733 2421 habere
791 2383 904 2421 solet.

168 2434 455 2488 Mjitseherlieh.
478 2447 617 2479 noster
635 2439 831 2480 Adnotat.
852 2441 905 2479 ad

168 2498 220 2538 H.
234 2499 274 2537 in
298 2499 384 2538 Cer.
397 2513 436 2551 p.
452 2502 533 2540 112
551 2499 603 2537 ad
622 2502 729 2541 v.12
752 2499 906 2552 Hymni

168 2555 249 2595 hoc
268 2556 478 2609 epitheton
503 2557 697 2596 advocat:
737 2561 814 2598 τοῦ
836 2557 906 2598 καὶ

170 2610 253 2655 nimi
276 2616 390 2668 ῥίζης
410 2612 554 2672 ἕκαζεόν
584 2612 690 2666 κάρα
710 2611 907 2668 ἐξεπεφύ-

169 2688 244 2713 κει.
275 2673 491 2711 Acanthus
520 2672 561 2711 h.
589 2673 615 2712 l.
646 2673 794 2712 herbae
828 2688 907 2712 no—

169 2744 284 2780 men,
323 2737 462 2770 noster
503 2731 704 2769 acanthus
732 2733 903 2781 sativae,

170 2802 241 2828 seu
270 2790 404 2828 mollis
435 2790 632 2840 Virgilii,
665 2789 774 2841 apud
795 2790 905 2828 Bau-

169 2845 253 2886 hin.
286 2849 357 2887 W
351 2847 486 2886 alsche
525 2847 775 2885 Ba'renklaa.
820 2847 903 2886 vid.

170 2905 223 2944 ad
252 2905 335 2944 Eel.
365 2906 439 2955 ΙΙΙ,
473 2903 542 2955 45,
569 2905 640 2943 ubi
665 2905 825 2954 mollis,
857 2911 906 2943 ut

170 2963 241 3002 ins.
275 2978 315 3002 v.
345 2966 453 3013 137,
502 2960 627 3018 ὑγρός
661 2962 902 3013 Theocrito,

171 3021 283 3074 quod
304 3020 372 3060 hic
388 3022 556 3074 flexus,
600 3021 695 3073 quia
725 3020 904 3060 adultior

965 1681 1089 1721 caulis
1123 1682 1301 1722 reflectit
1343 1696 1385 1722 se
1414 1689 1455 1723 et
1489 1684 1621 1738 vergit
1648 1683 1701 1723 ad

962 1740 1156 1791 humum3
1175 1747 1341 1795 propter
1356 1741 1437 1782 hoc
1452 1742 1585 1796 ipsum
1600 1755 1701 1796 poe-

964 1799 1043 1838 tica
1074 1800 1234 1839 ratione
1262 1804 1397 1839 vimen
1431 1802 1467 1840 ei
1489 1802 1700 1851 tribuitur,

966 1857 1078 1908 quod
1107 1859 1271 1911 proprie
1308 1873 1392 1898 non
1426 1859 1552 1899 habet
1571 1891 1582 1911 ‚
1630 1860 1702 1899 sed

967 1916 1134 1954 caulem.
1185 1925 1305 1954 tortos
1359 1919 1557 1957 acanthos
1596 1919 1703 1958 dixit

965 1974 1188 2012 Columella
1229 1975 1296 2024 X,
1330 1975 1429 2018 241.
1500 1978 1702 2016 Pallentzze

963 2032 1159 2071 hederas:
1205 2033 1324 2085 ponit
1361 2047 1488 2086 genus*
1523 2040 1702 2087 certum3

963 2104 1058 2130 nam
1079 2097 1175 2130 sunt
1200 2097 1238 2129 et
1256 2092 1406 2144 nigrae.

1027 2149 1121 2192 125.
1171 2150 1228 2187 De
1275 2152 1447 2191 Tarento
1496 2151 1702 2206 loquitur3

966 2222 1041 2245 arx
1068 2207 1240 2247 Oebalia
1272 2208 1399 2262 dicta,
1439 2209 1480 2249 h.
1498 2210 1701 2250 Lacedae—

964 2265 1123 2316 monia,
1155 2267 1204 2306 ab
1223 2267 1386 2318 Oebalo,
1416 2274 1556 2308 vetere
1576 2269 1703 2309 Lace-

966 2323 1172 2363 daemonis
1198 2339 1312 2378 rege,
1345 2327 1550 2379 Tyndarei
1570 2335 1700 2381 patre.

962 2381 1172 2422 Parthenii
1208 2384 1428 2437 Spartani,
1471 2385 1700 2434 Phalantho

964 2440 1088 2491 duce,
1119 2442 1193 2480 diu
1231 2452 1267 2481 et
1298 2457 1378 2494 per
1408 2446 1544 2483 varios
1579 2460 1701 2484 casas

967 2500 1138 2550 iactati,
1174 2502 1338 2539 tandem
1363 2503 1406 2539 in
1434 2503 1607 2541 Italiam
1627 2503 1701 2541 de-

951 2557 1160 2609 serantur,
1185 2567 1235 2608 et,
1271 2568 1470 2610 occupata
1493 2575 1585 2599 arce
1614 2563 1699 2600 Ta·-

965 2617 1209 2654 rentium-am
1221 2647 1232 2666 ‚
1278 2621 1527 2669 expugnatis·
1553 2621 1700 2658 veteri-

966 2672 1039 2710 bas
1060 2675 1214 2724 incolis,
1236 2673 1348 2712 sedes
1369 2675 1427 2713 ibi
1442 2679 1698 2717 constituunt.

966 2730 1106 2770 lustin.
1128 2732 1195 2782 ΙΙΙ,
1215 2730 1254 2772 4.
1316 2732 1373 2770 De
1393 2732 1456 2772 his
1477 2740 1517 2773 et
1535 2735 1700 2774 Tarenti

963 2788 1181 2840 originibus
1204 2795 1340 2829 actum
1368 2791 1413 2830 in
1434 2792 1698 2833 Commentat.

964 2846 1013 2884 de
1032 2847 1183 2899 legibus
1202 2848 1363 2888 Tarent.
1381 2850 1421 2888 in
1435 2850 1583 2904 Opusc.
1603 2865 1699 2891 aca-

968 2904 1071 2943 dem.
1115 2907 1228 2945 Tom.
1268 2907 1326 2958 11,
1368 2922 1456 2960 pag.
1500 2912 1587 2952 217
1612 2924 1697 2962 sqq.

961 2962 1068 3014 Ager
1084 2970 1220 3003 autem
1239 2965 1482 3005 Tarentinus
1493 2967 1602 3007 inter
1619 2969 1699 3007 fer-

961 3021 1163 3062 tilissimos
1180 3022 1366 3075 habitus;
1385 3038 1502 3064 amne
1519 3026 1698 3065 Galaeso
