1768 3320
202 247 307 296 272
711 241 1219 294 PROOEMIUM

202 388 327 421 rum
349 370 592 434 inventiS,
621 369 866 436 inprimis
889 369 945 418 in
968 368 1256 424 vestiendis
1281 367 1527 418 oratione
1545 368 1731 418 Latina

205 445 539 492 Graecorum
573 439 757 504 dictis,
811 440 1031 490 eximiae
1065 438 1328 489 felicitatis
1367 447 1420 488 et
1457 439 1579 488 artis
1615 436 1730 490 fuit.

201 515 390 579 Itaque
416 510 523 560 hoc
550 511 605 559 in
628 526 829 575 genere
850 509 1130 574 Virgilium
1149 550 1161 573 ,
1199 517 1487 576 poetarum
1512 509 1728 560 Cicero-

202 599 334 632 nem
367 580 634 648 appellare
663 596 1062 653 nonnunquam
1086 579 1250 631 lubet.
1323 578 1419 629 Illa
1443 588 1625 629 autem
1648 579 1732 628 in-

202 652 346 718 genii
389 651 689 702 Maroniani
737 650 955 717 propria
1002 659 1251 700 venustas
1308 650 1364 698 in
1422 648 1573 699 nullo
1619 650 1732 699 eius

205 739 372 790 opere
392 722 559 786 magis
588 721 942 785 cognoscitur,
969 738 1132 787 quam
1153 721 1208 769 in
1234 719 1522 784 GeorgiciS,
1554 720 1734 769 omni-

202 793 304 843 bus
341 792 581 842 numeris
619 790 895 853 absoluto,
941 789 1187 857 perfecto
1220 798 1274 839 et
1314 788 1573 856 expolito,
1621 807 1733 840 car-

201 864 376 927 mine,
404 872 488 927 ut,
517 862 558 910 si
583 862 639 911 in
660 870 843 910 nostra
862 861 1308 928 interpretatione
1330 859 1437 909 hoc
1462 861 1732 928 assequuti

204 949 412 997 sumUS,
459 949 559 981 nos
596 932 743 981 enim
781 930 838 980 id
872 940 1132 999 sequutos
1169 947 1283 980 esse
1312 946 1427 980 non
1456 946 1731 996 negamUS,

202 1013 263 1054 ut
282 1020 395 1053 non
415 1002 587 1052 modo
609 1002 907 1052 verborum
932 1019 990 1051 ac
1008 1001 1398 1051 sententiarum
1421 1001 1532 1050 vim
1554 1000 1733 1052 decla-

202 1074 496 1124 raverimus
513 1114 525 1137 ,
574 1089 765 1122 verum
808 1073 968 1122 etiam
1012 1072 1259 1121 carminis
1294 1070 1732 1138 pulcritudinem,

203 1145 558 1211 inprimisque
584 1152 858 1207 ornatum,
886 1143 1130 1192 sensibus
1155 1151 1208 1193 et
1230 1141 1395 1192 oculis
1418 1141 1733 1192 adolescen-

202 1224 321 1264 tum
339 1214 742 1276 subiecerimUS,
758 1230 859 1263 nos
877 1230 1100 1280 operam
1116 1221 1356 1263 nostram
1371 1228 1486 1262 non
1503 1213 1730 1263 omnino

202 1285 344 1336 male
367 1284 654 1335 collocasse
677 1283 977 1334 arbitraturi
997 1284 1177 1336 ‘simus

341 1414 418 1463 Ex
451 1413 539 1477 iis,
590 1430 725 1480 quae
762 1412 937 1463 adhuc
975 1413 1240 1480 disputata
1271 1421 1419 1477 sunt,
1466 1427 1733 1478 nuperam

205 1500 487 1534 censuram
519 1484 940 1549 Georgicorum,
988 1501 1152 1552 quam
1182 1481 1506 1534 Edmundus
1537 1483 1733 1531 Burto-

203 1571 329 1619 nus,
366 1555 650 1604 Britannus
671 1572 784 1604 non
803 1555 1053 1604 indoctus
1072 1571 1174 1604 nec
1195 1554 1489 1619 inelegans,
1527 1568 1734 1619 propo-

204 1625 308 1674 suit
329 1629 406 1690 *),
431 1625 495 1674 ab
519 1624 717 1674 iudicio
741 1643 933 1692 parum
954 1624 1134 1675 subtili
1156 1634 1208 1675 et
1223 1624 1408 1674 limato
1430 1621 1734 1691 profectam

202 1694 358 1744 facile
394 1694 600 1759 videas,
651 1696 783 1745 dum
812 1695 951 1746 hanc
981 1696 1153 1762 ipsam
1184 1695 1422 1762 copiam,
1466 1693 1614 1743 hunc
1644 1709 1735 1743 or-

204 1774 392 1814 natum
419 1782 604 1814 rerum
634 1766 882 1815 tenuium
906 1775 958 1816 et
982 1765 1218 1830 exilium,
1257 1765 1325 1814 ad
1350 1763 1734 1831 reprehensio-

204 1852 335 1885 nem
373 1836 618 1884 carminis
648 1836 874 1888 traxerit.
957 1836 1067 1885 Sed
1100 1835 1280 1885 iudicii
1308 1834 1467 1885 huius
1503 1833 1734 1884 auctori-

203 1914 370 1955 tatem
390 1906 494 1954 iam
515 1906 635 1954 satis
663 1905 764 1955 alio
791 1904 1036 1956 eiusdem
1061 1906 1159 1956 viri
1190 1906 1334 1955 docti
1356 1905 1602 1955 acumine
1625 1904 1734 1955 616-

204 1985 380 2026 vatam
402 1975 663 2041 dabimUS,
687 1993 811 2025 cum
829 1976 979 2027 idem
1000 1975 1087 2026 ille
1106 1977 1161 2025 in
1180 1975 1442 2026 Bucolicis
1464 1991 1735 2026 summam

204 2046 600 2113 simplicitatem
626 2055 679 2096 et
697 2044 1058 2097 humilitatem
1079 2047 1216 2114 vitae
1241 2063 1298 2096 36
1323 2063 1544 2096 morum
1566 2063 1593 2095 a
1613 2046 1734 2098 Vir-

204 2116 329 2182 gilio
366 2133 668 2182 expressam
699 2116 909 2178 dixerit3
958 2134 1066 2185 quo
1102 2117 1234 2184 quid
1262 2134 1289 2166 a
1315 2134 1501 2167 rerum
1532 2114 1645 2166 fide
1675 2132 1733 2165 ac

205 2203 366 2236 sensu
398 2186 617 2237 alienius
646 2185 829 2236 afferri
862 2189 1063 2254 possit?
1117 2190 1163 2237 A
1193 2197 1411 2238 tumore
1447 2203 1505 2236 ac
1531 2185 1733 2252 frigore

206 2266 295 2307 aut
326 2258 512 2323 inepto
544 2257 724 2324 aliquo
754 2257 932 2307 studio
971 2275 1029 2308 ac
1057 2258 1222 2308 nimia
1249 2257 1530 2308 sedulitate
1560 2260 1733 2307 Geor-

205 2328 320 2393 gica
346 2344 533 2377 vacare
564 2326 908 2378 confidenter
936 2327 1232 2393 affirmem,
1272 2328 1364 2395 qui
1391 2327 1589 2395 alioqui
1618 2343 1732 2376 non

204 2397 372 2448 multa
398 2414 490 2447 me
517 2407 663 2448 certo
695 2407 885 2448 tenere
913 2397 1186 2450 affirmare
1211 2398 1428 2450 soleam.

347 2526 605 2590 Georgica
622 2527 945 2576 Maecenatis
974 2543 1130 2577 suasu
1157 2544 1214 2576 ac
1243 2524 1466 2576 consilio
1497 2525 1732 2576 scribere

206 2596 499 2662 suscepisse
531 2605 772 2662 poetam,
809 2605 870 2646 ut
903 2596 1193 2646 hominum
1222 2596 1384 2645 animi
1412 2595 1479 2644 ad
1504 2596 1610 2661 agri
1641 2613 1757 2646 co-‘

205 2665 354 2715 lendi
380 2665 551 2714 studia
586 2675 991 2729 revocarentur,
1028 2667 1409 2715 Britannorum
1439 2665 1733 2716 nonnullo-

205 2753 353 2800 rum,
401 2737 683 2799 Wartoni,
724 2737 917 2799 Crusii,
954 2736 1191 2798 Martini,
1233 2735 1556 2800 elegantium
1588 2737 1732 2786 viro-

206 2823 353 2867 rum,
393 2813 472 2855 est
493 2805 691 2872 opinio,
763 2805 908 2855 Italia
932 2822 1058 2855 sane
1084 2805 1238 2856 bellis
1263 2805 1499 2856 civilibus
1521 2815 1732 2857 tantum

256 2935 285 2980 *)
310 2935 468 2970 Ancient
488 2934 704 2968 characters
722 2934 877 2968 deduc’d
896 2933 1001 2982 from
1019 2935 1193 2969 classical
1205 2935 1381 2969 Remains
1401 2934 1511 2978 1763,
1536 2935 1569 2969 8.
