1768 3320
232 226 455 261 cxxxvm
727 209 1251 260 TESTIMONIA

229 339 346 383 Huic
365 340 539 397 genitor
553 336 718 395 figulus
739 337 867 381 Maro
887 336 1092 379 nomine:
1123 334 1272 378 cultor
1291 334 1436 392 agelli,

230 397 299 441 Ut
321 397 525 441 referunt
547 395 642 448 alii,
670 395 795 438 tenui
823 393 1023 437 mercede
1049 393 1228 435 locatus.

224 454 317 498 Sed
337 455 492 514 plures
511 452 728 510 figulum3
759 453 858 510 quis
882 466 972 494 non
993 449 1212 492 miracula
1237 465 1395 493 rerum

230 513 348 556 Haec
369 508 576 571 stupeat?
607 511 725 554 dives
746 518 902 569 partus
920 509 978 551 -de
997 522 1200 567 pauper-e
1218 523 1329 551 vena

233 569 426 613 Enituit:
455 569 580 627 figuli
602 567 777 611 soboles
805 581 920 611 nova
948 566 1143 608 carmina
1171 564 1322 608 finxit.

230 627 375 671 Mater
394 627 516 670 Polla
534 625 644 679 fuit,
676 624 808 681 Magii
833 639 924 666 non
944 622 1096 665 infima
1120 622 1288 680 proles,

231 684 378 738 Quem
398 698 602 727 socerum
625 683 827 741 probitas
846 680 949 723 fecit
969 682 1057 723 iam
1079 680 1195 723 clara
1214 681 1407 724 Maroni.

230 743 347 786 Haec
368 758 470 785 cum
491 749 672 784 maturo
693 746 977 799 premeretur
994 738 1194 796 pondere
1216 740 1396 792 ventris,

229 800 295 843 Ut
316 800 429 843 solet
445 800 489 842 in
507 798 676 841 somnis
696 798 892 848 animus,
922 803 1106 839 ventura
1128 795 1364 854 refingem,

229 858 402 900 Anxius
425 865 488 909 et,
520 855 635 913 vigili
655 869 940 913 praesumere
955 853 1116 911 gaudia
1137 868 1258 907 cura,

230 914 420 958 Phoebei
441 914 638 958 nemoris
655 927 836 955 ramum
860 910 1028 954 fudisse
1051 912 1238 969 putavit.

229 971 269 1014 O
287 988 426 1031 sopor
442 971 653 1015 indicium
674 970 787 1013 veril
816 969 883 1012 nil
902 970 1065 1012 certius
1088 984 1311 1027 umquam

228 1030 401 1073 Cornea
420 1037 549 1088 porta
569 1027 684 1070 tulit.
745 1026 872 1070 Facta
898 1034 983 1077 est,
1015 1027 1260 1086 interprete
1286 1026 1432 1081 lauro,

229 1087 361 1130 Certa
380 1102 561 1146 parens,
594 1086 830 1143 onerisque
854 1085 922 1127 sui
945 1093 1215 1142 cognoverat
1235 1093 1393 1129 artem.

313 1145 507 1188 Consule
528 1144 744 1202 Pompeio
770 1142 976 1186 vitalibus
998 1142 1143 1185 editus
1163 1143 1296 1192 auris,

227 1201 283 1244 Et
302 1202 480 1253 Crasso,
511 1202 652 1258 tetigit
670 1209 864 1252 terram3
896 1215 987 1257 quo
1007 1208 1216 1259 tempore
1235 1200 1394 1244 Chelas

225 1259 320 1303 Iam
344 1261 462 1303 mitis
482 1258 710 1302 Phaethon
733 1266 838 1317 post
859 1259 1051 1315 Virginis
1078 1274 1159 1302 ora
1189 1267 1410 1318 receptus.

224 1317 443 1361 Infantem
463 1318 626 1375 vagisse
644 1324 820 1374 negant.
881 1317 996 1359 Nam
1016 1315 1169 1360 fronte
1187 1332 1345 1360 serena

226 1375 472 1433 Conspexit
494 1374 716 1417 mundum
731 1407 742 1426 ‚
773 1375 844 1416 cui
868 1374 1108 1417 commoda
1130 1383 1254 1419 tanta
1273 1374 1457 1420 ferebat.

221 1432 320 1489 Ipse
337 1432 586 1492 puerperiis
605 1432 756 1474 adrisit
774 1431 933 1475 laetior
952 1432 1098 1475 orbis:

222 1490 363 1534 Terra
383 1490 647 1533 ministravit
664 1489 822 1542 flores3
853 1497 897 1533 et
914 1505 1105 1534 munere
1124 1505 1263 1535 verno

223 1548 414 1591 Herbida
434 1548 675 1607 supposuit
731 1563 839 1591 uero
859 1548 1082 1592 fulmenta
1098 1549 1334 1593 virescens.

220 1606 472 1659 Praeterea,
503 1607 538 1648 si
564 1621 665 1649 vera
720 1606 818 1659 des,
849 1607 923 1649 sed
944 1622 1047 1651 vera
1067 1606 1304 1666 probatur,

222 1664 329 1705 Lata
351 1663 513 1706 cohors
531 1664 683 1722 apium
702 1664 849 1707 subito
870 1680 954 1724 per
977 1679 1086 1708 rura
1103 1665 1289 1708 iacentis

222 1720 364 1763 Labra
380 1721 490 1764 favis
509 1722 623 1764 texit
646 1722 792 1764 dulces
816 1721 975 1766 fusura
996 1722 1215 1780 loquelas·

223 1778 319 1821 Hoc
342 1779 570 1835 quondam
589 1780 632 1821 in
653 1795 776 1823 sacro
802 1788 976 1823 tantum
998 1782 1159 1824 mirata
1180 1780 1368 1825 Platone

221 1836 437 1879 Indicium
463 1837 638 1893 linguae
660 1846 884 1881 memorat
905 1839 1081 1881 famosa
1103 1846 1310 1882 vetustas.

223 1894 306 1936 Sed
328 1894 494 1936 Natura
512 1909 694 1952 parens,
724 1911 972 1955 properans
995 1896 1215 1940 extollere
1236 1897 1446 1951 Romam,

222 1951 281 1993 Et
301 1951 424 1994 Latio
449 1952 564 1995 dedit
583 1952 687 2007 hoc,
719 1969 774 1996 ne
791 1955 896 2011 quid
917 1955 1181 1998 concederet
1200 1956 1298 1998 uni.

221 2009 411 2067 Insuper
429 2009 517 2063 his,
549 2012 743 2067 genitor,
774 2013 866 2056 nati
888 2012 998 2056 dum
1026 2013 1116 2056 fata
1135 2015 1341 2071 requirit,

220 2067 465 2124 Populeam
490 2067 625 2110 sterili
646 2071 814 2126 virgam
834 2071 1063 2115 mandavit
1085 2086 1266 2114 arenae:

221 2126 450 2182 Tempore
470 2141 580 2182 quae
607 2129 774 2170 nutrita
794 2128 939 2181 brevi,
972 2129 1082 2172 dum
1110 2130 1288 2184 crescit,
1319 2132 1365 2173 in
1399 2145 1536 2175 omne

222 2182 365 2224 Altior
392 2183 572 2225 emicuit
593 2186 779 2238 cunctis,
813 2202 923 2243 quas
945 2195 1133 2229 auxerat
1151 2194 1283 2231 aetas.

219 2240 335 2282 Haec
353 2255 437 2297 pro
442 2248 539 2298 pter
558 2241 723 2299 placuit
745 2259 804 2301 pu
814 2260 940 2287 erum
966 2245 1249 2288 committere
1269 2245 1425 2299 Musis,

220 2297 277 2340 Et
300 2306 552 2340 monstrare
571 2300 683 2342 viam
705 2309 916 2345 venturae
943 2303 987 2345 in
1012 2302 1186 2345 saecula
1207 2301 1368 2347 famae.

243 2403 246 2406 ι
308 2355 431 2397 Tum
456 2355 631 2399 Ballista
648 2359 807 2402 rudem
828 2359 980 2415 lingua
1003 2361 1226 2404 titubante
1246 2369 1481 2421 receptum

219 2412 416 2455 Instituit
438 2414 663 2470 primurn,
694 2431 829 2472 quem
852 2433 946 2460 nox
972 2419 1199 2472 armabat,
1230 2419 1278 2462 in
1308 2419 1481 2463 umbris

219 2470 422 2513 Grassari
446 2470 655 2523 solitum3
686 2475 854 2517 crimen
875 2476 1075 2519 doctrina
1096 2478 1297 2534 tegebat3

217 2528 332 2571 Mox
351 2528 566 2584 patefacta
587 2530 667 2571 viri
689 2547 836 2589 pressa
855 2544 917 2576 est
934 2534 1113 2577 audacia
1133 2536 1268 2579 saxis.

217 2584 380 2628 Incidit
398 2585 581 2627 titulum
603 2587 789 2641 iuvenis,
821 2606 913 2648 quo
934 2592 1124 2650 pignora
1150 2594 1259 2636 vatis

216 2642 376 2686 Edidit.
435 2643 648 2700 Auspiciis
667 2646 842 2690 suffecit
859 2665 1004 2706 poena
1022 2650 1236 2707 magistri.

216 2701 371 2745 Monte
392 2700 471 2743 sub
492 2701 575 2744 lzoc
589 2701 797 2760 lapidum
817 2707 990 2764 tegitur
1007 2708 1212 2754 Ballista
1232 2711 1445 2771 sepultus.

301 2758 447 2804 Nocte
466 2758 543 2803 die
562 2766 708 2803 tutum
729 2779 868 2822 carpe
879 2767 1038 2811 viator
1057 2771 1156 2811 iter.

214 2816 309 2860 Nos
325 2825 472 2861 tamen
496 2818 582 2862 hoc
608 2819 805 2871 breviu33
844 2823 877 2865 si
900 2823 964 2866 fas
983 2826 1194 2870 simulare
1215 2827 1479 2870 Maronem:

260 2946 282 2981 7
309 2944 333 2979 Ι.
363 2946 486 2980 locati.
551 2984 554 2986 ,
1050 2954 1095 2988 37
1120 2955 1156 2987 in
1177 2968 1279 2989 omen
1299 2955 1395 2990 Toll.
1417 2955 1507 2990 coni.

257 2992 302 3028 21
327 2992 352 3026 f.
379 2991 744 3041 Chelis—receptus.

1700 569 1753 608 10

1696 858 1749 901 15

1689 1149 1747 1189 20

1689 1438 1744 1481 25

1685 1729 1741 1769 30

1683 2015 1739 2058 35

1681 2306 1737 2350 40

1679 2595 1735 2640 45
