1768 3320
219 243 323 290 222
531 236 588 286 Ρ.
633 234 994 286 VIRGILII
1046 232 1422 284 MARONIS

219 366 447 420 argumenti
473 365 659 418 equidem
688 379 772 404 non
797 364 974 403 multum
993 362 1141 415 ingenii
1162 374 1386 416 agnoscam.
1447 360 1521 418 (De
1547 368 1743 415 tempore,

219 439 300 478 quo
328 424 559 477 conscripta
583 425 636 463 sit
664 422 765 462 haec
786 423 952 473 Ecloga,
984 421 1079 460 vide
1096 421 1261 460 veriora
1288 421 1499 460 docentem
1517 420 1745 475 Spohnium

218 485 263 522 in
282 483 459 535 Prolegg.
518 483 574 520 De
602 481 851 535 praestantia
875 479 996 518 huius
1021 479 1211 518 carminis
1238 479 1339 518 haec
1358 480 1518 519 disserit
1535 479 1744 519 Wunder-

218 540 381 581 lichius:
413 542 529 590 „Sua
552 547 601 579 ut
617 544 897 592 recuperaret,
930 538 1158 590 composuit
1181 537 1290 577 hanc
1306 539 1494 591 Eclogam
1512 538 1648 588 Mar03
1679 544 1745 576 at-

220 613 298 652 que
320 599 594 638 conditionem
614 598 822 649 indignam
839 601 983 648 poetae
1005 596 1269 648 praestantiS,
1301 597 1401 636 dum
1422 596 1626 650 promissis
1645 610 1745 634 con-

219 658 333 708 fidit,
373 657 593 695 miserrime
621 655 737 694 bonis
763 654 844 694 suis
879 654 1030 706 privati
1059 654 1267 707 praeclare
1295 655 1504 708 expressit.
1571 654 1682 693 Haec
1712 653 1746 692 si

219 730 370 770 ponas,
403 721 443 753 et
466 729 538 754 cur
566 714 744 752 maxima
761 720 861 765 pars‘
875 712 1061 764 Eclogae,
1097 713 1295 756 19-50,
1309 743 1320 763 ,
1350 714 1393 752 in
1410 713 1601 752 laudibus
1624 724 1746 765 prae—

220 774 391 813 stantiae
410 786 573 826 poeseos
592 772 796 810 Menalcae
815 776 1024 820 versetur,
1048 777 1088 809 et
1110 785 1182 810 cur
1205 771 1430 810 Octaviano
1449 771 1516 810 ille
1537 771 1747 810 Caesarem

219 833 327 874 inter
356 832 450 870 deos
480 831 679 870 beneficos
709 828 923 868 referendo
954 828 1165 879 aduletur,
1207 844 1267 869 vs.
1296 828 1388 881 47„
1430 835 1471 868 et
1499 830 1598 869 Vari
1627 829 1747 867 etiam

219 891 389 943 gratiam
407 895 574 941 quaerat
594 903 653 927 vs.
674 891 756 938 27„
778 893 919 941 sponte
932 887 1102 939 patebit.
1149 888 1233 927 Iam
1257 888 1436 927 animum
1459 887 1559 927 mihi
1581 887 1747 927 adverte

221 949 275 987 ad
292 948 567 987 urbanitatem
585 946 782 997 Maronis,
816 946 866 984 de
885 946 1004 984 certis
1023 946 1238 985 Octaviani
1256 946 1472 1000 promissis,
1503 958 1748 998 quamquam

221 1020 290 1060 spe
312 1006 430 1045 firma
446 1020 543 1044 mox
565 1019 637 1044 sua
658 1004 929 1057 recuperandi
947 1004 1095 1043 nititur
1120 1018 1179 1044 vs,
1201 1005 1269 1048 55.
1288 1008 1344 1047 67
1347 1036 1369 1056 .,
1401 1005 1460 1044 nil
1473 1005 1747 1054 memorantis,

220 1078 296 1104 nec
324 1071 538 1103 veteranos
566 1063 828 1103 vehementer
852 1063 1074 1102 incusantis
1097 1076 1156 1102 vs.
1183 1066 1269 1114 12„
1310 1069 1352 1102 et
1382 1063 1554 1117 speciem
1582 1076 1679 1117 prae
1707 1075 1748 1101 se

220 1123 406 1173 serentis,
459 1136 499 1160 se
535 1136 611 1175 pro
648 1136 743 1175 agro
784 1127 874 1160 toto
906 1121 1227 1161 Mantuanorum
1265 1122 1522 1162 restituendo
1561 1123 1749 1162 laborare

220 1195 280 1222 vs,
301 1183 402 1224 27ss
438 1179 551 1235 Wr.)

1386 1233 1406 1247 x

407 1422 1031 1513 LYCIDAS*).
1117 1417 1564 1495 MOERIS.

221 1599 266 1636 L.
317 1536 480 1649 Quo
514 1593 592 1648 te,
627 1585 825 1649 Moeri,
862 1584 1067 1652 pedes?
1105 1601 1194 1650 an,
1234 1601 1344 1652 quo
1373 1584 1456 1635 via
1488 1584 1658 1650 ducit,
1695 1585 1751 1635 in

1015 1654 1246 1706 urbem?

224 1740 279 1776 M.
320 1724 368 1774 O
391 1722 611 1788 Lycida,
648 1724 750 1773 vivi
769 1725 1142 1791 pervenimUS,
1181 1724 1386 1775 advena
1407 1726 1593 1790 nostri,

274 1854 294 1888 1
319 1853 360 1885 In
379 1852 542 1886 Parrhas.
560 1859 595 1885 et
615 1852 716 1886 Leid.
737 1852 796 1887 alt.
815 1853 865 1888 ita
883 1853 1181 1899 distinguebatur:
1207 1866 1256 1887 an
1268 1880 1277 1897 ‚
1304 1866 1375 1900 quo
1393 1855 1457 1888 via
1476 1855 1602 1889 ducit?
1625 1855 1665 1889 in
1686 1867 1755 1889 ur-

227 1897 325 1933 bem?
358 1907 396 1933 ut
421 1899 490 1933 hoo
520 1895 792 1945 ἐπεξηγητικῶς
822 1901 1037 1935 subiiciatur.
1082 1910 1150 1935 aut
1179 1913 1251 1948 quo
1274 1903 1337 1935 via
1362 1901 1426 1935 Ed.
1453 1903 1543 1937 Ven.
1637 1903 1661 1938 2
1686 1902 1756 1937 Vix

225 1946 313 1979 mihi
331 1947 571 1991 temperabam
589 1947 623 1979 in
642 1947 764 1992 priore
785 1947 963 1992 editione,
990 1948 1073 1994 quin
1092 1952 1189 1992 Quo,
1213 1949 1357 1993 Lycida
1369 1975 1378 1991 ‚
1402 1949 1481 1983 vivi
1492 1950 1756 1997 pervenimus!

225 2005 457 2038 reponerem3
484 2000 519 2027 et
538 1994 588 2027 sic
608 1995 681 2029 Ecl.
700 1996 727 2036 I,
749 1996 795 2031 72
828 1999 887 2030 Εη
906 2009 977 2042 quo
1000 1996 1189 2030 discordia
1207 1997 1306 2029 cives
1325 1997 1509 2030 Perduxit
1526 2010 1572 2031 m.
1604 1997 1680 2031 Ecl.
1695 1998 1755 2040 HI,

227 2042 273 2076 88
299 2042 440 2083 veniat,
475 2054 545 2087 quo
573 2049 610 2075 te
637 2054 781 2088 quoque
797 2044 950 2090 gaudet.
1000 2043 1096 2076 Idem
1117 2043 1187 2076 iam
1206 2042 1354 2077 Heinsio
1373 2043 1410 2076 in
1426 2051 1579 2078 mentem
1597 2051 1755 2086 venerat,

226 2099 293 2121 nec
312 2089 429 2122 Burm·
448 2087 638 2133 improbat.
686 2089 723 2123 Si
741 2090 811 2123 hoc
831 2098 1008 2124 tenemus:
1036 2090 1232 2133 exciderat,
1256 2098 1294 2124 ut
1313 2090 1445 2124 centies
1467 2092 1618 2135 factum,
1642 2092 1757 2137 prima

225 2134 348 2168 littera
367 2134 404 2168 in
421 2148 513 2181 quo,
538 2143 685 2181 propter
705 2136 820 2171 simile
840 2137 977 2171 initium
993 2137 1190 2172 vicinorum
1206 2150 1390 2181 versuum,
1423 2145 1459 2172 ct
1480 2139 1577 2185 quod
1594 2151 1756 2184 magnum

289 2244 326 2281 1.
358 2256 414 2279 an
433 2243 475 2279 in
503 2243 638 2281 urbem
651 2274 662 2293 ‚
698 2259 776 2297 quo
795 2246 865 2284 via
881 2244 962 2282 du-
1020 2244 1085 2284 sit.
1145 2243 1226 2283 Sed
1244 2257 1319 2283 nee
1340 2243 1468 2284 altera
1487 2245 1594 2285 ratio
1617 2259 1756 2285 exem-

210 2298 312 2336 cit?
359 2299 508 2338 Forma
533 2301 658 2340 ducta
683 2315 734 2340 ex
755 2302 961 2341 Theocrit.
1019 2303 1098 2356 plis
1132 2302 1350 2353 destituta,
1385 2309 1433 2342 ut
1451 2303 1594 2344 Horat.
1616 2306 1700 2344 Sat.
1725 2305 1756 2355 Ι,

227 2355 313 2406 VII,
353 2360 404 2399 21
447 2372 531 2409 sqq.
594 2354 621 2416 ᾇ
670 2357 795 2410 πόδες
846 2356 964 2415 ἆγον,
1022 2363 1061 2410 3,
1093 2363 1151 2403 9.:
1182 2374 1334 2414 „saepe
1355 2362 1469 2401 velut
1492 2363 1584 2414 qui,
1614 2376 1758 2402 curre-

228 2413 399 2453 Theocr.
410 2416 516 2466 XIV,
528 2415 595 2459 42.
618 2416 730 2472 (Quo
741 2428 791 2468 le,
814 2421 962 2468 Moeri,
1020 2419 1103 2469 bat,
1125 2420 1282 2472 fugiens
1302 2419 1516 2470 hostem;“
1542 2420 1568 2459 i.
1587 2435 1620 2461 e.
1642 2434 1759 2475 saepe

1020 2478 1136 2517 velut
1151 2478 1220 2530 qui
1232 2476 1391 2516 hostem
1410 2478 1566 2531 fugiens
1585 2494 1703 2519 curr
1714 2493 1759 2518 e-

223 2472 374 2525 pedes,
399 2480 518 2525 puta:
551 2475 769 2527 ducunt,
795 2491 846 2516 ex
863 2491 964 2530 pro-

228 2530 341 2569 ximo
362 2532 472 2569 ducit
495 2535 773 2585 repetendum.
827 2536 964 2574 Usita-
1024 2542 1128 2587 ret,
1171 2536 1361 2575 currebat
1389 2536 1467 2575 ille.
1515 2537 1612 2577 ibid.
1639 2538 1687 2589 II,
1718 2540 1757 2589 6,

229 2589 311 2627 tior
334 2589 496 2640 quidem
518 2592 715 2631 eiusmodi
742 2594 899 2632 omissio
920 2594 962 2632 in

230 2647 408 2686 secundo
440 2650 644 2699 membro,
692 2651 855 2702 quando
886 2652 965 2690 iam

231 2718 468 2758 expressum
509 2714 568 2745 est
610 2709 804 2759 verbum,
856 2710 968 2762 quod

230 2764 379 2803 volunt
391 2770 586 2816 repetere,
604 2766 700 2804 licet
716 2767 759 2805 id
776 2768 851 2806 alia
870 2780 967 2820 per-

234 2836 334 2861 sona
363 2822 492 2861 aliove
523 2828 703 2875 tempore
731 2827 968 2876 ponendum

1030 2596 1114 2636 12:
1155 2625 1179 2645 ,,
1193 2594 1261 2646 qui
1299 2595 1571 2634 mercenarius
1603 2610 1758 2649 agrum,

1025 2652 1144 2691 Illum
1164 2653 1297 2705 ipsum
1318 2660 1541 2704 mercatus,
1574 2655 1758 2705 aravit;“

1025 2711 1050 2749 i.
1072 2724 1103 2749 e.
1124 2711 1239 2749 illum
1261 2711 1393 2763 ipsum
1411 2718 1613 2752 mercatus
1633 2718 1758 2752 arat.

1028 2767 1120 2823 Sp.)
1153 2771 1192 2811 2.
1210 2771 1297 2808 νίνί
1304 2772 1577 2821 pervenimus,
1603 2772 1684 2810 scil.
1699 2784 1759 2820 eo,

1027 2835 1072 2866 ut
1084 2841 1294 2879 possessor
1317 2829 1478 2868 advena
1497 2830 1627 2881 agelli
1648 2830 1760 2868 clice-

281 2926 312 2970 *)
338 2924 483 2970 Lycida
501 2925 654 2971 quinque
673 2939 729 2971 ap.
747 2928 875 2970 Burm.‚
895 2941 994 2974 quem
1007 2929 1077 2964 vid.
1091 2930 1247 2975 (Lycida
1267 2930 1372 2964 etiam
1391 2930 1428 2963 in
1440 2931 1589 2972 Medic.;
1615 2931 1678 2965 sed
1695 2943 1762 2965 ve-

351 2983 453 3014 reor,
477 2983 522 3005 ne
541 2985 591 3006 vs.
610 2974 643 3008 2.
667 2973 737 3008 hoc
755 2975 936 3010 debeatur.
967 2978 1063 3023 Wr.)
1088 2977 1223 3013 Zulich.
1246 2977 1338 3013 hanc
1358 2978 1527 3024 Eclogam
1552 2985 1637 3025 post
1659 2978 1763 3013 deci·-

351 3031 443 3054 mam
461 3020 629 3065 ponebat.
