1768 3320
201 286 266 333 10
453 281 552 331 DE
599 267 1449 331 CARMINE·BUCOL1C0

195 406 395 473 Virgilii
437 414 491 456 et
536 404 807 456 Theocriti
858 399 1086 451 carmina
1117 404 1228 444 tam
1266 393 1712 465 diversiugeneris

196 478 315 540 sint,
349 486 458 528 tam
481 475 697 526 diversis
725 473 1009 523 doctorum
1030 465 1321 515 hominum
1341 462 1410 514 de
1433 463 1592 514 huius
1607 466 1712 529 ge-
1758 517 1768 529 ¹

195 547 339 598 neris
367 555 553 597 natura
594 553 646 596 et
673 552 782 594 arte
810 539 1012 591 iudiciis
1049 537 1232 585 locum
1258 532 1387 585 fecit
1399 555 1418 598 ;Ι
1455 546 1593 584 *cum
1624 543 1714 584 aut

196 626 439 667 naturam
466 614 694 665 bucolici
726 610 968 662 carminis
1003 624 1065 657 ex
1093 605 1191 655 illis
1229 603 1483 671 exemplis
1511 604 1709 665 gofinti-

195 696 349 737 tuere
373 695 461 736 aut
487 684 553 735 ad
572 684 853 733 notionem
877 697 906 729 e
928 686 1112 727 natura
1134 675 1214 725 rei
1240 675 1713 729 institutamwvo-

197 773 318 807 care
341 756 425 805 illa
448 753 684 820 exempla
699 751 907 801 vellent.
981 746 1191 796 Scilicet
1208 745 1286 794 uti
1311 761 1372 794 ea
1389 744 1541 795 notio
1564 753 1712 803 reate

199 843 294 891 e0,
342 841 505 893 quem
530 816 739 890 sequuti
771 834 979 879 sumus,
1028 814 1198 865 modo
1227 813 1509 865 informari
1540 812 1712 866 videri

196 905 396 963 potest,
443 895 511 944 ita
540 892 941 957 ingeniosorum
967 886 1256 936 hominum
1284 884 1537 950 sollertia,
1554 892 1713 954 ,quae

197 967 331 1016 intra
371 964 489 1014 artis
532 980 589 1012 ac
615 968 1027 1029 praeceptorum
1058 955 1320 1021 angustias
1360 955 1444 1006 vix
1476 956 1712 1005 coerceri

196 1043 394 1102 potest,
436 1033 557 1084 alia
591 1047 834 1097 genera
869 1027 1093 1092 invenit,
1145 1042 1434 1093 quaecum
1460 1024 1552 1075 illo
1582 1040 1713 1077 con-

195 1106 370 1155 iuncta
383 1120 483 1154 nec
502 1112 682 1152 tamen
696 1100 853 1168 plane
874 1098 1117 1151 eiusdem
1133 1095 1288 1147 modi
1305 1104 1443 1148 sunt.
1478 1098 1548 1150 Et
1568 1097 1644 1149 Vi
1659 1114 1713 1146 r-

195 1174 400 1240 gilius
436 1172 681 1240 quidem,
730 1187 857 1220 nam
894 1168 961 1223 ad
989 1168 1136 1218 hunc
1175 1166 1352 1216 omnis
1376 1174 1561 1238 11051111
1590 1183 1712 1233 spe-

198 1254 337 1294 ctare
371 1243 532 1293 debet
566 1241 875 1308 disputatiO,
923 1254 1166 1291 novum
1199 1249 1406 1302 genus
1439 1237 1714 1288 constituit

196 1315 251 1363 in
287 1330 376 1378 e0,
420 1322 492 1363 ut
524 1329 636 1362 non
667 1320 777 1360 tam
812 1310 1062 1360 notiones
1107 1316 1160 1363 et
1192 1307 1397 1374 species
1432 1323 1620 1366 rerum
1653 1298 1717 1380 effi

197 1400 351 1433 aurea
378 1391 544 1433 aetate
580 1389 872 1448 repeteret,
921 1379 1019 1429 sed
1055 1379 1270 1444 ipsam
1306 1392 1715 1427 3111011111ῆᾶ0-

194 1462 398 1502 tatem
433 1458 1004 1518 repraesentaret,
1041 1448 1318 1512 homineS‚
1369 1447 1502 1501 deos
1536 1456 1589 1498 et
1616 1446 1716 1497 he-

194 1539 340 1587 roeS‚
379 1523 469 1590 qui
494 1522 549 1571 in
570 1539 631 1572 ea
651 1521 924 1585 vixissent,
964 1517 1266 1584 exhiberet,
1302 1518 1474 1586 iisque
1499 1526 1716 1568 senten--

195 1594 288 1642 tias
327 1609 384 1642 ac
421 1608 602 1642 mores
640 1607 904 1656 congruos
936 1589 1213 1640 tribueret.
1285 1587 1349 1638 Id
1369 1603 1538 1653 genus
1566 1588 1716 1638 inve-

198 1663 312 1711 nire
335 1662 468 1711 mihi
491 1661 702 1725 videor,
739 1663 780 1711 si
808 1660 1074 1725 Silenum,
1113 1658 1354 1724 eclogam
1380 1661 1478 1723 VI,
1517 1667 1571 1708 et
1591 1657 1716 1709 Pol-

197 1732 426 1795 lionem,
463 1731 699 1796 eclogam
721 1734 817 1796 IV,
853 1731 1091 1797 inspicio,
1161 1731 1230 1779 Et
1269 1728 1338 1778 de
1367 1728 1457 1778 illo
1493 1728 1715 1796 quidem

198 1818 282 1852 res
308 1799 607 1861 manifesta3
654 1801 720 1852 de
739 1801 844 1851 hoc
864 1818 978 1851 non
997 1800 1163 1865 magis
1198 1799 1381 1863 dubia,
1432 1799 1474 1847 si
1497 1796 1716 1849 faculta-

198 1881 310 1921 tem
338 1870 479 1921 illam
512 1871 826 1921 vaticinandi
867 1880 919 1921 et
958 1871 1150 1938 poesin
1187 1867 1374 1919 afflatis
1403 1868 1502 1918 illis
1533 1868 1714 1919 divino

199 1942 384 2008 spiritu
414 1940 720 1990 hominibus
762 1942 1037 2008 propriam
1075 1939 1143 1991 ad
1176 1940 1424 2006 antiquos
1463 1938 1715 1989 homines

200 2011 468 2077 pertinere
492 2012 813 2063 memineris,
886 2010 1048 2074 Quod
1073 2010 1297 2078 quidem
1318 2026 1442 2059 cum
1470 2018 1717 2059 novasset

199 2084 372 2144 Mam,
409 2091 764 2148 consequutus
790 2090 868 2131 est
890 2081 1047 2131 simul
1068 2081 1201 2145 1100,
1236 2089 1297 2130 ut
1316 2080 1469 2146 epico
1496 2080 1715 2129 carmini

200 2150 419 2217 propius
451 2150 759 2201 admoveret
788 2151 1120 2215 bucolicum,
1172 2167 1296 2200 cum
1330 2167 1391 2200 ex
1416 2150 1587 2217 prisca
1616 2149 1715 2200 he—

200 2237 360 2270 roum
392 2220 494 2269 vita
527 2237 709 2271 sensus
747 2230 800 2271 et
834 2222 1119 2271 sententias
1154 2218 1355 2270 inferre
1386 2219 1600 2279 liceret3
1660 2219 1716 2269 id

203 2289 352 2356 quod
378 2290 597 2340 omnino
619 2308 730 2341 non
752 2292 920 2341 modo
948 2291 1014 2341 ad
1038 2290 1413 2354 excusandum,
1449 2306 1639 2340 verum
1664 2298 1718 2339 et

202 2359 564 2425 probandum,
611 2362 844 2411 Maronis
880 2362 1125 2428 spiritum
1154 2362 1210 2410 in
1240 2360 1488 2410 bucolico
1517 2375 1718 2425 genere

203 2428 351 2479 valet.
419 2429 587 2478 Licuit
622 2447 732 2480 non
766 2432 943 2481 minus
973 2431 1183 2482 Maroni
1218 2431 1275 2480 id
1302 2429 1504 2494 facere,
1555 2447 1716 2497 quam

204 2498 492 2547 Theocrito
512 2499 799 2566 Cyclopem
819 2501 1065 2565 Idyllium
1087 2500 1344 2560 scribere3
1377 2509 1430 2550 et
1451 2500 1717 2567 antiquio--

202 2567 374 2632 ribuS‚
420 2576 540 2633 post
567 2570 918 2634 Tragoediam
951 2580 1004 2621 et
1026 2571 1382 2622 Comoediam
1399 2573 1595 2621 Drama
1624 2571 1717 2619 Sa-

203 2637 427 2701 tyricum
464 2637 723 2702 condere,
783 2640 932 2706 quod
969 2641 1378 2707 quodammodo
1421 2640 1717 2707 comparari

202 2715 394 2774 potest.
465 2706 620 2757 Aliud
640 2725 803 2774 porro
832 2711 1072 2760 carminis
1098 2712 1372 2779 pastoritii,
1406 2710 1577 2760 modo
1601 2719 1717 2759 tan-

203 2785 320 2826 tum
354 2775 574 2840 variam,
624 2792 790 2842 genus
828 2789 905 2828 est
938 2780 1070 2846 hoc,
1128 2790 1226 2846 ut,
1274 2781 1351 2831 ad
1394 2781 1716 2830 maiorem

204 2846 571 2896 animorum
619 2846 1049 2914 voluptatem,
1104 2868 1266 2916 rem,
1312 2849 1563 2901 factum
1608 2857 1719 2899 aut

207 2931 425 2965 casum
470 2924 857 2966 nostrorum
901 2918 1268 2985 hominum,
1325 2929 1717 2970 nostrorum

204 2993 605 3052 temporum,
651 2986 993 3037 coloribus
1031 2998 1091 3039 et
1126 2991 1484 3056 pigmentis
1522 3007 1550 3040 a
1584 2989 1715 3039 vita
