1768 3320
359 246 464 296 RE
510 245 887 298 CARMINE
930 247 1365 301 BUGOLICO
1585 258 1617 304 7

95 372 275 423 multis
313 372 435 422 satis
475 371 759 438 diligenter
796 381 922 422 sunt
954 382 1238 441 praecepta
1269 384 1323 425 et
1352 376 1420 425 ad
1450 377 1619 444 prima

95 441 253 493 huius
293 443 506 508 generis
558 442 825 494 elementa
871 443 1144 511 pertinere
1195 445 1432 511 putanda
1486 457 1619 498 sunt.

92 514 281 580 ltaque

270 584 325 642 ft
352 606 494 640 soeura
523 599 639 651 quies
670 605 712 638 et
742 599 874 639 nescia
904 599 1041 638 fallere
1070 599 1169 649 vita,

266 657 388 700 Dives
417 671 542 710 opum
570 658 798 709 variarum,
830 664 872 696 et
900 658 992 706 latis
1022 658 1105 697 otia
1133 657 1281 709 fundis,

272 715 494 771 Speluncae
522 716 686 769 vivique
713 717 846 766 lacus,
877 722 918 754 et
947 715 1090 767 frigida
1120 716 1280 769 Tempe,

264 773 524 827 Mugitusque
553 774 676 814 boum
707 774 925 826 mollesque
955 774 1029 812 sub
1063 773 1208 812 arbore
1237 776 1366 814 somni

248 823 258 833 ⁵
266 831 359 871 Non
367 819 534 871 'absunt
546 830 597 887 *)‚

92 902 432 979 omninoque
456 909 636 951 totum
668 900 915 950 carminis
951 902 1209 967 pastoritii
1242 911 1615 968 argumentum

92 971 331 1036 adsilvas
364 987 628 1038 agrosque
657 978 925 1035 spectare,
961 972 1097 1021 ruris
1128 981 1182 1022 et
1210 973 1347 1023 veris
1377 974 1617 1022 amoeni-

91 1051 200 1094 tate
231 1040 617 1103 commendari,
639 1047 693 1089 et
712 1038 862 1091 loeus
884 1038 1008 1096 facti
1030 1042 1138 1092 sive
1162 1041 1410 1093 dramatis
1431 1043 1500 1093 ita
1523 1042 1617 1092 de-

91 1101 274 1166 clarziri
305 1111 494 1175 debet,
529 1119 614 1175 ut,
652 1108 785 1159 dum
818 1110 1070 1176 legimuS‚
1105 1113 1268 1163 rebus
1292 1114 1418 1181 ipsis
1452 1114 1616 1163 inter-

91 1199 207 1235 esse
223 1181 527 1234 videamur:
566 1178 718 1248 quod
746 1181 1052 1232 animorum
1074 1182 1514 1234 deludendorum
1535 1200 1616 1233 ar-

87 1251 316 1304 tificium
345 1251 706 1319 descriptione
735 1250 983 1301 locorum
1009 1269 1067 1302 ac
1096 1254 1358 1320 temporis
1389 1271 1504 1303 non
1523 1271 1618 1321 pa-

87 1340 212 1375 rum
229 1322 586 1387 iuvatur;‚cui
618 1329 825 1371 veteres
857 1330 969 1372 tam
990 1340 1183 1389 parum
1204 1323 1484 1374 indulsisse
1512 1323 1615 1372 mi-

87 1395 191 1444 rari
236 1391 380 1459 forte
408 1392 604 1460 possis3
651 1408 981 1459 quamquam
1012 1392 1333 1444 Theocritus
1371 1393 1471 1444 hac
1504 1402 1614 1442 arte

85 1462 567 1529 Virgilidmultum
599 1469 852 1527 praestat:
889 1470 1014 1511 sunt
1035 1463 1183 1512 enim
1213 1464 1355 1513 inter
1382 1464 1495 1514 eius
1520 1462 1614 1513 de-

87 1534 405 1601 scriptiones
444 1530 736 1581 nonnullae
775 1531 914 1581 veris
943 1548 1001 1581 ac
1028 1533 1164 1582 ruris
1193 1534 1532 1584 suavissimae
1561 1542 1614 1583 et

88 1599 423 1654 dulcissimae
444 1607 553 1668 **);
587 1599 950 1669 frequentiuS,
999 1611 1053 1651 et
1072 1603 1127 1652 in
1160 1603 1342 1654 multis
1372 1602 1613 1664 feliciter,

89 1691 157 1724 eo
192 1675 464 1725 Gesnerus
508 1688 636 1722 usus
679 1680 787 1736 est,
834 1671 1171 1722 suavissimus
1207 1682 1399 1740 poeta,
1447 1689 1612 1741 quem

86 1744 302 1811 antiqua
331 1742 416 1793 illa
457 1741 676 1793 Graecia
705 1750 795 1792 aut
823 1757 982 1792 suum
1006 1759 1121 1792 esse
1152 1742 1473 1810 popularem
1499 1759 1608 1792 cre-

87 1813 331 1878 didisset,
389 1821 478 1863 aut
514 1812 672 1862 nobis
696 1811 1003 1864 invidisset.
1095 1815 1172 1862 Ex
1217 1813 1417 1864 eodem
1459 1812 1611 1863 fonte

88 1883 357 1935 derivatur
374 1881 460 1933 illa
489 1882 650 1947 rati0‚
688 1899 793 1949 qua
816 1882 1165 1949 praecipitur,
1200 1893 1262 1934 ut
1293 1900 1406 1933 non
1426 1882 1612 1946 mod0‚

87 1953 347 2022 quicquid
382 1953 496 2004 veri
524 1951 753 2014 fructuS‚
810 1952 904 2002 otii
935 1961 989 2002 et
1024 1951 1311 2018 felicitatis,
1356 1954 1492 2005 vitae
1521 1971 1613 2002 ru-

86 2025 246 2074 sticae
287 2025 396 2074 sive
442 2022 692 2091 pastorali
735 2022 883 2085 insit,
949 2021 1017 2072 ad
1056 2024 1315 2090 pastoritii
1366 2023 1612 2074 carminis

86 2094 400 2144 suavitatem
439 2101 755 2155 arcessatur,
811 2108 1004 2142 verum
1046 2095 1206 2143 etiam
1234 2104 1318 2157 ut,
1355 2092 1608 2162 quicquid

88 2163 156 2214 ad
190 2161 643 2231 amplificandam,
690 2161 1054 2212 exornandam
1071 2202 1086 2225 ,
1133 2181 1192 2214 ac
1234 2163 1610 2215 cumulandam

86 2235 241 2284 istam
276 2250 461 2284 veram
499 2232 887 2283 iucunditatem
921 2233 1085 2283 animi
1114 2234 1192 2283 vis
1225 2235 1521 2299 excogitare
1553 2250 1610 2282 ac

87 2303 293 2369 fingere
331 2303 526 2371 possit,
568 2301 637 2352 ad
674 2302 940 2352 maiorem
972 2303 1284 2355 suavitatem
1323 2303 1612 2354 liberaliter

86 2382 419 2439 congeratur.
492 2371 764 2440 Quicquid
808 2373 955 2422 enim
987 2375 1229 2424 animum
1260 2373 1527 2425 delectare
1559 2382 1612 2422 et

86 2443 350 2494 illecebris
392 2442 715 2511 quibusdam
760 2441 985 2493 delinire
1017 2453 1220 2510 potest,
1268 2445 1323 2493 in
1355 2444 1412 2493 id
1449 2452 1609 2511 poeta

85 2514 166 2563 ius
194 2513 373 2563 habet.
445 2513 556 2563 Sed
582 2512 774 2562 nonin
805 2513 957 2562 omni
988 2529 1189 2579 genere
1213 2515 1395 2564 omnia
1416 2514 1483 2563 ad
1515 2512 1608 2562 de-

84 2582 395 2634 lectandum
425 2583 536 2633 vim
569 2582 1053 2649 habere‘possunt3
1101 2593 1155 2634 et
1190 2601 1477 2652 perperam
1508 2592 1609 2631 sta-

87 2653 276 2719 tuitur,
314 2652 465 2720 quod
492 2653 649 2703 multi
680 2651 903 2702 credere
931 2653 1208 2718 videntur,
1230 2649 1366 2704 ‘satis
1399 2670 1513 2703 esse
1543 2650 1607 2701 ad

90 2737 305 2773 carmen
343 2723 626 2785 rusticum,
670 2721 841 2771 modo
872 2739 959 2772 res
995 2741 1024 2774 e
1053 2725 1157 2773 vita
1190 2725 1407 2785 rustica,
1446 2738 1607 2789 quae—

89 2807 303 2858 cunque
343 2793 473 2842 istae
521 2793 650 2855 sint,
700 2792 879 2842 verbis
922 2810 980 2842 ac
1018 2795 1259 2844 versibus
1299 2793 1606 2843 reddantur.

92 2861 229 2910 Sunt
263 2861 462 2913 multae
504 2871 680 2931 partes
712 2871 767 2913 et
801 2879 949 2912 casus
988 2864 1125 2915 vitae
1156 2865 1405 2925 rusticae,
1451 2859 1607 2909 nimis

136 2999 165 3041 ’)
190 2999 254 3032 Ge.
281 3000 322 3040 11,
347 2998 412 3037 461
434 3013 511 3046 sqq.
928 3002 969 3046 ⁸⁶)
997 3002 1088 3036 Vide
1110 3004 1210 3049 Idyll.
1231 3005 1305 3037 vn.
