<?xml version="1.0" encoding="UTF-8"?>
<!DOCTYPE html PUBLIC "-//W3C//DTD XHTML 1.0 Transitional//EN"
    "http://www.w3.org/TR/xhtml1/DTD/xhtml1-transitional.dtd">
<html xmlns="http://www.w3.org/1999/xhtml" xml:lang="en" lang="en">
 <head>
  <title>
</title>
<meta http-equiv="Content-Type" content="text/html;charset=utf-8" />
  <meta name='ocr-system' content='tesseract 3.04.00' />
  <meta name='ocr-capabilities' content='ocr_page ocr_carea ocr_par ocr_line ocrx_word'/>
</head>
<body>
  <div class='ocr_page' id='page_1' title='image "./publiusvirgilius01virguoft/publiusvirgilius01virguoft_0121.png"; bbox 0 0 1768 3320; ppageno 0'>
   <div class='ocr_carea' id='block_1_1' title="bbox 342 212 1575 308">
    <p class='ocr_par' dir='ltr' id='par_1_1' title="bbox 342 212 1575 308">
     <span class='ocr_line' id='line_1_1' title="bbox 342 212 1575 308; baseline -0.001 -17"><span class='ocrx_word' id='word_1_1' title='bbox 342 231 390 308; x_wconf 10' lang='lat' dir='ltr'>l</span> <span class='ocrx_word' id='word_1_2' title='bbox 442 212 851 302; x_wconf 63' lang='lat' dir='ltr'><strong>PER-ANNGS</strong></span> <span class='ocrx_word' id='word_1_3' title='bbox 886 238 1192 289; x_wconf 89' lang='lat' dir='ltr'>DIGESTA</span> <span class='ocrx_word' id='word_1_4' title='bbox 1261 239 1263 242; x_wconf 74' lang='grc'>’</span> <span class='ocrx_word' id='word_1_5' title='bbox 1390 268 1392 270; x_wconf 83' lang='grc'>·</span> <span class='ocrx_word' id='word_1_6' title='bbox 1450 257 1575 291; x_wconf 81' lang='lat' dir='ltr'>cxln</span> 
     </span>
    </p>
   </div>
   <div class='ocr_carea' id='block_1_2' title="bbox 2 368 1577 429">
    <p class='ocr_par' dir='ltr' id='par_1_2' title="bbox 2 368 1577 429">
     <span class='ocr_line' id='line_1_2' title="bbox 2 368 1577 429; baseline -0.003 -16"><span class='ocrx_word' id='word_1_7' title='bbox 2 426 3 429; x_wconf 11' lang='grc' dir='ltr'><strong>Ἴ</strong></span> <span class='ocrx_word' id='word_1_8' title='bbox 39 386 106 412; x_wconf 82' lang='lat' dir='ltr'>sos</span> <span class='ocrx_word' id='word_1_9' title='bbox 121 371 323 413; x_wconf 73' lang='lat' dir='ltr'>deducere</span> <span class='ocrx_word' id='word_1_10' title='bbox 339 370 545 420; x_wconf 83' lang='lat' dir='ltr'>instituit,</span> <span class='ocrx_word' id='word_1_11' title='bbox 576 370 760 422; x_wconf 82' lang='lat' dir='ltr'><strong>ingentes</strong></span> <span class='ocrx_word' id='word_1_12' title='bbox 779 381 853 422; x_wconf 88' lang='lat' dir='ltr'>per</span> <span class='ocrx_word' id='word_1_13' title='bbox 870 368 1029 407; x_wconf 90' lang='lat' dir='ltr'>Italiam</span> <span class='ocrx_word' id='word_1_14' title='bbox 1050 368 1216 418; x_wconf 81' lang='lat' dir='ltr'>turbas,</span> <span class='ocrx_word' id='word_1_15' title='bbox 1254 368 1407 421; x_wconf 90' lang='lat' dir='ltr'>partim</span> <span class='ocrx_word' id='word_1_16' title='bbox 1422 383 1577 421; x_wconf 88' lang='lat' dir='ltr'>eorum,</span> 
     </span>
    </p>
   </div>
   <div class='ocr_carea' id='block_1_3' title="bbox 29 402 1579 542">
    <p class='ocr_par' dir='ltr' id='par_1_3' title="bbox 29 402 1579 542">
     <span class='ocr_line' id='line_1_3' title="bbox 40 402 1579 489; baseline -0.003 -18"><span class='ocrx_word' id='word_1_17' title='bbox 40 431 112 484; x_wconf 84' lang='lat' dir='ltr'>qui</span> <span class='ocrx_word' id='word_1_18' title='bbox 128 429 458 489; x_wconf 69' lang='lat' dir='ltr'>possessionibus</span> <span class='ocrx_word' id='word_1_19' title='bbox 464 430 546 468; x_wconf 86' lang='lat' dir='ltr'>suis</span> <span class='ocrx_word' id='word_1_20' title='bbox 575 428 864 476; x_wconf 87' lang='lat' dir='ltr'>eiiciebantur,</span> <span class='ocrx_word' id='word_1_21' title='bbox 899 426 1195 479; x_wconf 82' lang='lat' dir='ltr'>indignatione,</span> <span class='ocrx_word' id='word_1_22' title='bbox 1224 427 1377 479; x_wconf 87' lang='lat' dir='ltr'>partim</span> <span class='ocrx_word' id='word_1_23' title='bbox 1403 402 1579 467; x_wconf 79' lang='lat' dir='ltr'>militurxi</span> 
     </span>
     <span class='ocr_line' id='line_1_4' title="bbox 29 485 1579 542; baseline -0.004 -12"><span class='ocrx_word' id='word_1_24' title='bbox 29 488 181 530; x_wconf 61' lang='lat' dir='ltr'>‘e‘fl&#39;reffi</span> <span class='ocrx_word' id='word_1_25' title='bbox 205 488 430 542; x_wconf 78' lang='lat' dir='ltr'>eupiditate</span> <span class='ocrx_word' id='word_1_26' title='bbox 458 494 500 527; x_wconf 89' lang='lat' dir='ltr'>et</span> <span class='ocrx_word' id='word_1_27' title='bbox 528 486 728 535; x_wconf 89' lang='lat' dir='ltr'>audacia,</span> <span class='ocrx_word' id='word_1_28' title='bbox 768 485 819 524; x_wconf 90' lang='lat' dir='ltr'>de</span> <span class='ocrx_word' id='word_1_29' title='bbox 849 498 946 537; x_wconf 85' lang='lat' dir='ltr'>qua</span> <span class='ocrx_word' id='word_1_30' title='bbox 964 485 1050 525; x_wconf 82' lang='lat' dir='ltr'>vid.</span> <span class='ocrx_word' id='word_1_31' title='bbox 1077 486 1251 538; x_wconf 86' lang='lat' dir='ltr'>Appian.</span> <span class='ocrx_word' id='word_1_32' title='bbox 1277 499 1317 538; x_wconf 94' lang='lat' dir='ltr'>p.</span> <span class='ocrx_word' id='word_1_33' title='bbox 1346 488 1458 527; x_wconf 83' lang='lat'>1082</span> <span class='ocrx_word' id='word_1_34' title='bbox 1479 500 1579 538; x_wconf 89' lang='lat' dir='ltr'>sqq.,</span> 
     </span>
    </p>
   </div>
   <div class='ocr_carea' id='block_1_4' title="bbox 39 542 1582 658">
    <p class='ocr_par' dir='ltr' id='par_1_4' title="bbox 39 542 1582 658">
     <span class='ocr_line' id='line_1_5' title="bbox 40 542 1582 596; baseline -0.005 -6"><span class='ocrx_word' id='word_1_35' title='bbox 40 547 211 590; x_wconf 82' lang='lat' dir='ltr'>Dionem</span> <span class='ocrx_word' id='word_1_36' title='bbox 237 547 345 587; x_wconf 82' lang='lat' dir='ltr'>Cass.</span> <span class='ocrx_word' id='word_1_37' title='bbox 373 546 531 596; x_wconf 85' lang='lat' dir='ltr'>XLVII,</span> <span class='ocrx_word' id='word_1_38' title='bbox 558 548 624 588; x_wconf 88' lang='lat'>17.</span> <span class='ocrx_word' id='word_1_39' title='bbox 643 544 782 585; x_wconf 90' lang='lat' dir='ltr'>Vellei.</span> <span class='ocrx_word' id='word_1_40' title='bbox 810 543 860 593; x_wconf 88' lang='grc' dir='ltr'>Π,</span> <span class='ocrx_word' id='word_1_41' title='bbox 879 542 950 593; x_wconf 87' lang='grc'>74,</span> <span class='ocrx_word' id='word_1_42' title='bbox 973 543 1146 583; x_wconf 79' lang='lat' dir='ltr'>excitari</span> <span class='ocrx_word' id='word_1_43' title='bbox 1166 543 1289 583; x_wconf 83' lang='lat' dir='ltr'>videt.</span> <span class='ocrx_word' id='word_1_44' title='bbox 1350 542 1446 592; x_wconf 85' lang='lat' dir='ltr'>Qua</span> <span class='ocrx_word' id='word_1_45' title='bbox 1467 543 1517 582; x_wconf 90' lang='lat' dir='ltr'>de</span> <span class='ocrx_word' id='word_1_46' title='bbox 1534 558 1582 583; x_wconf 90' lang='lat' dir='ltr'>re</span> 
     </span>
     <span class='ocr_line' id='line_1_6' title="bbox 39 601 1581 658; baseline -0.004 -12"><span class='ocrx_word' id='word_1_47' title='bbox 39 604 126 646; x_wconf 78' lang='lat' dir='ltr'>vid.</span> <span class='ocrx_word' id='word_1_48' title='bbox 145 607 443 658; x_wconf 76' lang='lat' dir='ltr'>Argumentum</span> <span class='ocrx_word' id='word_1_49' title='bbox 460 604 543 644; x_wconf 85' lang='lat' dir='ltr'>Ecl.</span> <span class='ocrx_word' id='word_1_50' title='bbox 560 603 591 643; x_wconf 91' lang='lat' dir='ltr'>I.</span> <span class='ocrx_word' id='word_1_51' title='bbox 609 603 817 642; x_wconf 84' lang='lat' dir='ltr'>Latissime</span> <span class='ocrx_word' id='word_1_52' title='bbox 834 607 971 641; x_wconf 73' lang='lat' dir='ltr'>autem</span> <span class='ocrx_word' id='word_1_53' title='bbox 989 602 1196 641; x_wconf 88' lang='lat' dir='ltr'>calamitas</span> <span class='ocrx_word' id='word_1_54' title='bbox 1214 602 1284 641; x_wconf 89' lang='lat' dir='ltr'>illa</span> <span class='ocrx_word' id='word_1_55' title='bbox 1301 607 1343 641; x_wconf 90' lang='lat' dir='ltr'>et</span> <span class='ocrx_word' id='word_1_56' title='bbox 1361 601 1416 640; x_wconf 91' lang='lat' dir='ltr'>ad</span> <span class='ocrx_word' id='word_1_57' title='bbox 1434 616 1581 654; x_wconf 91' lang='lat' dir='ltr'>quam-</span> 
     </span>
    </p>
   </div>
   <div class='ocr_carea' id='block_1_5' title="bbox 0 660 1582 789">
    <p class='ocr_par' dir='ltr' id='par_1_5' title="bbox 0 660 1582 776">
     <span class='ocr_line' id='line_1_7' title="bbox 0 660 1582 720; baseline -0.003 -16"><span class='ocrx_word' id='word_1_58' title='bbox 0 707 11 720; x_wconf 18' lang='grc' dir='ltr'>χ</span> <span class='ocrx_word' id='word_1_59' title='bbox 38 663 242 718; x_wconf 82' lang='lat' dir='ltr'>plurimos</span> <span class='ocrx_word' id='word_1_60' title='bbox 260 664 469 718; x_wconf 86' lang='lat' dir='ltr'>pertinere</span> <span class='ocrx_word' id='word_1_61' title='bbox 499 662 660 712; x_wconf 78' lang='lat' dir='ltr'><strong>debuit,</strong></span> <span class='ocrx_word' id='word_1_62' title='bbox 697 662 756 700; x_wconf 89' lang='lat' dir='ltr'>ita</span> <span class='ocrx_word' id='word_1_63' title='bbox 772 667 822 700; x_wconf 90' lang='lat' dir='ltr'>ut</span> <span class='ocrx_word' id='word_1_64' title='bbox 840 660 1041 700; x_wconf 80' lang='lat' dir='ltr'>maximae</span> <span class='ocrx_word' id='word_1_65' title='bbox 1062 661 1325 700; x_wconf 88' lang='lat' dir='ltr'>fortunarum</span> <span class='ocrx_word' id='word_1_66' title='bbox 1345 660 1582 700; x_wconf 87' lang='lat' dir='ltr'>conversio-—</span> 
     </span>
     <span class='ocr_line' id='line_1_8' title="bbox 0 719 1582 789; baseline -0.003 -27"><span class='ocrx_word' id='word_1_67' title='bbox 0 726 4 755; x_wconf 78' lang='grc' dir='ltr'>ἶ</span> <span class='ocrx_word' id='word_1_68' title='bbox 40 735 114 762; x_wconf 84' lang='lat' dir='ltr'>nes</span> <span class='ocrx_word' id='word_1_69' title='bbox 136 723 478 789; x_wconf 78' lang='lat' dir='ltr'>insequerentur3</span> <span class='ocrx_word' id='word_1_70' title='bbox 506 720 620 761; x_wconf 90' lang='lat' dir='ltr'>unde</span> <span class='ocrx_word' id='word_1_71' title='bbox 649 726 691 760; x_wconf 87' lang='lat' dir='ltr'>et</span> <span class='ocrx_word' id='word_1_72' title='bbox 707 719 911 759; x_wconf 84' lang='lat' dir='ltr'>Antonius</span> <span class='ocrx_word' id='word_1_73' title='bbox 938 719 1049 772; x_wconf 89' lang='lat' dir='ltr'>apud</span> <span class='ocrx_word' id='word_1_74' title='bbox 1071 719 1302 772; x_wconf 81' lang='lat' dir='ltr'>Appianum</span> <span class='ocrx_word' id='word_1_75' title='bbox 1320 732 1362 772; x_wconf 87' lang='lat' dir='ltr'>p.</span> <span class='ocrx_word' id='word_1_76' title='bbox 1386 720 1496 762; x_wconf 87' lang='lat'>1075</span> <span class='ocrx_word' id='word_1_77' title='bbox 1516 719 1582 758; x_wconf 90' lang='lat' dir='ltr'>di-</span> 
     </span>
    </p>
   </div>
   <div class='ocr_carea' id='block_1_6' title="bbox 43 776 1583 835">
    <p class='ocr_par' dir='ltr' id='par_1_6' title="bbox 43 776 1583 835">
     <span class='ocr_line' id='line_1_9' title="bbox 43 776 1583 835; baseline -0.003 -13"><span class='ocrx_word' id='word_1_78' title='bbox 43 790 136 820; x_wconf 63' lang='lat' dir='ltr'>cero</span> <span class='ocrx_word' id='word_1_79' title='bbox 159 781 319 835; x_wconf 87' lang='lat' dir='ltr'>potuit,</span> <span class='ocrx_word' id='word_1_80' title='bbox 361 780 637 820; x_wconf 80' lang='lat' dir='ltr'>Octavianum</span> <span class='ocrx_word' id='word_1_81' title='bbox 664 779 708 818; x_wconf 89' lang='lat' dir='ltr'>in</span> <span class='ocrx_word' id='word_1_82' title='bbox 726 778 886 818; x_wconf 88' lang='lat' dir='ltr'>Italiam</span> <span class='ocrx_word' id='word_1_83' title='bbox 913 777 1013 828; x_wconf 87' lang='lat' dir='ltr'>isse,</span> <span class='ocrx_word' id='word_1_84' title='bbox 1044 778 1077 817; x_wconf 92' lang='lat' dir='ltr'>si</span> <span class='ocrx_word' id='word_1_85' title='bbox 1096 791 1164 817; x_wconf 88' lang='lat' dir='ltr'>res</span> <span class='ocrx_word' id='word_1_86' title='bbox 1183 776 1355 817; x_wconf 83' lang='lat' dir='ltr'>dicenda</span> <span class='ocrx_word' id='word_1_87' title='bbox 1369 777 1445 828; x_wconf 89' lang='lat' dir='ltr'>sit,</span> <span class='ocrx_word' id='word_1_88' title='bbox 1475 783 1583 818; x_wconf 77' lang='lat' dir='ltr'>tam-</span> 
     </span>
    </p>
   </div>
   <div class='ocr_carea' id='block_1_7' title="bbox 2 831 1582 892">
    <p class='ocr_par' dir='ltr' id='par_1_7' title="bbox 2 831 1582 892">
     <span class='ocr_line' id='line_1_10' title="bbox 2 831 1582 892; baseline -0.003 -11"><span class='ocrx_word' id='word_1_89' title='bbox 2 856 5 872; x_wconf 58' lang='lat'>1‘</span> <span class='ocrx_word' id='word_1_90' title='bbox 43 842 167 892; x_wconf 66' lang='lat' dir='ltr'>quam</span> <span class='ocrx_word' id='word_1_91' title='bbox 183 853 344 880; x_wconf 90' lang='lat' dir='ltr'>omnem</span> <span class='ocrx_word' id='word_1_92' title='bbox 365 839 523 879; x_wconf 89' lang='lat' dir='ltr'>Italiam</span> <span class='ocrx_word' id='word_1_93' title='bbox 543 838 708 877; x_wconf 87' lang='lat' dir='ltr'>sedibus</span> <span class='ocrx_word' id='word_1_94' title='bbox 727 837 810 876; x_wconf 80' lang='lat' dir='ltr'>suis</span> <span class='ocrx_word' id='word_1_95' title='bbox 828 842 1083 886; x_wconf 87' lang='lat' dir='ltr'>emoturum,</span> <span class='ocrx_word' id='word_1_96' title='bbox 1115 832 1361 889; x_wconf 82' lang='grc' dir='ltr'><strong><em>α’ναστήσων</em></strong></span> <span class='ocrx_word' id='word_1_97' title='bbox 1381 852 1459 889; x_wconf 84' lang='grc' dir='ltr'>την</span> <span class='ocrx_word' id='word_1_98' title='bbox 1472 831 1582 877; x_wconf 82' lang='grc' dir='ltr'>Ἰτα-</span> 
     </span>
    </p>
   </div>
   <div class='ocr_carea' id='block_1_8' title="bbox 43 894 1585 1006">
    <p class='ocr_par' dir='ltr' id='par_1_8' title="bbox 43 894 1585 1006">
     <span class='ocr_line' id='line_1_11' title="bbox 43 894 1585 948; baseline -0.005 -8"><span class='ocrx_word' id='word_1_99' title='bbox 43 899 151 940; x_wconf 76' lang='grc' dir='ltr'><strong>λίαν.</strong></span> <span class='ocrx_word' id='word_1_100' title='bbox 208 898 291 939; x_wconf 86' lang='lat' dir='ltr'>Vix</span> <span class='ocrx_word' id='word_1_101' title='bbox 316 899 424 938; x_wconf 85' lang='lat' dir='ltr'>enim</span> <span class='ocrx_word' id='word_1_102' title='bbox 452 904 515 936; x_wconf 87' lang='lat' dir='ltr'>est</span> <span class='ocrx_word' id='word_1_103' title='bbox 539 910 592 936; x_wconf 77' lang='lat' dir='ltr'>ex</span> <span class='ocrx_word' id='word_1_104' title='bbox 626 910 673 935; x_wconf 91' lang='lat' dir='ltr'>ea</span> <span class='ocrx_word' id='word_1_105' title='bbox 706 902 838 935; x_wconf 86' lang='lat' dir='ltr'>aetate</span> <span class='ocrx_word' id='word_1_106' title='bbox 866 900 1010 948; x_wconf 89' lang='lat' dir='ltr'>poeta,</span> <span class='ocrx_word' id='word_1_107' title='bbox 1049 901 1123 934; x_wconf 90' lang='lat' dir='ltr'>aut</span> <span class='ocrx_word' id='word_1_108' title='bbox 1155 895 1353 948; x_wconf 75' lang='lat' dir='ltr'>scriptor,</span> <span class='ocrx_word' id='word_1_109' title='bbox 1404 894 1474 946; x_wconf 89' lang='lat' dir='ltr'>qui</span> <span class='ocrx_word' id='word_1_110' title='bbox 1499 908 1585 934; x_wconf 90' lang='lat' dir='ltr'>non</span> 
     </span>
     <span class='ocr_line' id='line_1_12' title="bbox 45 953 1584 1006; baseline -0.003 -10"><span class='ocrx_word' id='word_1_111' title='bbox 45 957 252 1001; x_wconf 82' lang='lat' dir='ltr'>communi</span> <span class='ocrx_word' id='word_1_112' title='bbox 276 956 392 996; x_wconf 88' lang='lat' dir='ltr'>clade</span> <span class='ocrx_word' id='word_1_113' title='bbox 410 956 602 997; x_wconf 85' lang='lat' dir='ltr'>afflictum</span> <span class='ocrx_word' id='word_1_114' title='bbox 621 968 662 994; x_wconf 87' lang='lat' dir='ltr'>se</span> <span class='ocrx_word' id='word_1_115' title='bbox 678 960 889 993; x_wconf 83' lang='lat' dir='ltr'>memoret.</span> <span class='ocrx_word' id='word_1_116' title='bbox 949 953 1057 992; x_wconf 87' lang='lat' dir='ltr'>Hinc</span> <span class='ocrx_word' id='word_1_117' title='bbox 1072 953 1222 992; x_wconf 84' lang='lat' dir='ltr'>T1bu1h</span> <span class='ocrx_word' id='word_1_118' title='bbox 1227 953 1344 1005; x_wconf 74' lang='lat' dir='ltr'>selcx</span> <span class='ocrx_word' id='word_1_119' title='bbox 1363 953 1584 1006; x_wconf 84' lang='lat' dir='ltr'>quondam,</span> 
     </span>
    </p>
   </div>
   <div class='ocr_carea' id='block_1_9' title="bbox 0 1010 1585 1069">
    <p class='ocr_par' dir='ltr' id='par_1_9' title="bbox 0 1010 1585 1069">
     <span class='ocr_line' id='line_1_13' title="bbox 0 1010 1585 1069; baseline -0.002 -15"><span class='ocrx_word' id='word_1_120' title='bbox 0 1011 8 1031; x_wconf 72' lang='lat'>³¹</span> <span class='ocrx_word' id='word_1_121' title='bbox 44 1030 153 1054; x_wconf 81' lang='lat' dir='ltr'>nunc</span> <span class='ocrx_word' id='word_1_122' title='bbox 171 1015 337 1069; x_wconf 63' lang='lat' dir='ltr'>paufflr</span> <span class='ocrx_word' id='word_1_123' title='bbox 358 1029 484 1068; x_wconf 85' lang='lat' dir='ltr'>ager,</span> <span class='ocrx_word' id='word_1_124' title='bbox 516 1014 548 1064; x_wconf 89' lang='grc' dir='ltr'>Ι,</span> <span class='ocrx_word' id='word_1_125' title='bbox 583 1017 621 1063; x_wconf 92' lang='grc'>1,</span> <span class='ocrx_word' id='word_1_126' title='bbox 658 1015 862 1056; x_wconf 81' lang='grc'>19-23.</span> <span class='ocrx_word' id='word_1_127' title='bbox 885 1013 935 1053; x_wconf 71' lang='lat' dir='ltr'>cl:</span> <span class='ocrx_word' id='word_1_128' title='bbox 959 1010 1029 1062; x_wconf 72' lang='lat' dir='ltr'>IV,</span> <span class='ocrx_word' id='word_1_129' title='bbox 1054 1014 1376 1062; x_wconf 87' lang='lat'>1,183—190.</span> <span class='ocrx_word' id='word_1_130' title='bbox 1404 1012 1585 1065; x_wconf 90' lang='lat' dir='ltr'>Proper-</span> 
     </span>
    </p>
   </div>
   <div class='ocr_carea' id='block_1_10' title="bbox 44 1071 1581 1124">
    <p class='ocr_par' dir='ltr' id='par_1_10' title="bbox 0 1071 1581 1124">
     <span class='ocr_line' id='line_1_14' title="bbox 44 1071 1581 1124; baseline -0.003 -11.139"><span class='ocrx_word' id='word_1_131' title='bbox 44 1074 128 1114; x_wconf 83' lang='lat' dir='ltr'><strong>tius</strong></span> <span class='ocrx_word' id='word_1_132' title='bbox 146 1073 198 1113; x_wconf 80' lang='lat' dir='ltr'>de</span> <span class='ocrx_word' id='word_1_133' title='bbox 212 1087 267 1113; x_wconf 16' lang='lat' dir='ltr'>,se</span> <span class='ocrx_word' id='word_1_134' title='bbox 293 1073 363 1124; x_wconf 89' lang='lat' dir='ltr'>IV,</span> <span class='ocrx_word' id='word_1_135' title='bbox 393 1077 432 1124; x_wconf 89' lang='lat'>1,</span> <span class='ocrx_word' id='word_1_136' title='bbox 458 1075 540 1115; x_wconf 81' lang='lat'>129</span> <span class='ocrx_word' id='word_1_137' title='bbox 571 1073 690 1111; x_wconf 79' lang='lat' dir='ltr'>IVam</span> <span class='ocrx_word' id='word_1_138' title='bbox 718 1079 791 1110; x_wconf 80' lang='lat' dir='ltr'>tua</span> <span class='ocrx_word' id='word_1_139' title='bbox 812 1085 906 1110; x_wconf 86' lang='lat' dir='ltr'>cum</span> <span class='ocrx_word' id='word_1_140' title='bbox 933 1071 1056 1109; x_wconf 81' lang='lat' dir='ltr'>multi</span> <span class='ocrx_word' id='word_1_141' title='bbox 1075 1078 1279 1109; x_wconf 63' lang='lat' dir='ltr'>versarent</span> <span class='ocrx_word' id='word_1_142' title='bbox 1291 1084 1389 1109; x_wconf 77' lang='lat' dir='ltr'>rura</span> <span class='ocrx_word' id='word_1_143' title='bbox 1406 1072 1581 1120; x_wconf 69' lang='lat' dir='ltr'>izavenci,</span> 
     </span>
    </p>
   </div>
   <div class='ocr_carea' id='block_1_11' title="bbox 44 1127 1587 1184">
    <p class='ocr_par' dir='ltr' id='par_1_11' title="bbox 44 1127 1587 1184">
     <span class='ocr_line' id='line_1_15' title="bbox 44 1127 1587 1184; baseline -0.003 -12"><span class='ocrx_word' id='word_1_144' title='bbox 44 1131 228 1181; x_wconf 65' lang='grc' dir='ltr'>,Αὰειιιίἰι</span> <span class='ocrx_word' id='word_1_145' title='bbox 258 1133 441 1171; x_wconf 78' lang='lat' dir='ltr'>excultas</span> <span class='ocrx_word' id='word_1_146' title='bbox 468 1133 626 1184; x_wconf 73' lang='lat' dir='ltr'>pet-lica</span> <span class='ocrx_word' id='word_1_147' title='bbox 653 1131 778 1169; x_wconf 75' lang='lat' dir='ltr'>tristis</span> <span class='ocrx_word' id='word_1_148' title='bbox 809 1143 916 1181; x_wconf 70' lang='lat' dir='ltr'>opes.</span> <span class='ocrx_word' id='word_1_149' title='bbox 977 1129 1083 1168; x_wconf 90' lang='lat' dir='ltr'>Dum</span> <span class='ocrx_word' id='word_1_150' title='bbox 1118 1128 1263 1167; x_wconf 84' lang='lat' dir='ltr'>Fulvia</span> <span class='ocrx_word' id='word_1_151' title='bbox 1281 1159 1291 1177; x_wconf 92' lang='lat'>,</span> <span class='ocrx_word' id='word_1_152' title='bbox 1332 1128 1387 1168; x_wconf 90' lang='lat' dir='ltr'>M.</span> <span class='ocrx_word' id='word_1_153' title='bbox 1415 1127 1587 1169; x_wconf 78' lang='lat' dir='ltr'>Antonii</span> 
     </span>
    </p>
   </div>
   <div class='ocr_carea' id='block_1_12' title="bbox 0 1186 1588 1361">
    <p class='ocr_par' dir='ltr' id='par_1_12' title="bbox 0 1186 1588 1361">
     <span class='ocr_line' id='line_1_16' title="bbox 0 1186 1587 1241; baseline -0.004 -10"><span class='ocrx_word' id='word_1_154' title='bbox 0 1202 3 1207; x_wconf 90' lang='grc'>·</span> <span class='ocrx_word' id='word_1_155' title='bbox 45 1204 179 1241; x_wconf 79' lang='lat' dir='ltr'>uxor,</span> <span class='ocrx_word' id='word_1_156' title='bbox 210 1191 466 1230; x_wconf 79' lang='lat' dir='ltr'>coloniarum</span> <span class='ocrx_word' id='word_1_157' title='bbox 494 1189 782 1228; x_wconf 87' lang='lat' dir='ltr'>deductionem</span> <span class='ocrx_word' id='word_1_158' title='bbox 805 1188 854 1226; x_wconf 86' lang='lat' dir='ltr'>in</span> <span class='ocrx_word' id='word_1_159' title='bbox 868 1187 950 1227; x_wconf 80' lang='lat' dir='ltr'>viri</span> <span class='ocrx_word' id='word_1_160' title='bbox 969 1187 1196 1228; x_wconf 73' lang='lat' dir='ltr'>adventum</span> <span class='ocrx_word' id='word_1_161' title='bbox 1215 1186 1481 1227; x_wconf 76' lang='lat' dir='ltr'>differendam</span> <span class='ocrx_word' id='word_1_162' title='bbox 1502 1200 1587 1226; x_wconf 90' lang='lat' dir='ltr'>esse</span> 
     </span>
     <span class='ocr_line' id='line_1_17' title="bbox 2 1246 1588 1301; baseline -0.003 -12"><span class='ocrx_word' id='word_1_163' title='bbox 2 1252 16 1295; x_wconf 71' lang='lat'>².</span> <span class='ocrx_word' id='word_1_164' title='bbox 47 1249 281 1289; x_wconf 84' lang='lat' dir='ltr'>contendit:</span> <span class='ocrx_word' id='word_1_165' title='bbox 308 1249 353 1289; x_wconf 87' lang='lat' dir='ltr'>L.</span> <span class='ocrx_word' id='word_1_166' title='bbox 384 1247 608 1297; x_wconf 84' lang='lat' dir='ltr'>Antonius,</span> <span class='ocrx_word' id='word_1_167' title='bbox 646 1246 775 1286; x_wconf 90' lang='lat' dir='ltr'>Marci</span> <span class='ocrx_word' id='word_1_168' title='bbox 809 1247 960 1295; x_wconf 83' lang='lat' dir='ltr'>frater,</span> <span class='ocrx_word' id='word_1_169' title='bbox 1004 1246 1173 1296; x_wconf 88' lang='lat' dir='ltr'>Consul,</span> <span class='ocrx_word' id='word_1_170' title='bbox 1204 1260 1334 1285; x_wconf 80' lang='lat' dir='ltr'>novas</span> <span class='ocrx_word' id='word_1_171' title='bbox 1364 1255 1406 1285; x_wconf 86' lang='lat' dir='ltr'>et</span> <span class='ocrx_word' id='word_1_172' title='bbox 1420 1247 1505 1301; x_wconf 90' lang='lat' dir='ltr'>ipse</span> <span class='ocrx_word' id='word_1_173' title='bbox 1522 1259 1588 1285; x_wconf 89' lang='lat' dir='ltr'>res</span> 
     </span>
     <span class='ocr_line' id='line_1_18' title="bbox 46 1305 1587 1361; baseline -0.003 -13.145"><span class='ocrx_word' id='word_1_174' title='bbox 46 1308 239 1359; x_wconf 84' lang='lat' dir='ltr'>molitur,</span> <span class='ocrx_word' id='word_1_175' title='bbox 269 1313 312 1347; x_wconf 89' lang='lat' dir='ltr'>et</span> <span class='ocrx_word' id='word_1_176' title='bbox 332 1307 484 1361; x_wconf 87' lang='lat' dir='ltr'>partim</span> <span class='ocrx_word' id='word_1_177' title='bbox 502 1306 571 1355; x_wconf 85' lang='lat' dir='ltr'>iis,</span> <span class='ocrx_word' id='word_1_178' title='bbox 602 1306 672 1359; x_wconf 86' lang='lat' dir='ltr'>qui</span> <span class='ocrx_word' id='word_1_179' title='bbox 691 1305 869 1358; x_wconf 83' lang='lat' dir='ltr'>praediis</span> <span class='ocrx_word' id='word_1_180' title='bbox 888 1311 929 1343; x_wconf 92' lang='lat' dir='ltr'>et</span> <span class='ocrx_word' id='word_1_181' title='bbox 946 1305 1049 1357; x_wconf 87' lang='lat' dir='ltr'>agris</span> <span class='ocrx_word' id='word_1_182' title='bbox 1076 1305 1159 1343; x_wconf 85' lang='lat' dir='ltr'>suis</span> <span class='ocrx_word' id='word_1_183' title='bbox 1178 1305 1438 1355; x_wconf 74' lang='lat' dir='ltr'>exciderant,</span> <span class='ocrx_word' id='word_1_184' title='bbox 1469 1318 1587 1359; x_wconf 89' lang='lat' dir='ltr'>opem</span> 
     </span>
    </p>
   </div>
   <div class='ocr_carea' id='block_1_13' title="bbox 48 1363 1588 1420">
    <p class='ocr_par' dir='ltr' id='par_1_13' title="bbox 48 1363 1588 1420">
     <span class='ocr_line' id='line_1_19' title="bbox 48 1363 1588 1420; baseline -0.003 -14"><span class='ocrx_word' id='word_1_185' title='bbox 48 1378 164 1406; x_wconf 83' lang='lat' dir='ltr'>suam</span> <span class='ocrx_word' id='word_1_186' title='bbox 188 1366 441 1420; x_wconf 87' lang='lat' dir='ltr'>pollicendo,</span> <span class='ocrx_word' id='word_1_187' title='bbox 481 1364 632 1419; x_wconf 87' lang='lat' dir='ltr'>partim</span> <span class='ocrx_word' id='word_1_188' title='bbox 650 1365 860 1403; x_wconf 84' lang='lat' dir='ltr'>Caesarem</span> <span class='ocrx_word' id='word_1_189' title='bbox 878 1363 932 1402; x_wconf 89' lang='lat' dir='ltr'>ad</span> <span class='ocrx_word' id='word_1_190' title='bbox 949 1369 1166 1403; x_wconf 83' lang='lat' dir='ltr'>veteranos</span> <span class='ocrx_word' id='word_1_191' title='bbox 1187 1363 1467 1412; x_wconf 85' lang='lat' dir='ltr'>criminando,</span> <span class='ocrx_word' id='word_1_192' title='bbox 1497 1377 1588 1402; x_wconf 90' lang='lat' dir='ltr'>ma-</span> 
     </span>
    </p>
   </div>
   <div class='ocr_carea' id='block_1_14' title="bbox 48 1421 1400 1489">
    <p class='ocr_par' dir='ltr' id='par_1_14' title="bbox 48 1421 1400 1489">
     <span class='ocr_line' id='line_1_20' title="bbox 48 1421 1400 1489; baseline -0.002 -25"><span class='ocrx_word' id='word_1_193' title='bbox 48 1439 174 1480; x_wconf 88' lang='lat' dir='ltr'>gnum</span> <span class='ocrx_word' id='word_1_194' title='bbox 193 1424 422 1464; x_wconf 79' lang='lat' dir='ltr'>exercitum</span> <span class='ocrx_word' id='word_1_195' title='bbox 445 1437 612 1489; x_wconf 79' lang='lat' dir='ltr'>compai</span> <span class='ocrx_word' id='word_1_196' title='bbox 614 1429 678 1473; x_wconf 86' lang='lat' dir='ltr'>at,</span> <span class='ocrx_word' id='word_1_197' title='bbox 708 1421 971 1474; x_wconf 85' lang='lat' dir='ltr'>bellumque</span> <span class='ocrx_word' id='word_1_198' title='bbox 960 1436 1000 1460; x_wconf 88' lang='lat' dir='ltr'>m</span> <span class='ocrx_word' id='word_1_199' title='bbox 1022 1422 1232 1460; x_wconf 86' lang='lat' dir='ltr'>Caesarem</span> <span class='ocrx_word' id='word_1_200' title='bbox 1250 1428 1400 1462; x_wconf 83' lang='lat' dir='ltr'>movet.</span> 
     </span>
    </p>
   </div>
   <div class='ocr_carea' id='block_1_15' title="bbox 166 1479 1588 1546">
    <p class='ocr_par' dir='ltr' id='par_1_15' title="bbox 166 1479 1588 1546">
     <span class='ocr_line' id='line_1_21' title="bbox 166 1479 1588 1546; baseline -0.003 -24"><span class='ocrx_word' id='word_1_201' title='bbox 166 1483 214 1522; x_wconf 91' lang='lat' dir='ltr'>In</span> <span class='ocrx_word' id='word_1_202' title='bbox 249 1483 328 1527; x_wconf 66' lang='lat' dir='ltr'>ilh·</span> <span class='ocrx_word' id='word_1_203' title='bbox 359 1482 518 1536; x_wconf 85' lang='lat' dir='ltr'>agraria</span> <span class='ocrx_word' id='word_1_204' title='bbox 554 1481 770 1546; x_wconf 83' lang='lat' dir='ltr'>largitione</span> <span class='ocrx_word' id='word_1_205' title='bbox 811 1479 913 1534; x_wconf 90' lang='lat' dir='ltr'>(non</span> <span class='ocrx_word' id='word_1_206' title='bbox 939 1480 1046 1519; x_wconf 88' lang='lat' dir='ltr'>enim</span> <span class='ocrx_word' id='word_1_207' title='bbox 1078 1480 1131 1519; x_wconf 87' lang='lat' dir='ltr'>ad</span> <span class='ocrx_word' id='word_1_208' title='bbox 1157 1480 1278 1519; x_wconf 86' lang='lat' dir='ltr'>aliam</span> <span class='ocrx_word' id='word_1_209' title='bbox 1307 1479 1418 1519; x_wconf 87' lang='lat' dir='ltr'>trahi</span> <span class='ocrx_word' id='word_1_210' title='bbox 1449 1493 1588 1534; x_wconf 85' lang='lat' dir='ltr'>posse,</span> 
     </span>
    </p>
   </div>
   <div class='ocr_carea' id='block_1_16' title="bbox 0 1538 1591 1655">
    <p class='ocr_par' dir='ltr' id='par_1_16' title="bbox 0 1538 1591 1655">
     <span class='ocr_line' id='line_1_22' title="bbox 5 1538 1591 1595; baseline -0.004 -12"><span class='ocrx_word' id='word_1_211' title='bbox 5 1588 7 1591; x_wconf 25' lang='lat'><strong><em>¹</em></strong></span> <span class='ocrx_word' id='word_1_212' title='bbox 50 1556 298 1595; x_wconf 84' lang='lat' dir='ltr'>quamquam</span> <span class='ocrx_word' id='word_1_213' title='bbox 319 1555 386 1581; x_wconf 85' lang='lat' dir='ltr'>res</span> <span class='ocrx_word' id='word_1_214' title='bbox 408 1540 651 1594; x_wconf 83' lang='lat' dir='ltr'>probatione</span> <span class='ocrx_word' id='word_1_215' title='bbox 681 1539 754 1579; x_wconf 81' lang='lat' dir='ltr'>vix</span> <span class='ocrx_word' id='word_1_216' title='bbox 783 1546 893 1591; x_wconf 84' lang='lat' dir='ltr'>eget,</span> <span class='ocrx_word' id='word_1_217' title='bbox 931 1538 1095 1577; x_wconf 86' lang='lat' dir='ltr'>Ruaeus</span> <span class='ocrx_word' id='word_1_218' title='bbox 1125 1538 1319 1592; x_wconf 81' lang='lat' dir='ltr'>probavit</span> <span class='ocrx_word' id='word_1_219' title='bbox 1354 1538 1408 1577; x_wconf 89' lang='lat' dir='ltr'>ad</span> <span class='ocrx_word' id='word_1_220' title='bbox 1432 1538 1591 1591; x_wconf 86' lang='lat' dir='ltr'>Virgilii</span> 
     </span>
     <span class='ocr_line' id='line_1_23' title="bbox 0 1597 1590 1655; baseline -0.003 -15"><span class='ocrx_word' id='word_1_221' title='bbox 0 1604 19 1617; x_wconf 68' lang='lat'>*&#39;</span> <span class='ocrx_word' id='word_1_222' title='bbox 50 1602 187 1642; x_wconf 85' lang='lat' dir='ltr'>Vitam</span> <span class='ocrx_word' id='word_1_223' title='bbox 204 1599 309 1655; x_wconf 85' lang='lat'>713)</span> <span class='ocrx_word' id='word_1_224' title='bbox 331 1600 453 1639; x_wconf 85' lang='lat' dir='ltr'>etiam</span> <span class='ocrx_word' id='word_1_225' title='bbox 482 1598 673 1651; x_wconf 81' lang='lat' dir='ltr'>Virgilius</span> <span class='ocrx_word' id='word_1_226' title='bbox 699 1611 815 1650; x_wconf 87' lang='lat' dir='ltr'>agros</span> <span class='ocrx_word' id='word_1_227' title='bbox 836 1611 932 1636; x_wconf 91' lang='lat' dir='ltr'>suos</span> <span class='ocrx_word' id='word_1_228' title='bbox 949 1603 1145 1651; x_wconf 88' lang='lat' dir='ltr'>paternos</span> <span class='ocrx_word' id='word_1_229' title='bbox 1170 1597 1314 1637; x_wconf 85' lang='lat' dir='ltr'>amisit.</span> <span class='ocrx_word' id='word_1_230' title='bbox 1373 1597 1460 1636; x_wconf 81' lang='lat' dir='ltr'>Etsi</span> <span class='ocrx_word' id='word_1_231' title='bbox 1481 1611 1590 1636; x_wconf 87' lang='lat' dir='ltr'>emm</span> 
     </span>
    </p>
   </div>
   <div class='ocr_carea' id='block_1_17' title="bbox 50 1642 1591 1708">
    <p class='ocr_par' dir='ltr' id='par_1_17' title="bbox 50 1642 1591 1708">
     <span class='ocr_line' id='line_1_24' title="bbox 50 1642 1591 1708; baseline -0.003 -8"><span class='ocrx_word' id='word_1_232' title='bbox 50 1658 263 1700; x_wconf 83' lang='lat' dir='ltr'>Mantuani</span> <span class='ocrx_word' id='word_1_233' title='bbox 286 1642 415 1698; x_wconf 88' lang='lat' dir='ltr'>nihil</span> <span class='ocrx_word' id='word_1_234' title='bbox 403 1671 449 1696; x_wconf 89' lang='grc' dir='ltr'>ιιι</span> <span class='ocrx_word' id='word_1_235' title='bbox 472 1657 725 1696; x_wconf 86' lang='lat' dir='ltr'>Triumviros</span> <span class='ocrx_word' id='word_1_236' title='bbox 744 1656 1046 1695; x_wconf 86' lang='lat' dir='ltr'>commiserant:</span> <span class='ocrx_word' id='word_1_237' title='bbox 1075 1669 1221 1708; x_wconf 85' lang='lat' dir='ltr'>magna</span> <span class='ocrx_word' id='word_1_238' title='bbox 1241 1662 1379 1695; x_wconf 87' lang='lat' dir='ltr'>tamen</span> <span class='ocrx_word' id='word_1_239' title='bbox 1397 1669 1591 1708; x_wconf 83' lang='lat' dir='ltr'>agrorum</span> 
     </span>
    </p>
   </div>
   <div class='ocr_carea' id='block_1_18' title="bbox 5 1714 1591 1830">
    <p class='ocr_par' dir='ltr' id='par_1_18' title="bbox 0 1713 1591 1830">
     <span class='ocr_line' id='line_1_25' title="bbox 51 1714 1590 1771; baseline -0.004 -12.192"><span class='ocrx_word' id='word_1_240' title='bbox 51 1731 222 1758; x_wconf 90' lang='lat' dir='ltr'>suorum</span> <span class='ocrx_word' id='word_1_241' title='bbox 244 1723 364 1771; x_wconf 83' lang='lat' dir='ltr'>parte</span> <span class='ocrx_word' id='word_1_242' title='bbox 390 1715 555 1756; x_wconf 84' lang='lat' dir='ltr'>multati</span> <span class='ocrx_word' id='word_1_243' title='bbox 583 1720 701 1765; x_wconf 85' lang='lat' dir='ltr'>sunt,</span> <span class='ocrx_word' id='word_1_244' title='bbox 742 1728 955 1767; x_wconf 87' lang='lat' dir='ltr'>quomam,</span> <span class='ocrx_word' id='word_1_245' title='bbox 997 1720 1046 1754; x_wconf 88' lang='lat' dir='ltr'>ut</span> <span class='ocrx_word' id='word_1_246' title='bbox 1074 1714 1212 1764; x_wconf 87' lang='lat' dir='ltr'>aiunt,</span> <span class='ocrx_word' id='word_1_247' title='bbox 1245 1714 1590 1764; x_wconf 81' lang='lat' dir='ltr'>Cremonensium,</span> 
     </span>
     <span class='ocr_line' id='line_1_26' title="bbox 5 1772 1591 1830; baseline -0.003 -13"><span class='ocrx_word' id='word_1_248' title='bbox 5 1803 8 1806; x_wconf 39' lang='lat'><strong>⁴</strong></span> <span class='ocrx_word' id='word_1_249' title='bbox 52 1776 125 1830; x_wconf 88' lang='lat' dir='ltr'>qui</span> <span class='ocrx_word' id='word_1_250' title='bbox 145 1775 267 1816; x_wconf 79' lang='lat' dir='ltr'>Bruti</span> <span class='ocrx_word' id='word_1_251' title='bbox 291 1782 334 1815; x_wconf 89' lang='lat' dir='ltr'>et</span> <span class='ocrx_word' id='word_1_252' title='bbox 361 1775 485 1815; x_wconf 82' lang='lat' dir='ltr'>Cassii</span> <span class='ocrx_word' id='word_1_253' title='bbox 514 1780 651 1828; x_wconf 85' lang='lat' dir='ltr'>partes</span> <span class='ocrx_word' id='word_1_254' title='bbox 671 1773 832 1826; x_wconf 89' lang='lat' dir='ltr'>sequuti</span> <span class='ocrx_word' id='word_1_255' title='bbox 858 1778 997 1822; x_wconf 85' lang='lat' dir='ltr'>erant,</span> <span class='ocrx_word' id='word_1_256' title='bbox 1029 1772 1114 1825; x_wconf 85' lang='lat' dir='ltr'>agri</span> <span class='ocrx_word' id='word_1_257' title='bbox 1132 1772 1354 1826; x_wconf 79' lang='lat' dir='ltr'>proscripti</span> <span class='ocrx_word' id='word_1_258' title='bbox 1367 1778 1591 1813; x_wconf 83' lang='lat' dir='ltr'>veterano-</span> 
     </span>
    </p>
   </div>
   <div class='ocr_carea' id='block_1_19' title="bbox 51 1831 1593 2005">
    <p class='ocr_par' dir='ltr' id='par_1_19' title="bbox 51 1831 1593 2005">
     <span class='ocr_line' id='line_1_27' title="bbox 51 1831 1593 1885; baseline -0.004 -9"><span class='ocrx_word' id='word_1_259' title='bbox 51 1849 146 1876; x_wconf 88' lang='lat' dir='ltr'>rum</span> <span class='ocrx_word' id='word_1_260' title='bbox 176 1833 437 1883; x_wconf 87' lang='lat' dir='ltr'>cohortibus,</span> <span class='ocrx_word' id='word_1_261' title='bbox 469 1846 573 1885; x_wconf 89' lang='lat' dir='ltr'>quae</span> <span class='ocrx_word' id='word_1_262' title='bbox 595 1845 642 1872; x_wconf 88' lang='lat' dir='ltr'>eo</span> <span class='ocrx_word' id='word_1_263' title='bbox 671 1831 870 1871; x_wconf 87' lang='lat' dir='ltr'>deductae</span> <span class='ocrx_word' id='word_1_264' title='bbox 897 1837 1039 1881; x_wconf 80' lang='lat' dir='ltr'>erant,</span> <span class='ocrx_word' id='word_1_265' title='bbox 1079 1845 1163 1870; x_wconf 88' lang='lat' dir='ltr'>non</span> <span class='ocrx_word' id='word_1_266' title='bbox 1191 1831 1472 1883; x_wconf 77' lang='lat' dir='ltr'>sufficiebant5</span> <span class='ocrx_word' id='word_1_267' title='bbox 1513 1831 1593 1870; x_wconf 87' lang='lat' dir='ltr'>alia</span> 
     </span>
     <span class='ocr_line' id='line_1_28' title="bbox 53 1889 1592 1958; baseline -0.005 -24"><span class='ocrx_word' id='word_1_268' title='bbox 53 1907 194 1934; x_wconf 77' lang='lat' dir='ltr'>caussa</span> <span class='ocrx_word' id='word_1_269' title='bbox 211 1892 349 1933; x_wconf 81' lang='lat' dir='ltr'>editur</span> <span class='ocrx_word' id='word_1_270' title='bbox 369 1892 479 1946; x_wconf 89' lang='lat' dir='ltr'>apud</span> <span class='ocrx_word' id='word_1_271' title='bbox 496 1890 764 1958; x_wconf 79' lang='lat' dir='ltr'>Pomponium</span> <span class='ocrx_word' id='word_1_272' title='bbox 784 1891 877 1930; x_wconf 87' lang='lat' dir='ltr'>Sab.</span> <span class='ocrx_word' id='word_1_273' title='bbox 904 1889 956 1929; x_wconf 89' lang='lat' dir='ltr'>ad</span> <span class='ocrx_word' id='word_1_274' title='bbox 974 1890 1075 1929; x_wconf 85' lang='lat' dir='ltr'>Aen.</span> <span class='ocrx_word' id='word_1_275' title='bbox 1106 1890 1177 1939; x_wconf 89' lang='lat' dir='ltr'>IX,</span> <span class='ocrx_word' id='word_1_276' title='bbox 1195 1892 1266 1940; x_wconf 82' lang='lat'>28,</span> <span class='ocrx_word' id='word_1_277' title='bbox 1296 1890 1405 1931; x_wconf 81' lang='lat' dir='ltr'>sorte</span> <span class='ocrx_word' id='word_1_278' title='bbox 1424 1903 1476 1929; x_wconf 85' lang='lat' dir='ltr'>ex</span> <span class='ocrx_word' id='word_1_279' title='bbox 1494 1891 1592 1929; x_wconf 88' lang='lat' dir='ltr'>Ser-</span> 
     </span>
     <span class='ocr_line' id='line_1_29' title="bbox 52 1947 1593 2005; baseline -0.003 -13"><span class='ocrx_word' id='word_1_280' title='bbox 52 1952 121 1993; x_wconf 84' lang='lat' dir='ltr'>vio</span> <span class='ocrx_word' id='word_1_281' title='bbox 158 1951 358 2005; x_wconf 86' lang='lat' dir='ltr'>pleniore.</span> <span class='ocrx_word' id='word_1_282' title='bbox 398 1950 658 2004; x_wconf 81' lang='lat' dir='ltr'>persuasione</span> <span class='ocrx_word' id='word_1_283' title='bbox 691 1949 1023 1988; x_wconf 78' lang='lat' dir='ltr'>Cremonensium</span> <span class='ocrx_word' id='word_1_284' title='bbox 1051 1947 1299 1987; x_wconf 85' lang='lat' dir='ltr'>Mantuanos</span> <span class='ocrx_word' id='word_1_285' title='bbox 1326 1962 1412 1989; x_wconf 88' lang='lat' dir='ltr'>non</span> <span class='ocrx_word' id='word_1_286' title='bbox 1438 1948 1593 1988; x_wconf 88' lang='lat' dir='ltr'>misisse</span> 
     </span>
    </p>
   </div>
   <div class='ocr_carea' id='block_1_20' title="bbox 54 2006 1594 2067">
    <p class='ocr_par' dir='ltr' id='par_1_20' title="bbox 0 2006 1594 2067">
     <span class='ocr_line' id='line_1_30' title="bbox 54 2006 1594 2067; baseline -0.003 -17.169"><span class='ocrx_word' id='word_1_287' title='bbox 54 2010 253 2050; x_wconf 71' lang='lat' dir='ltr'>auxilium</span> <span class='ocrx_word' id='word_1_288' title='bbox 280 2010 477 2062; x_wconf 85' lang='lat' dir='ltr'>Augusto.</span> <span class='ocrx_word' id='word_1_289' title='bbox 536 2010 622 2067; x_wconf 85' lang='lat' dir='ltr'>Iam</span> <span class='ocrx_word' id='word_1_290' title='bbox 659 2008 872 2061; x_wconf 81' lang='lat' dir='ltr'>Virgilium</span> <span class='ocrx_word' id='word_1_291' title='bbox 899 2009 1071 2047; x_wconf 82' lang='lat' dir='ltr'>Romam</span> <span class='ocrx_word' id='word_1_292' title='bbox 1108 2007 1339 2060; x_wconf 81' lang='lat' dir='ltr'>profectum</span> <span class='ocrx_word' id='word_1_293' title='bbox 1374 2006 1594 2047; x_wconf 79' lang='lat' dir='ltr'>Octaviani</span> 
     </span>
    </p>
   </div>
   <div class='ocr_carea' id='block_1_21' title="bbox 53 2065 1596 2648">
    <p class='ocr_par' dir='ltr' id='par_1_21' title="bbox 53 2065 1596 2413">
     <span class='ocr_line' id='line_1_31' title="bbox 53 2065 1592 2121; baseline -0.004 -12"><span class='ocrx_word' id='word_1_294' title='bbox 53 2069 298 2109; x_wconf 83' lang='lat' dir='ltr'>liberalitate</span> <span class='ocrx_word' id='word_1_295' title='bbox 325 2082 441 2121; x_wconf 81' lang='lat' dir='ltr'>agros</span> <span class='ocrx_word' id='word_1_296' title='bbox 467 2082 564 2111; x_wconf 75' lang='lat' dir='ltr'>suos</span> <span class='ocrx_word' id='word_1_297' title='bbox 595 2067 815 2119; x_wconf 90' lang='lat' dir='ltr'>recepisse,</span> <span class='ocrx_word' id='word_1_298' title='bbox 856 2081 949 2106; x_wconf 91' lang='lat' dir='ltr'>cum</span> <span class='ocrx_word' id='word_1_299' title='bbox 983 2071 1120 2106; x_wconf 87' lang='lat' dir='ltr'>autem</span> <span class='ocrx_word' id='word_1_300' title='bbox 1146 2065 1359 2105; x_wconf 84' lang='lat' dir='ltr'>Mantuam</span> <span class='ocrx_word' id='word_1_301' title='bbox 1391 2065 1592 2115; x_wconf 83' lang='lat' dir='ltr'>rediisset,</span> 
     </span>
     <span class='ocr_line' id='line_1_32' title="bbox 53 2095 1594 2178; baseline -0.003 -11"><span class='ocrx_word' id='word_1_302' title='bbox 53 2142 207 2167; x_wconf 83' lang='lat' dir='ltr'>novam</span> <span class='ocrx_word' id='word_1_303' title='bbox 234 2133 522 2166; x_wconf 76' lang='lat' dir='ltr'>veteranorum</span> <span class='ocrx_word' id='word_1_304' title='bbox 551 2126 743 2165; x_wconf 89' lang='lat' dir='ltr'>iniuriam</span> <span class='ocrx_word' id='word_1_305' title='bbox 775 2132 992 2178; x_wconf 84' lang='lat' dir='ltr'>expertum</span> <span class='ocrx_word' id='word_1_306' title='bbox 1019 2137 1125 2174; x_wconf 87' lang='lat' dir='ltr'>esse,</span> <span class='ocrx_word' id='word_1_307' title='bbox 1164 2137 1216 2163; x_wconf 83' lang='lat' dir='ltr'>ex</span> <span class='ocrx_word' id='word_1_308' title='bbox 1251 2124 1399 2178; x_wconf 87' lang='lat' dir='ltr'>Ecloga</span> <span class='ocrx_word' id='word_1_309' title='bbox 1421 2124 1442 2164; x_wconf 86' lang='lat'>1</span> <span class='ocrx_word' id='word_1_310' title='bbox 1471 2130 1514 2163; x_wconf 84' lang='lat' dir='ltr'>et</span> <span class='ocrx_word' id='word_1_311' title='bbox 1531 2095 1594 2163; x_wconf 58' lang='grc' dir='ltr'>ΠΕ,</span> 
     </span>
     <span class='ocr_line' id='line_1_33' title="bbox 56 2182 1596 2238; baseline -0.003 -13"><span class='ocrx_word' id='word_1_312' title='bbox 56 2186 152 2226; x_wconf 82' lang='lat' dir='ltr'>satis</span> <span class='ocrx_word' id='word_1_313' title='bbox 183 2191 365 2238; x_wconf 71' lang='lat' dir='ltr'>appar-,et</span> <span class='ocrx_word' id='word_1_314' title='bbox 435 2184 659 2224; x_wconf 88' lang='lat' dir='ltr'>Confirmat</span> <span class='ocrx_word' id='word_1_315' title='bbox 688 2183 889 2223; x_wconf 84' lang='lat' dir='ltr'>Martialis</span> <span class='ocrx_word' id='word_1_316' title='bbox 926 2183 1038 2234; x_wconf 84' lang='lat' dir='ltr'>VIII,</span> <span class='ocrx_word' id='word_1_317' title='bbox 1067 2183 1125 2226; x_wconf 87' lang='grc'>56</span> <span class='ocrx_word' id='word_1_318' title='bbox 1169 2184 1257 2234; x_wconf 77' lang='lat' dir='ltr'>lug</span> <span class='ocrx_word' id='word_1_319' title='bbox 1231 2196 1325 2221; x_wconf 75' lang='lat' dir='ltr'>‹rer-a</span> <span class='ocrx_word' id='word_1_320' title='bbox 1356 2182 1596 2234; x_wconf 60' lang='lat' dir='ltr'>perdiderat</span> 
     </span>
     <span class='ocr_line' id='line_1_34' title="bbox 58 2240 1594 2299; baseline -0.005 -14"><span class='ocrx_word' id='word_1_321' title='bbox 58 2242 282 2299; x_wconf 78' lang='lat' dir='ltr'>(Virgilius)</span> <span class='ocrx_word' id='word_1_322' title='bbox 306 2246 477 2282; x_wconf 78' lang='lat' dir='ltr'>miserae</span> <span class='ocrx_word' id='word_1_323' title='bbox 507 2245 646 2282; x_wconf 73' lang='lat' dir='ltr'>vicina</span> <span class='ocrx_word' id='word_1_324' title='bbox 683 2243 925 2292; x_wconf 85' lang='lat' dir='ltr'>Cremonae,</span> <span class='ocrx_word' id='word_1_325' title='bbox 966 2240 1113 2281; x_wconf 69' lang='lat' dir='ltr'>Heben</span> <span class='ocrx_word' id='word_1_326' title='bbox 1141 2249 1179 2279; x_wconf 83' lang='lat' dir='ltr'>et</span> <span class='ocrx_word' id='word_1_327' title='bbox 1208 2240 1408 2279; x_wconf 81' lang='lat' dir='ltr'>abductas</span> <span class='ocrx_word' id='word_1_328' title='bbox 1434 2243 1594 2294; x_wconf 73' lang='lat' dir='ltr'>Tityrus</span> 
     </span>
     <span class='ocr_line' id='line_1_35' title="bbox 56 2298 1595 2354; baseline -0.003 -12"><span class='ocrx_word' id='word_1_329' title='bbox 56 2317 183 2354; x_wconf 81' lang='lat' dir='ltr'>aeger</span> <span class='ocrx_word' id='word_1_330' title='bbox 213 2317 322 2341; x_wconf 82' lang='lat' dir='ltr'>oves.</span> <span class='ocrx_word' id='word_1_331' title='bbox 357 2303 468 2340; x_wconf 66' lang='lat' dir='ltr'>Risu</span> <span class='ocrx_word' id='word_1_332' title='bbox 496 2304 657 2340; x_wconf 75' lang='lat' dir='ltr'>Tuscus</span> <span class='ocrx_word' id='word_1_333' title='bbox 686 2316 806 2354; x_wconf 78' lang='lat' dir='ltr'>eques</span> <span class='ocrx_word' id='word_1_334' title='bbox 842 2307 918 2340; x_wconf 88' lang='lat' dir='ltr'>etc.</span> <span class='ocrx_word' id='word_1_335' title='bbox 978 2298 1198 2339; x_wconf 89' lang='lat' dir='ltr'>Videamus</span> <span class='ocrx_word' id='word_1_336' title='bbox 1224 2313 1337 2338; x_wconf 89' lang='lat' dir='ltr'>nunc</span> <span class='ocrx_word' id='word_1_337' title='bbox 1373 2313 1440 2349; x_wconf 91' lang='lat' dir='ltr'>ea,</span> <span class='ocrx_word' id='word_1_338' title='bbox 1490 2311 1595 2351; x_wconf 87' lang='lat' dir='ltr'>quae</span> 
     </span>
     <span class='ocr_line' id='line_1_36' title="bbox 58 2359 1242 2413; baseline -0.006 -12"><span class='ocrx_word' id='word_1_339' title='bbox 58 2360 404 2411; x_wconf 42' lang='lat' dir='ltr'>§Grammaticiffi</span> <span class='ocrx_word' id='word_1_340' title='bbox 433 2360 628 2413; x_wconf 90' lang='lat' dir='ltr'>pleraque</span> <span class='ocrx_word' id='word_1_341' title='bbox 646 2359 728 2399; x_wconf 85' lang='lat' dir='ltr'>fide</span> <span class='ocrx_word' id='word_1_342' title='bbox 745 2359 922 2407; x_wconf 82' lang='lat' dir='ltr'>incerta,</span> <span class='ocrx_word' id='word_1_343' title='bbox 954 2359 1191 2398; x_wconf 77' lang='lat' dir='ltr'>traduntur.</span> <span class='ocrx_word' id='word_1_344' title='bbox 1240 2369 1242 2371; x_wconf 88' lang='grc'>·</span> 
     </span>
    </p>

    <p class='ocr_par' dir='ltr' id='par_1_22' title="bbox 57 2413 1596 2648">
     <span class='ocr_line' id='line_1_37' title="bbox 174 2413 1595 2468; baseline -0.005 -10"><span class='ocrx_word' id='word_1_345' title='bbox 174 2419 221 2465; x_wconf 71' lang='grc' dir='ltr'>δι,</span> <span class='ocrx_word' id='word_1_346' title='bbox 237 2418 441 2459; x_wconf 81' lang='lat' dir='ltr'>Servianis</span> <span class='ocrx_word' id='word_1_347' title='bbox 457 2419 613 2457; x_wconf 85' lang='lat' dir='ltr'>laciniis</span> <span class='ocrx_word' id='word_1_348' title='bbox 631 2418 684 2457; x_wconf 90' lang='lat' dir='ltr'>ad</span> <span class='ocrx_word' id='word_1_349' title='bbox 701 2418 783 2457; x_wconf 87' lang='lat' dir='ltr'>Ecl.</span> <span class='ocrx_word' id='word_1_350' title='bbox 807 2418 879 2468; x_wconf 88' lang='lat' dir='ltr'>IX,</span> <span class='ocrx_word' id='word_1_351' title='bbox 899 2421 927 2460; x_wconf 90' lang='lat'>7</span> <span class='ocrx_word' id='word_1_352' title='bbox 949 2417 1051 2456; x_wconf 87' lang='lat' dir='ltr'>fides</span> <span class='ocrx_word' id='word_1_353' title='bbox 1077 2415 1287 2465; x_wconf 83' lang='lat' dir='ltr'>habenda,</span> <span class='ocrx_word' id='word_1_354' title='bbox 1317 2415 1361 2453; x_wconf 87' lang='lat' dir='ltr'>in</span> <span class='ocrx_word' id='word_1_355' title='bbox 1377 2414 1440 2452; x_wconf 90' lang='lat' dir='ltr'>his</span> <span class='ocrx_word' id='word_1_356' title='bbox 1456 2413 1595 2453; x_wconf 83' lang='lat' dir='ltr'>Italiae</span> 
     </span>
     <span class='ocr_line' id='line_1_38' title="bbox 57 2445 1596 2532; baseline -0.005 -16"><span class='ocrx_word' id='word_1_357' title='bbox 57 2477 242 2532; x_wconf 72' lang='lat' dir='ltr'>pattibus</span> <span class='ocrx_word' id='word_1_358' title='bbox 277 2478 474 2517; x_wconf 69' lang='lat' dir='ltr'>Octavius</span> <span class='ocrx_word' id='word_1_359' title='bbox 507 2480 666 2527; x_wconf 79' lang='lat' dir='ltr'>Musa,</span> <span class='ocrx_word' id='word_1_360' title='bbox 700 2477 899 2515; x_wconf 83' lang='lat' dir='ltr'>limilator</span> <span class='ocrx_word' id='word_1_361' title='bbox 921 2475 975 2514; x_wconf 83' lang='lat' dir='ltr'>ab</span> <span class='ocrx_word' id='word_1_362' title='bbox 1004 2478 1196 2527; x_wconf 74' lang='lat' dir='ltr'>Augusto</span> <span class='ocrx_word' id='word_1_363' title='bbox 1222 2445 1596 2526; x_wconf 63' lang='lat' dir='ltr'>da&#39;lzcs—-qumcle-</span> 
     </span>
     <span class='ocr_line' id='line_1_39' title="bbox 58 2530 1595 2588; baseline -0.005 -13"><span class='ocrx_word' id='word_1_364' title='bbox 58 2550 141 2575; x_wconf 68' lang='lat' dir='ltr'>cam</span> <span class='ocrx_word' id='word_1_365' title='bbox 157 2536 292 2575; x_wconf 77' lang='lat' dir='ltr'>millia</span> <span class='ocrx_word' id='word_1_366' title='bbox 304 2550 510 2588; x_wconf 81' lang='lat' dir='ltr'>passuum</span> <span class='ocrx_word' id='word_1_367' title='bbox 532 2538 631 2588; x_wconf 74' lang='lat' dir='ltr'>agri</span> <span class='ocrx_word' id='word_1_368' title='bbox 647 2537 879 2574; x_wconf 79' lang='lat' dir='ltr'>Mantuani</span> <span class='ocrx_word' id='word_1_369' title='bbox 893 2534 1088 2573; x_wconf 82' lang='lat' dir='ltr'>militibus</span> <span class='ocrx_word' id='word_1_370' title='bbox 1110 2532 1355 2584; x_wconf 84' lang='lat' dir='ltr'>assignarat,</span> <span class='ocrx_word' id='word_1_371' title='bbox 1385 2545 1480 2569; x_wconf 82' lang='lat' dir='ltr'>cum</span> <span class='ocrx_word' id='word_1_372' title='bbox 1500 2530 1595 2568; x_wconf 81' lang='lat' dir='ltr'>Cre-</span> 
     </span>
     <span class='ocr_line' id='line_1_40' title="bbox 60 2590 1596 2648; baseline -0.005 -15"><span class='ocrx_word' id='word_1_373' title='bbox 60 2596 260 2637; x_wconf 79' lang='lat' dir='ltr'>monensis</span> <span class='ocrx_word' id='word_1_374' title='bbox 278 2609 360 2633; x_wconf 86' lang='lat' dir='ltr'>non</span> <span class='ocrx_word' id='word_1_375' title='bbox 378 2594 605 2648; x_wconf 76' lang='lat' dir='ltr'>suffaeeret5</span> <span class='ocrx_word' id='word_1_376' title='bbox 637 2593 816 2647; x_wconf 62' lang='lat' dir='ltr'>offensus</span> <span class='ocrx_word' id='word_1_377' title='bbox 836 2608 863 2631; x_wconf 88' lang='lat' dir='ltr'>a</span> <span class='ocrx_word' id='word_1_378' title='bbox 886 2593 1161 2639; x_wconf 77' lang='lat' dir='ltr'>Mantuanis,</span> <span class='ocrx_word' id='word_1_379' title='bbox 1197 2590 1310 2642; x_wconf 82' lang='lat' dir='ltr'>quod</span> <span class='ocrx_word' id='word_1_380' title='bbox 1331 2603 1481 2641; x_wconf 81' lang='lat' dir='ltr'>pecora</span> <span class='ocrx_word' id='word_1_381' title='bbox 1512 2590 1596 2626; x_wconf 73' lang='lat' dir='ltr'>eius</span> 
     </span>
    </p>
   </div>
   <div class='ocr_carea' id='block_1_22' title="bbox 14 2647 1596 2705">
    <p class='ocr_par' dir='ltr' id='par_1_23' title="bbox 14 2647 1596 2705">
     <span class='ocr_line' id='line_1_41' title="bbox 14 2647 1596 2705; baseline -0.004 -14"><span class='ocrx_word' id='word_1_382' title='bbox 14 2669 31 2695; x_wconf 55' lang='grc' dir='ltr'>ι</span> <span class='ocrx_word' id='word_1_383' title='bbox 61 2653 106 2690; x_wconf 83' lang='grc' dir='ltr'>ἰη</span> <span class='ocrx_word' id='word_1_384' title='bbox 130 2666 233 2704; x_wconf 78' lang='lat' dir='ltr'>agro</span> <span class='ocrx_word' id='word_1_385' title='bbox 257 2652 425 2705; x_wconf 78' lang='lat' dir='ltr'>publico</span> <span class='ocrx_word' id='word_1_386' title='bbox 454 2653 681 2704; x_wconf 77' lang='lat' dir='ltr'>alzquando</span> <span class='ocrx_word' id='word_1_387' title='bbox 715 2652 968 2690; x_wconf 54' lang='lat' dir='ltr'>clamassent.</span> <span class='ocrx_word' id='word_1_388' title='bbox 1033 2651 1224 2688; x_wconf 85' lang='lat' dir='ltr'>Alfenum</span> <span class='ocrx_word' id='word_1_389' title='bbox 1264 2655 1404 2686; x_wconf 85' lang='lat' dir='ltr'>tamen</span> <span class='ocrx_word' id='word_1_390' title='bbox 1441 2647 1596 2685; x_wconf 66' lang='lat' dir='ltr'>Vanum</span> 
     </span>
    </p>
   </div>
   <div class='ocr_carea' id='block_1_23' title="bbox 57 2704 1598 2992">
    <p class='ocr_par' dir='ltr' id='par_1_24' title="bbox 57 2704 1598 2992">
     <span class='ocr_line' id='line_1_42' title="bbox 62 2704 1597 2756; baseline -0.003 -9"><span class='ocrx_word' id='word_1_391' title='bbox 62 2716 303 2750; x_wconf 89' lang='lat' dir='ltr'>metatorem</span> <span class='ocrx_word' id='word_1_392' title='bbox 329 2710 415 2748; x_wconf 89' lang='lat' dir='ltr'>edit</span> <span class='ocrx_word' id='word_1_393' title='bbox 446 2710 560 2749; x_wconf 84' lang='lat' dir='ltr'>alia</span> <span class='ocrx_word' id='word_1_394' title='bbox 548 2725 593 2748; x_wconf 86' lang='lat'>111</span> <span class='ocrx_word' id='word_1_395' title='bbox 626 2709 766 2748; x_wconf 88' lang='lat' dir='ltr'>iisdem</span> <span class='ocrx_word' id='word_1_396' title='bbox 796 2709 986 2756; x_wconf 83' lang='lat' dir='ltr'>alterius,</span> <span class='ocrx_word' id='word_1_397' title='bbox 1029 2715 1078 2747; x_wconf 83' lang='lat' dir='ltr'>ut</span> <span class='ocrx_word' id='word_1_398' title='bbox 1104 2706 1299 2755; x_wconf 85' lang='lat' dir='ltr'>videtur,</span> <span class='ocrx_word' id='word_1_399' title='bbox 1333 2704 1597 2744; x_wconf 83' lang='lat' dir='ltr'>Grammatici</span> 
     </span>
     <span class='ocr_line' id='line_1_43' title="bbox 62 2764 1592 2819; baseline -0.005 -13"><span class='ocrx_word' id='word_1_400' title='bbox 62 2768 219 2806; x_wconf 80' lang='lat' dir='ltr'>lacinia</span> <span class='ocrx_word' id='word_1_401' title='bbox 222 2768 288 2815; x_wconf 61' lang='grc' dir='ltr'>μᾶ</span> <span class='ocrx_word' id='word_1_402' title='bbox 319 2771 445 2810; x_wconf 80' lang='lat' dir='ltr'>v.10</span> <span class='ocrx_word' id='word_1_403' title='bbox 489 2768 611 2819; x_wconf 83' lang='lat' dir='ltr'>Quod</span> <span class='ocrx_word' id='word_1_404' title='bbox 639 2769 718 2806; x_wconf 72' lang='lat' dir='ltr'>alii</span> <span class='ocrx_word' id='word_1_405' title='bbox 745 2768 885 2806; x_wconf 75' lang='lat' dir='ltr'>clzcunt</span> <span class='ocrx_word' id='word_1_406' title='bbox 922 2768 980 2806; x_wconf 90' lang='lat' dir='ltr'><em>V</em></span> <span class='ocrx_word' id='word_1_407' title='bbox 963 2781 1043 2818; x_wconf 73' lang='lat'>17⁰·</span> <span class='ocrx_word' id='word_1_408' title='bbox 1040 2768 1149 2804; x_wconf 83' lang='lat' dir='ltr'>&#39;&#39;ltum</span> <span class='ocrx_word' id='word_1_409' title='bbox 1176 2764 1380 2803; x_wconf 77' lang='lat' dir='ltr'>ostendere</span> <span class='ocrx_word' id='word_1_410' title='bbox 1403 2764 1592 2809; x_wconf 69' lang='lat' dir='ltr'>voluisse,</span> 
     </span>
     <span class='ocr_line' id='line_1_44' title="bbox 65 2821 1592 2879; baseline -0.005 -15"><span class='ocrx_word' id='word_1_411' title='bbox 65 2825 177 2879; x_wconf 82' lang='lat' dir='ltr'>quod</span> <span class='ocrx_word' id='word_1_412' title='bbox 196 2828 445 2864; x_wconf 61' lang='lat' dir='ltr'>Mantuam-s·</span> <span class='ocrx_word' id='word_1_413' title='bbox 452 2841 533 2878; x_wconf 87' lang='lat' dir='ltr'>per</span> <span class='ocrx_word' id='word_1_414' title='bbox 548 2829 806 2879; x_wconf 78' lang='lat' dir='ltr'>iniquitatem</span> <span class='ocrx_word' id='word_1_415' title='bbox 827 2825 1013 2877; x_wconf 76' lang='lat' dir='ltr'>Alphem&#39;</span> <span class='ocrx_word' id='word_1_416' title='bbox 1037 2826 1083 2863; x_wconf 91' lang='lat' dir='ltr'><em>V</em></span> <span class='ocrx_word' id='word_1_417' title='bbox 1078 2839 1168 2872; x_wconf 79' lang='lat' dir='ltr'>an</span> <span class='ocrx_word' id='word_1_418' title='bbox 1203 2825 1277 2875; x_wconf 82' lang='lat' dir='ltr'>qui</span> <span class='ocrx_word' id='word_1_419' title='bbox 1294 2836 1418 2873; x_wconf 79' lang='lat' dir='ltr'>agros</span> <span class='ocrx_word' id='word_1_420' title='bbox 1439 2821 1485 2857; x_wconf 66' lang='lat' dir='ltr'>di</span> <span class='ocrx_word' id='word_1_421' title='bbox 1486 2822 1592 2867; x_wconf 75' lang='grc' dir='ltr'>ιί.“,ςιί</span> 
     </span>
     <span class='ocr_line' id='line_1_45' title="bbox 57 2879 1598 2936; baseline -0.005 -15"><span class='ocrx_word' id='word_1_422' title='bbox 57 2891 222 2936; x_wconf 82' lang='lat' dir='ltr'>praeter</span> <span class='ocrx_word' id='word_1_423' title='bbox 245 2885 449 2934; x_wconf 75' lang='lat' dir='ltr'>palustria</span> <span class='ocrx_word' id='word_1_424' title='bbox 477 2885 585 2922; x_wconf 79' lang='lat' dir='ltr'>nihil</span> <span class='ocrx_word' id='word_1_425' title='bbox 607 2886 790 2923; x_wconf 76' lang='lat' dir='ltr'>relictum</span> <span class='ocrx_word' id='word_1_426' title='bbox 817 2893 894 2932; x_wconf 65' lang='grc' dir='ltr'>εκ,-</span> <span class='ocrx_word' id='word_1_427' title='bbox 926 2885 1031 2921; x_wconf 77' lang='lat' dir='ltr'>szeut</span> <span class='ocrx_word' id='word_1_428' title='bbox 1061 2898 1111 2921; x_wconf 77' lang='lat' dir='ltr'>ex</span> <span class='ocrx_word' id='word_1_429' title='bbox 1144 2883 1323 2920; x_wconf 81' lang='lat' dir='ltr'>oratione</span> <span class='ocrx_word' id='word_1_430' title='bbox 1354 2879 1528 2917; x_wconf 70' lang='lat' dir='ltr'>Cornelii</span> <span class='ocrx_word' id='word_1_431' title='bbox 1555 2879 1598 2913; x_wconf 80' lang='lat' dir='ltr'>in</span> 
     </span>
     <span class='ocr_line' id='line_1_46' title="bbox 64 2934 1597 2992; baseline -0.005 -13"><span class='ocrx_word' id='word_1_432' title='bbox 64 2940 302 2992; x_wconf 79' lang='lat' dir='ltr'>Alphenum</span> <span class='ocrx_word' id='word_1_433' title='bbox 332 2943 578 2980; x_wconf 81' lang='lat' dir='ltr'>ostenditur.-</span> <span class='ocrx_word' id='word_1_434' title='bbox 620 2944 751 2992; x_wconf 90' lang='lat' dir='ltr'>„Cum</span> <span class='ocrx_word' id='word_1_435' title='bbox 775 2943 908 2981; x_wconf 81' lang='lat' dir='ltr'>iussus</span> <span class='ocrx_word' id='word_1_436' title='bbox 935 2941 1014 2979; x_wconf 86' lang='lat' dir='ltr'>tria</span> <span class='ocrx_word' id='word_1_437' title='bbox 1042 2940 1168 2979; x_wconf 85' lang='lat' dir='ltr'>millia</span> <span class='ocrx_word' id='word_1_438' title='bbox 1200 2952 1341 2992; x_wconf 87' lang='lat' dir='ltr'>passus</span> <span class='ocrx_word' id='word_1_439' title='bbox 1371 2951 1393 2974; x_wconf 88' lang='lat' dir='ltr'>a</span> <span class='ocrx_word' id='word_1_440' title='bbox 1413 2949 1530 2973; x_wconf 84' lang='lat' dir='ltr'>muro</span> <span class='ocrx_word' id='word_1_441' title='bbox 1554 2934 1597 2971; x_wconf 89' lang='lat' dir='ltr'>in</span> 
     </span>
    </p>
   </div>
   <div class='ocr_carea' id='block_1_24' title="bbox 18 2992 1598 3058">
    <p class='ocr_par' dir='ltr' id='par_1_25' title="bbox 18 2992 1598 3058">
     <span class='ocr_line' id='line_1_47' title="bbox 18 2992 1598 3058; baseline -0.006 -21"><span class='ocrx_word' id='word_1_442' title='bbox 18 3047 28 3058; x_wconf 35' lang='grc' dir='ltr'><strong><em>ο</em></strong></span> <span class='ocrx_word' id='word_1_443' title='bbox 66 2998 254 3050; x_wconf 85' lang='lat' dir='ltr'>„diversa</span> <span class='ocrx_word' id='word_1_444' title='bbox 272 2998 521 3050; x_wconf 88' lang='lat' dir='ltr'>relinquere,</span> <span class='ocrx_word' id='word_1_445' title='bbox 553 3007 601 3039; x_wconf 87' lang='lat' dir='ltr'>ut</span> <span class='ocrx_word' id='word_1_446' title='bbox 622 3002 874 3053; x_wconf 79' lang='lat' dir='ltr'>octingentos</span> <span class='ocrx_word' id='word_1_447' title='bbox 891 3013 1032 3052; x_wconf 69' lang='lat' dir='ltr'>passus</span> <span class='ocrx_word' id='word_1_448' title='bbox 1051 3011 1179 3051; x_wconf 82' lang='lat' dir='ltr'>aquae</span> <span class='ocrx_word' id='word_1_449' title='bbox 1194 3027 1206 3047; x_wconf 93' lang='lat'>,</span> <span class='ocrx_word' id='word_1_450' title='bbox 1249 3009 1329 3047; x_wconf 89' lang='lat' dir='ltr'>qua</span> <span class='ocrx_word' id='word_1_451' title='bbox 1349 2992 1598 3032; x_wconf 84' lang='lat' dir='ltr'>circumdata</span> 
     </span>
    </p>
   </div>
   <div class='ocr_carea' id='block_1_25' title="bbox 135 3060 1316 3117">
    <p class='ocr_par' dir='ltr' id='par_1_26' title="bbox 135 3060 1316 3117">
     <span class='ocr_line' id='line_1_48' title="bbox 135 3060 1316 3117; baseline 0.008 -2"><span class='ocrx_word' id='word_1_452' title='bbox 135 3068 347 3116; x_wconf 65' lang='lat' dir='ltr'>Vinea„</span> <span class='ocrx_word' id='word_1_453' title='bbox 384 3068 527 3117; x_wconf 87' lang='grc' dir='ltr'><strong>ΤοΜ.</strong></span> <span class='ocrx_word' id='word_1_454' title='bbox 553 3068 591 3117; x_wconf 91' lang='grc' dir='ltr'>Ι.</span> <span class='ocrx_word' id='word_1_455' title='bbox 1277 3060 1316 3108; x_wconf 80' lang='lat' dir='ltr'>h</span> 
     </span>
    </p>
   </div>
  </div>
 </body>
</html>
