1734 3320
243 218 732 282 GE'ostGrcoN
766 228 905 278 Lm.
940 227 1008 291 11,
1045 229 1347 281 429—436
1453 234 1557 283 473

0 341 19 350 ’κ
32 356 179 422 Quid
189 356 393 407 maiora
406 371 602 422 sequar
611 360 635 406 ?
644 386 716 394 —
732 352 919 404 salices
931 352 1279 421 humilesque
1290 366 1558 422 genestae,

32 431 138 480 Aut
186 426 309 478 illae
356 425 545 495 pecori
595 422 855 475 frondem
875 464 890 488 ,
946 433 1037 474 aut
1087 424 1392 491 pastoribus
1434 445 1559 477 urn-

32 565 349 630 sufficiunt,
384 580 717 633 saepemque
736 493 887 629 stiffi?
921 570 976 614 et
998 560 1194 629 pabula
1214 562 1368 614 melli
1394 501 1559 605 ——435

101 653 219 703 434.
256 653 498 708 smum?
543 661 652 699 ss1..
733 650 850 700 436.
889 647 1240 708 Surmcnmn
1311 662 1488 701 mm.

76 764 149 804 434
172 778 307 821 sequor
322 764 411 808 Era,
433 764 530 811 quod
547 763 772 800 coniectabat
790 764 1048 811 Io- Schrader.
1074 763 1197 809 (acute
1218 763 1365 810 quidem
1380 765 1559 801 Schrade—

28 825 101 848 rus.
146 812 377 848 commotivo
405 812 442 846 in
470 811 645 846 eiusmodi
680 812 963 857 interrogatione
998 810 1127 853 utitur,
1172 811 1232 857 qui
1264 811 1393 846 leviter
1424 820 1462 847 et
1492 826 1560 859 per

31 860 218 895 transitum
246 872 322 894 rem
350 859 502 906 aliquam
529 866 686 894 tacturus
712 867 784 901 est3
809 858 1030 896 Jndicativus
1061 864 1185 892 contra
1215 866 1269 893 est
1297 871 1373 893 rem
1393 868 1559 907 coeptam

30 907 246 949 emittentia
278 906 367 941 illud
391 906 438 941 ad
468 906 653 952 sequentia
680 914 835 953 spectat,
870 907 941 941 hoc
965 906 1011 939 ad
1027 917 1248 951 praegressa.
1295 907 1396 941 Illius
1418 910 1559 954 generis

30 955 193 1002 exempla
245 954 395 989 raebent
420 954 495 988 Ecl.
521 954 590 995 Vl,
623 953 700 990 74.:
732 954 863 997 „Quid
884 954 1079 999 loquar,
1112 959 1153 986 ut
1175 953 1329 999 Scyllam
1349 954 1431 989 Nisi
1442 959 1464 975 “
1490 963 1559 991 etc.

29 1003 96 1038 Ge.
113 1004 143 1046 1,
167 1005 186 1038 1
237 1015 268 1036 .:
293 1000 421 1044 „Quid
445 1001 613 1042 dicam,
637 1001 733 1036 iacto
754 1001 814 1047 qui
830 1000 963 1035 semine
984 999 1175 1034 comminus
1193 1013 1276 1035 arva
1299 1003 1559 1048 Insequitur-‘3⁴‘

27 1052 117 1085 Aen.
141 1050 203 1092 Vl,
237 1050 342 1085 601.:
376 1047 505 1091 „Quid
528 1059 772 1083 memorem
795 1047 1027 1094 Lapithas?“
1061 1048 1155 1087 vm,
1178 1048 1281 1084 483.:
1314 1049 1443 1092 „Quid
1466 1064 1499 1085 m
1513 1063 1559 1084 e..

28 1108 199 1132 morem
237 1095 403 1130 infandas
442 1094 630 1129 caedes?“
688 1095 800 1129 Huius
833 1094 972 1141 generis
1011 1094 1173 1139 exempla
1212 1102 1352 1130 exstant
1391 1100 1478 1132 Aen.
1513 1100 1558 1141 u,

31 1146 140 1180 101.:
202 1143 306 1186 „Sed
340 1141 426 1188 quid
462 1153 529 1187 ego
564 1142 654 1176 haec
688 1150 803 1176 autem
831 1141 1071 1188 nequidquam
1102 1141 1242 1187 ingrata
1296 1144 1558 1180 revolvo?“

28 1193 91 1232 IV,
113 1191 213 1227 368.:
250 1190 374 1233 „Nam
391 1188 477 1235 quid
509 1188 834 1224 dissimulo?“
868 1201 1013 1234 nempe:
1048 1188 1119 1222 hoc
1144 1189 1196 1223 ita
1229 1202 1317 1225 esse.
1353 1191 1425 1225 vid.
1447 1194 1491 1234 Q.
1511 1195 1558 1229 V.

28 1239 173 1280 XXXI,
194 1237 231 1274 3.
282 1236 387 1271 Unde
404 1235 636 1281 intelligitur,
660 1236 776 1270 videri
795 1243 920 1271 nostro
940 1236 1022 1270 loco
1043 1235 1287 1271 scribendum:
1323 1239 1421 1281 Quid
1437 1242 1558 1275 maio-

30 1297 78 1320 ra
98 1283 258 1332 sequor?
291 1280 628 1318 commemorarent
657 1284 749 1318 enim
777 1291 887 1330 poeta
915 1283 986 1317 iam
1012 1283 1165 1325 maiora,
1200 1296 1274 1318 non
1301 1297 1393 1319 nunc
1419 1286 1558 1321 demum

30 1338 364 1368 commemoraturus
383 1337 449 1364 est.
497 1330 569 1364 Sed
591 1331 795 1377 religiosum
814 1338 888 1371 est,
921 1330 1112 1364 lectionem
1134 1337 1236 1365 tanto
1257 1332 1362 1366 codd.
1383 1345 1558 1368 consensu

28 1379 202 1414 {innatam
222 1379 402 1413 deserere.
451 1377 546 1420 Quid
562 1390 646 1413 vero
658 1405 668 1421 ,
692 1379 723 1412 si
742 1390 814 1411 non
835 1377 968 1419 critici,
1005 1377 1069 1411 sed
1089 1378 1296 1423 interpretis
1315 1379 1446 1415 auxilio
1468 1382 1558 1416 haec

12 1425 218 1472 (indigenss
264 1426 405 1470 Nempe
423 1424 514 1458 illud
534 1428 678 1460 maiora
694 1425 921 1459 referendum
934 1436 1005 1459 non
1022 1424 1068 1458 ad
1085 1437 1293 1471 praegressa
1304 1453 1313 1469 ,
1338 1427 1403 1461 sed
1429 1428 1475 1462 ad
1503 1441 1558 1471 ea,

29 1486 121 1521 qnae
178 1473 259 1507 aulo
288 1479 373 1518 post
400 1484 451 1507 vs.
470 1470 553 1508 437.
574 1485 651 1519 sqq.
680 1473 865 1518 leguntur,
897 1472 959 1506 ubi
977 1471 1048 1506 toti
1063 1481 1201 1506 montes
1218 1473 1360 1520 lucique
1380 1487 1459 1509 cum
1477 1476 1557 1510 altis

27 1520 150 1556 arbori
178 1533 218 1554 ns
246 1527 582 1561 commemorantur3
617 1532 699 1554 nam
732 1519 838 1554 etiam
866 1519 999 1559 buxus,
1039 1531 1109 1564 qua
1137 1520 1269 1554 nobilis
1297 1529 1372 1556 erat
1393 1523 1557 1568 Cytorus,

27 1568 250 1614 proceritate
264 1565 414 1612 insignis
433 1565 511 1600 fuit.
536 1567 660 1613 Itaque
682 1567 795 1601 oratio
815 1567 866 1600 ita
881 1578 920 1600 se
941 1566 1071 1600 habet:
1096 1567 1205 1613 „quid
1223 1568 1359 1603 maiora
1376 1581 1557 1615 sequar—

30 1627 140 1662 qunm
163 1615 270 1649 etiam
294 1614 432 1648 minora
456 1626 556 1647 suum
581 1615 739 1648 habeant
768 1626 867 1648 usuzn
892 1633 939 1639 —-
967 1614 1118 1655 buxum,
1143 1615 1256 1659 qualis
1278 1622 1332 1649 est
1356 1615 1393 1650 in
1413 1618 1557 1663 Cytoro,

27 1661 317 1708 piceas,-pinns,
345 1661 495 1703 cedros,
518 1661 766 1707 cupressos?“
815 1661 960 1695 Scilicet
982 1661 1115 1694 fefellit
1129 1662 1238 1696 Viros
1261 1662 1388 1697 doctos
1417 1665 1471 1698 vis
1491 1677 1558 1699 co-

27 1709 135 1757 pulae
152 1712 205 1744 Bt
221 1706 384 1749 vs.‘437.‚
417 1720 487 1754 qua
510 1717 594 1754 post
614 1709 716 1754 plura
743 1708 957 1753 interposita
987 1707 1187 1745 continuari
1211 1710 1407 1744 orationem
1428 1712 1558 1747 docui..

27 1769 105 1791 mus
134 1757 250 1799 Q.»,v.
274 1756 445 1798 XXXV,
471 1756 506 1791 9.
547 1758 644 1801 Wr.)
720 1764 870 1790 enestae
897 1755 935 1788 in
963 1755 1114 1801 antiquis
1133 1755 1261 1798 scribi,
1293 1757 1429 1792 Pierius
1446 1767 1557 1795 notat.

26 1803 102 1838 vid.
121 1815 200 1850 sup.
209 1815 244 1837 v.
255 1803 312 1838 12.
338 1803 531 1850 (genestae
547 1804 617 1837 hoc
629 1769 770 1849 quidem
785 1803 869 1836 loco
882 1802 989 1836 etiam
999 1803 1199 1843 Mediceus3
1222 1804 1309 1838 item
1319 1808 1417 1840 Serv.
1429 1807 1556 1842 Dresd.

30 1851 210 1885 Geni-nae
230 1847 332 1884 Rom.
357 1856 393 1883 et
414 1851 449 1885 2.
477 1849 514 1885 3·
559 1852 748 1885 Praeterea
773 1850 923 1884 humilis
944 1849 1074 1884 Medic.
1106 1851 1202 1895 Wr.)
1295 1852 1367 1888 435
1382 1856 1436 1887 Et
1451 1855 1559 1889 tiliae

26 1898 155 1945 pecori
176 1894 304 1931 multos
332 1897 455 1942 legere
483 1905 643 1932 notatum
669 1898 707 1931 in
732 1897 922 1931 Sex-viauia.
972 1896 1121 1932 umbras
1141 1905 1225 1943 post
1249 1898 1404 1934 Pieriam
1421 1901 1558 1945 Heius„

29 1956 51 1979 e
66 1939 286 1979 melioribus.
335 1943 502 1978 umbram
522 1946 595 1980 alii.
629 1946 681 1992 (in
712 1945 838 1991 quibus
855 1943 1037 1979 Mediceus
1057 1952 1093 1979 et
1123 1945 1209 1979 edit.
1235 1952 1320 1981 tert.
1340 1947 1420 1982 Ald.
1459 1950 1556 1995 Wr.)

27 2028 151 2068 silvas
160 2027 360 2068 traduxit.
389 2028 487 2080 Sup.
504 2040 545 2065 v.
559 2027 643 2068 328
665 2031 765 2067 avia

27 2087 225 2139 virgulta.

29 2144 264 2183 arbusculas
298 2143 410 2196 apud
429 2140 698 2195 Theophrast.
723 2150 766 2183 et

28 2203 132 2242 Plin.
161 2202 342 2253 Cytisum
377 2202 604 2240 Marantae
632 2202 768 2241 videri

29 2274 53 2299 a
78 2260 211 2314 poetis
238 2259 425 2311 intelligi,
477 2257 596 2297 docet
620 2258 764 2299 Marti-

29 2332 107 2358 nus
123 2317 177 2357 ad
198 2316 240 2357 h.
251 2317 279 2356 l.
291 2318 341 2356 cf.
360 2331 449 2370 sup.
464 2316 518 2355 ad
536 2316 618 2356 Ecl.
635 2318 683 2367 Π,
695 2318 764 2361 64.

3 2371 129 2416 'Mox
149 2376 195 2415 in
221 2375 401 2429 pedestri
426 2375 611 2414 oratione
649 2382 764 2415 stru-

29 2441 149 2475 cun-a
171 2434 334 2484 fuisset,
373 2433 518 2473 taedas
543 2434 652 2472 silva
680 2437 763 2473 mi-

28 2495 197 2543 nistrat,
227 2491 385 2546 quibus,
415 2507 487 2530 seu
503 2492 625 2541 unde,
648 2494 764 2545 ignes

22 2559 264 2603 pascuntur.
318 2550 376 2588 De
406 2550 528 2588 taeda
545 2580 557 2599 ,
600 2552 764 2603 proprie

32 2608 144 2647 dicta
164 2638 176 2658 ,
216 2609 362 2647 arbore
378 2638 389 2658 ,
431 2622 549 2646 succo
579 2611 764 2660 pan-iore

30 2666 319 2720 liqucdion’que
358 2680 486 2718 quam
535 2669 579 2704 in
614 2669 736 2718 picea
749 2698 759 2716 ,

21 2725 218 2776 flammis
266 2739 317 2763 ac
363 2726 512 2763 lamini
558 2739 765 2763 sacrorum

29 2784 157 2821 etiam
173 2790 311 2834 grata,
337 2782 421 2821 vid.
435 2782 550 2821 ·Plin.
568 2783 676 2834 XVI,
699 2786 765 2833 10,

31 2853 62 2879 s.
85 2841 152 2881 19.
210 2837 309 2881 433.
339 2839 455 2888 Quae
480 2854 574 2879 eum
593 2841 652 2880 ita
670 2841 765 2891 sint,

17 2910 168 2936 nonne
198 2896 399 2936 debebant
422 2897 608 2937 homines
633 2912 766 2938 serere

32 2969 98 2994 eas
137 2954 322 3004 arbores,
374 2960 418 2993 et
448 2954 531 2994 hoc
565 2957 765 3008 quidquid

33 3026 180 3066 operae
199 3018 272 3063 est,
302 3012 350 3051 iis
367 3012 630 3066 impendere?
658 3015 765 3053 For-

298 2084 397 2128 431.
448 2084 609 2137 Cytisus
657 2085 766 2126 inter
781 2092 785 2095 ’

821 2042 888 2068 ma
914 2028 1108 2068 orationis
1138 2034 1186 2067 ut
1212 2028 1255 2068 in
1275 2030 1345 2069 illo
1370 2031 1469 2071 Aen.
1489 2032 1558 2083 VI,

806 2089 909 2129 ·807
939 2088 995 2124 Et
1013 2086 1246 2125 dubitamus
1264 2088 1403 2126 adhuc
1426 2092 1558 2129 virtu-

823 2153 903 2182 tem
921 2145 1127 2183 extendere
1130 2145 1268 2196 sactis
1280 2147 1303 2185 ?
1334 2144 1437 2200 (vid.
1449 2146 1501 2197 Q
1508 2149 1557 2189 V.

821 2202 995 2253 XXXV,
1018 2206 1058 2252 7,
1077 2202 1117 2241 d.
1152 2205 1223 2244 W
1216 2202 1273 2258 r.)

878 2258 977 2302 434.
1033 2260 1147 2312 Quid
1181 2264 1342 2301 maiora
1380 2265 1560 2317 sequar?

819 2318 979 2370 vulgari
994 2319 1171 2358 ratione:
1201 2333 1253 2358 ne
1269 2321 1424 2360 maiora
1444 2336 1559 2361 com-

819 2390 1052 2416 memorem.
1111 2377 1191 2416 Sed
1212 2380 1371 2418 maiora
1387 2387 1560 2433 possunt

822 2448 906 2473 esse
927 2436 1127 2475 utilitates
1144 2436 1316 2476 maiores
1333 2444 1375 2476 et
1393 2439 1558 2478 arbores

819 2492 1009 2533 maiores:
1048 2493 1128 2533 hoc
1159 2495 1309 2545 Corda,
1338 2504 1560 2549 praeeunte

823 2551 977 2601 Servio,
1009 2553 1215 2604 sequitur:
1246 2553 1360 2602 Quid
1374 2556 1559 2595 insistam

821 2610 863 2648 in
885 2610 1100 2649 narrandis
1117 2612 1339 2651 commodis
1356 2614 1560 2653 maiorum

823 2668 1016 2707 arborum
1035 2666 1103 2722 (de
1115 2670 1226 2722 picea
1245 2670 1368 2710 modo
1391 2671 1558 2725 egerat),

825 2740 917 2764 cum
940 2727 1076 2765 salices
1096 2734 1138 2766 et
1156 2734 1339 2780 genestae
1357 2730 1478 2774 etiarn
1496 2731 1558 2768 af-

823 2785 959 2823 ferant
987 2785 1183 2824 utilitates
1211 2800 1316 2825 suas.
1354 2797 1556 2839 genestae,

823 2843 910 2882 vid.
932 2857 1022 2896 sup.
1039 2858 1079 2883 v.
1109 2847 1175 2886 12.
1231 2844 1330 2883 Mox
1354 2844 1438 2887 435
1460 2846 1558 2883 illae

825 2914 876 2939 ex
908 2902 1102 2940 sermonis
1127 2909 1343 2940 venustate
1361 2903 1557 2950 abundat,

824 2965 866 2997 et
899 2960 1077 3011 vulgaris
1114 2966 1323 2999 structura
1363 2974 1411 2998 ac
1449 2961 1556 2999 ratio

824 3022 935 3056 erat:
966 3017 1029 3056 Ita
1058 3018 1174 3057 verbi
1195 3031 1334 3056 caussa
1357 3017 1496 3057 salices
1515 3025 1558 3058 et
