1734 3320
0 0 32 169 *YQfflsss'e

1509 167 1612 219 563

1 171 28 231 w?

300 155 796 230 011011010οΝ
826 157 971 210 LIB.
993 157 1087 223 111,
1109 162 1404 215 365-380

0 260 31 379 ξ
86 283 424 335 Puniceaeve
444 282 642 348 agitant
662 281 889 350 pavidos
910 282 1206 336 formidine
1224 288 1444 353 pinnae:

87 353 200 405 Sed
231 351 428 407 frustra
453 353 767 420 oppositum
797 353 1080 406 trudentes
1110 364 1334 422 pectore
1363 369 1613 411 montem

85 424 409 477 Comminus
433 422 758 474 obtruncant
781 421 955 489 ferro,
990 426 1329 493 graviterque
1353 429 1613 482 rudentes

6 215 27 239 ..ἦ
31 214 33 216 '

17 338 23 348 Σ

86 492 359 558 Caedunt,
397 501 452 544 et
473 509 672 559 magno
700 493 824 544 laeti
851 493 1086 546 clamore
1109 505 1401 563 reportant.

1509 504 1613 554 375

7 564 14 630 j.
82 562 194 631 Ipsi
216 563 272 614 in
302 562 530 615 defossis
555 564 822 632 specubus
845 566 1153 616 secura¹sub
1169 566 1277 616 alta

84 633 211 686 otia
227 643 399 705 >agunt
422 643 589 698 terra,
627 642 988 703 congestaque
1011 635 1212 687 robora
1235 645 1483 706 totasque

5 721 19 744 ’τ
82 703 390 772 Advolvere
411 703 547 755 focis
570 704 752 755 ulmos
767 746 780 770 ,
818 707 1039 774 ignique
1065 706 1283 759 dedere.

82 774 182 826 Hic
205 784 427 826 noctem
450 774 582 826 ludo
610 775 839 838 ducunt,

0 844 4 864 ⁵
81 846 377 901 Fermento
403 855 570 914 atque
594 846 756 896 acidis
780 847 1056 898 imitantur
1077 849 1215 898 vitea
1237 846 1423 899 sorbis,

879 786 933 827 et
956 776 1149 844 pocula
1170 776 1294 827 laeti

1511 854 1615 901 380

129 988 205 1024 372
228 989 468 1034 Punice-aque
485 999 573 1021 unus
591 988 710 1022 Mead.
744 990 896 1036 agitant
909 989 1073 1036 pecudes
1091 988 1233 1035 Regius.
1260 990 1403 1036 pinnae
1417 1001 1437 1023 e
1452 989 1615 1024 meliori-

82 1033 151 1069 bu»
180 1035 306 1079 Heius.
359 1047 510 1083 pennae
532 1035 708 1080 vulgares.

0 1076 10 1118 s*
83 1081 196 1122 Gpth.
222 1093 302 1128 pn,
330 1088 435 1128 putes
463 1082 574 1116 fuisse
597 1083 777 1129 opposito.
829 1091 985 1130 pectora
1013 1083 1105 1116 Gud.

0 1142 9 1159 -t
82 1128 275 1178 speciebus
294 1130 399 1163 Rom.
447 1128 615 1176 specibus
635 1129 787 1163 Gudian.
836 1129 1025 1164 scrobibus
1048 1130 1197 1164 Vratisl.

80 1271 183 1353 geel-¹³.
197 1318 326 1352 Dresd.
351 1317 448 1362 Wr.)
482 1319 603 1365 spolia
623 1318 732 1352 Gotb.
755 1331 809 1364 pr.

827 1036 898 1071 373
921 1039 971 1069 Et
992 1035 1151 1083 frustra
1181 1037 1371 1070 Romanus.
1427 1039 1617 1084 oppositos

1206 1085 1279 1120 376
1303 1082 1456 1129 deso-ssa
1486 1085 1615 1118 Venet.

1293 1131 1363 1166 377
1388 1143 1459 1176 que
1482 1131 1520 1164 111
1545 1132 1616 1165 fine

80 1187 205 1211 verens
225 1176 329 1211 abest
346 1188 367 1210 a
383 1175 523 1218 multi„
547 1176 660 1210 minus
683 1177 786 1210 bene.
831 1177 976 1222 (Medic.
996 1186 1187 1223 totasque,
1226 1177 1350 1211 ultima
1365 1184 1484 1211 tamen
1501 1179 1617 1224 sylla-

2 1237 5 1239 *
80 1223 131 1259 bn
155 1224 267 1262 mbro
296 1230 430 1268 puncto
462 1230 595 1257 notata.
634 1224 730 1268 lVr.)
790 1226 882 1258 toti-5
903 1224 1005 1258 Leid.
1036 1237 1056 1258 a
1082 1237 1129 1258 m.
1157 1236 1228 1258 sec.

1324 1225 1396 1260 378
1428 1226 1618 1273 ulmosque

267 1264 340 1308 379
364 1272 464 1304 Hine
491 1272 597 1304 Voss.
625 1283 680 1317 pr.
721 1277 758 1304 et
785 1272 909 1305 Franc.
967 1271 1056 1305 ludo
1083 1280 1227 1305 noctem
1254 1272 1423 1306 Rottend.
1458 1273 1519 1307 alt.
1566 1277 1617 1319 (et

880 1319 953 1354 380
975 1321 1164 1352 Fit-mento
1181 1319 1311 1353 Medic.
1338 1319 1493 1364 (dubitat
1513 1321 1615 1366 Fog—

0 1358 16 1406 ¹.
121 1377 167 1407 0.,
182 1364 369 1414 serment,
394 1377 439 1399 an
457 1367 616 1410 firment
644 1363 824 1399 exarat'um
855 1366 983 1407 fuerit3
1019 1365 1135 1399 finalis
1164 1379 1184 1400 o
1206 1378 1312 1412 supra
1338 1367 1488 1401 adiecta.
1517 1368 1616 1413 Wr.)

0 1411 2 1415 '
73 1377 267 1460 &omento
291 1425 363 1459 que
379 1412 611 1453 Francianus3
636 1413 806 1447 notabilis
826 1412 935 1447 lectio
949 1439 959 1455 ‚
991 1420 1116 1458 utpote
1136 1412 1181 1446 de
1199 1413 1371 1447 cerevisia
1396 1426 1417 1447 e
1437 1415 1615 1449 frumento

0 1446 11 1493 {-
81 1466 197 1495 eoctn.
244 1459 361 1494 Tacit.
384 1461 503 1494 Germ.
521 1460 570 1496 23
594 1462 710 1494 Potui
726 1461 860 1495 humor
877 1474 923 1494 ex
947 1461 1088 1494 hordeo
1104 1468 1172 1494 aut
1182 1460 1399 1507 frumento,
1430 1463 1471 1495 in
1492 1475 1617 1509 quan-

13 1520 15 1524 *
82 1506 168 1540 dam
194 1506 476 1542 abru'licudinem
500 1508 583 1542 vini
601 1516 813 1556 corruptus.
854 1508 900 1542 ef.
926 1508 1091 1553 Geopon.
1119 1508 1208 1551 Vn,
1241 1508 1300 1544 34.
1333 1507 1524 1555 fermento
1546 1523 1617 1557 que

81 1553 175 1588 G...

0 1683 7 1703 x
45 1678 52 1684 ·
78 1675 205 1716 pora,
242 1661 389 1716 quibus
420 1674 557 1715 greges
585 1667 705 1701 extra
734 1669 819 1702 sta-

0 1720 14 1773 g
78 1719 226 1760 bulum
254 1721 300 1759 in
331 1734 427 1773 agro
457 1719 586 1759 habiti
615 1724 820 1773 repentino

79 1778 173 1834 gelu
205 1779 384 1832 oppressi
412 1778 613 1818 laborant.

79 1838 125 1881 in
146 1836 569 1888 cmoehaerendum3
598 1839 750 1891 posuit,
774 1843 823 1877 ut

0 1900 22 1937 ἶ.
78 1901 225 1950 poeta,
261 1910 338 1950 pro
374 1896 471 1935 feris
501 1896 820 1949 quibuscunque.

2 1960 17 2005 [⁷
79 1956 179 1998 870.
216 1955 322 1998 mole
353 1969 462 1994 nova
480 1984 491 2004 ‚
537 1955 748 2005 insolenti,
776 1969 818 1994 11.

0 2012 18 2064 ξ
81 2012 201 2052 nivis.
241 2011 359 2066 (nive
399 2026 535 2051 recens
569 2014 691 2064 lapsa
709 2043 720 2063 ,
762 2013 820 2051 sic

681 1780 820 1832 Neque

79 2071 378 2124 interpretatur
400 2069 509 2110 idem
533 2071 581 2110 V.
607 2071 676 2121 D.,
698 2084 819 2123 quem

81 2129 135 2170 ad
156 2143 216 2168 vs.
237 2132 335 2172 367.
354 2129 531 2168 laudavi.
567 2127 687 2183 afr.)
721 2132 819 2171 372.

0 2185 18 2238 ,ἰ
67 2187 341 2241 formidinem
358 2186 427 2226 hic
454 2188 685 2227 funiculum
703 2188 819 2227 illum

15 2297 18 2300 ἢ
78 2252 326 2289 venatorum
353 2246 504 2299 plumis
530 2246 737 2285 intextum
757 2259 822 2284 es-

28 2317 148 2355 -ἐε,
188 2318 270 2356 quo
306 2305 419 2344 cervi
457 2304 593 2344 territi
636 2304 680 2343 in
716 2307 819 2344 retia

80 2369 283 2416 aguntur,
317 2362 486 2403 obvium
514 2369 586 2402 est.
609 2362 708 2402 Aen.
730 2363 820 2413 XII,

81 2422 167 2465 750
216 2422 386 2461 Cer-vum
419 2425 625 2474 puniceae
664 2430 821 2473 septum

67 2479 297 2531 formidine
319 2495 496 2532 pennae.
554 2479 677 2533 Apud
695 2482 821 2519 Sene-

81 2551 172 2577 cam
205 2545 267 2579 est
301 2538 466 2592 Hippol.
506 2537 563 2581 46
594 2540 714 2590 pieta
744 2554 817 2576 ru-

81 2595 192 2636 benti
219 2598 330 2636 linea
356 2612 501 2650 penna
537 2611 646 2636 vano
676 2596 817 2635 cludat

81 2662 223 2693 terrore
228 2655 365 2707 seras
412 2655 527 2694 Dixit
540 2669 702 2708 quoque
720 2669 817 2694 sua-

81 2712 191 2753 viter
209 2713 315 2753 nivis
333 2714 457 2753 altam
476 2714 625 2753 molem
644 2723 818 2753 montem

83 2772 314 2822 oppositum
330 2802 340 2821 ‚
381 2786 501 2824 quem
521 2779 670 2825 urgent
695 2786 823 2825 pecu-

83 2828 154 2866 des
180 2835 346 2882 pectore
358 2860 369 2879 ,
411 2837 461 2869 ut
491 2843 541 2869 ex
574 2831 667 2871 nive
688 2845 821 2870 emer—

81 2893 181 2938 gant
200 2894 273 2926 aut
291 2893 340 2926 ut
361 2887 567 2927 incedant.

143 2947 241 2988 376.
271 2945 366 2984 Vita
395 2946 642 2999 populorum
675 2946 824 2985 borea—

875 1663 978 1702 lium
996 1662 1239 1702 adumbrata
1266 1676 1318 1702 ex
1336 1662 1408 1714 iis,
1447 1676 1550 1716 quae
1565 1663 1616 1703 de

878 1720 1105 1760 Thracibus
1140 1728 1181 1760 et
1218 1721 1413 1760 Sarmatis
1459 1723 1617 1762 narrari

877 1779 1075 1828 solebant,
1104 1779 1257 1832 partim
1269 1793 1430 1831 quoque
1444 1780 1494 1818 de
1516 1781 1618 1819 Ger-
1643 1782 1650 1785 ’

877 1838 1020 1877 manis.
1052 1835 1206 1895 (Tacit.
1235 1838 1371 1877 Germ.
1401 1851 1435 1876 c.
1457 1841 1524 1880 16.
1544 1839 1616 1878 ubi

877 1896 962 1936 vid.
975 1897 1086 1935 Brot.
1118 1898 1221 1948 Ipsi,
1242 1896 1327 1936 vid.
1342 1896 1393 1945 Q.
1411 1896 1614 1948 V.XVI[1‚

879 1957 920 2004 2,
939 1955 979 1994 b.
1002 1961 1044 1992 et
1062 1954 1102 1993 d.
1125 1956 1196 1994 JV
1190 1953 1246 2009 r.)
1277 1955 1458 2007 defossos
1475 1970 1616 2006 specus

877 2027 953 2065 pro
980 2012 1094 2050 fossis
1127 2012 1252 2051 dixit:
1289 2019 1339 2051 ut
1355 2013 1400 2051 in
1424 2013 1510 2052 CuJ.
1528 2017 1614 2056 273

876 2071 1061 2122 defossas
1076 2070 1216 2108 domos
1234 2085 1309 2123 pro
1329 2071 1614 2112 subterraneis.

877 2128 1064 2180 defodere
1092 2135 1151 2167 est
1183 2129 1347 2181 proprie
1364 2129 1442 2167 alte
1460 2129 1613 2181 fodere,

875 2201 975 2226 mox
994 2193 1034 2225 et
1046 2186 1241 2225 fodiendo
1260 2187 1414 2239 aliquid
1428 2188 1614 2229 condere.

880 2247 978 2286 378.
1009 2245 1298 2296 advolverunt,
1331 2259 1431 2298 pro,
1467 2245 1614 2286 advol-

879 2309 1007 2352 vunt,
1047 2299 1257 2357 ἀορίστως.
1324 2306 1422 2346 379.
1459 2313 1615 2343 noctem

879 2362 1057 2415 appellat
1075 2368 1215 2400 noctes
1233 2361 1372 2414 longas
1391 2361 1545 2402 hiemis.
1562 2364 1613 2403 cf.

878 2434 958 2459 Vss·
976 2421 1074 2463 357.
1091 2421 1189 2463 358.
1249 2422 1346 2463 380.
1368 2422 1526 2472 pocula
1546 2424 1613 2460 νὶ-

878 2486 965 2528 tea,
995 2478 1152 2528 vinum,
1181 2479 1612 2531 imitanturfinnento‚

876 2531 997 2592 ζύμῃ,
1026 2536 1184 2576 hordeo
1203 2550 1275 2575 seu
1296 2537 1505 2576 frumento
1529 2538 1612 2577 ser-

875 2601 1059 2634 mentato
1078 2626 1090 2645 ,
1137 2594 1179 2634 h.
1215 2595 1407 2634 cerevisia
1424 2626 1435 2645 ‚
1492 2604 1613 2648 atque

874 2653 1009 2693 sorbis.
1047 2653 1139 2693 Hoc
1156 2653 1319 2705 quidem
1335 2653 1477 2693 vinum
1498 2654 1611 2692 nullo

874 2712 1068 2752 Romanis
1079 2726 1159 2751 usu
1173 2710 1497 2764 frequentatum3
1517 2725 1612 2750 nam

881 2771 966 2810 eius
991 2785 1043 2810 ne
1076 2770 1324 2809 mentionem
1355 2769 1516 2821 quidem
1545 2770 1611 2808 fa-

881 2829 997 2869 ciunt
1017 2831 1066 2869 R.
1086 2830 1135 2869 R.
1159 2828 1316 2879 antiqui
1334 2834 1539 2876 auctores,
1569 2833 1611 2867 et

880 2888 1034 2927 Pallad.
1061 2888 1111 2938 II,
1140 2887 1207 2936 15,
1229 2886 1256 2927 4
1295 2887 1400 2924 Item
1420 2900 1469 2924 ex
1487 2885 1612 2924 sorbis

882 2949 1075 2995 mamis,
1113 2948 1216 2983 sicut
1239 2958 1287 2981 ex
1305 2946 1436 2995 piris,
1469 2945 1611 2982 vinum
1645 2979 1648 2981 .

1215 3011 1327 3057 36*
