1768 3320
547 561 1232 614 EXCURSUS
1324 564 1350 612 Ι

337 669 506 726 Ecloga
532 670 611 711 IV
630 685 786 726 graece
813 687 937 716 versa
963 675 1010 716 in
1040 675 1159 716 Orat.
1190 675 1463 717 Constantini
1492 673 1554 714 M.

177 755 396 844 Eclogam
417 791 526 832 hanc
553 807 692 845 graece
718 794 945 846 redditam,
977 802 1018 834 et
1037 809 1084 836 eo
1107 796 1275 835 consilio
1295 796 1541 850 appositam,
1571 802 1622 836 ut
1637 796 1714 835 ad—

177 856 350 890 ventum
367 851 535 890 Messiae
551 851 597 891 in
617 866 663 891 ea
679 853 935 906 praedictum
959 867 1042 893 esse
1061 854 1320 894 manifestum
1338 854 1469 906 fieret,
1498 869 1644 908 magna
1663 868 1714 895 ex

177 915 294 961 parte
318 916 460 949 extare
480 911 591 963 apud
610 911 829 951 Eusebium
847 912 891 951 in
909 912 1024 952 Orat.
1046 913 1305 952 Constantini
1322 913 1376 952 M.
1396 913 1450 953 ad
1470 915 1715 954 Sanctorum

178 974 339 1007 coetum
366 968 449 1008 iam
476 969 521 1008 in
550 977 788 1023 argumento
815 971 988 1024 praefati
1017 986 1169 1011 sumus.
1228 972 1459 1025 Repetitum
1489 971 1595 1012 illud
1621 985 1714 1012 car—

176 1039 271 1065 men
290 1033 330 1065 et
349 1027 553 1067 adjectum
575 1029 667 1071 edd.
694 1030 765 1070 Ge.
787 1029 965 1069 Fabricii
984 1029 1201 1081 Chemnic„
1230 1031 1332 1070 Rob.
1351 1029 1572 1085 Stephani,
1603 1031 1713 1070 aliis-

177 1097 255 1136 que
266 1099 277 1136 ;
305 1086 506 1138 sigillatim
526 1100 721 1127 excusum
737 1102 760 1126 a
778 1087 875 1127 Fed.
895 1088 1079 1128 Morellio
1096 1089 1221 1139 1583,
1252 1095 1292 1128 et
1309 1096 1404 1143 post
1424 1090 1522 1130 alios
1541 1104 1565 1128 a
1585 1089 1714 1129 Mait-

175 1144 277 1183 taire
295 1144 340 1184 in
360 1144 578 1185 Miscellan.
598 1146 819 1186 carminib.
834 1161 923 1200 pag.
948 1149 1042 1189 139.
1087 1147 1264 1187 Inseruit
1288 1161 1449 1200 quoque
1467 1161 1561 1187 cum
1580 1149 1712 1188 inter-

173 1203 427 1255 pretatione,
465 1204 538 1243 sed
567 1205 679 1245 nulla
713 1204 806 1245 crisi
837 1205 1039 1257 adhibita,
1074 1206 1250 1246 Boecler.
1277 1206 1377 1247 Diss.
1398 1206 1510 1246 acad.
1530 1208 1643 1247 Tom.
1664 1207 1711 1259 ΙΙ,

174 1274 216 1300 n.
240 1262 310 1312 XI,
326 1276 416 1315 pag.
435 1264 522 1305 387
540 1277 598 1315 sq.
640 1264 732 1303 Non
750 1264 925 1304 alienum
946 1265 1022 1303 erit
1044 1278 1067 1302 a
1091 1264 1233 1304 studiis
1253 1278 1416 1316 eorum,
1448 1266 1595 1318 quibus
1610 1265 1713 1305 haec

175 1319 298 1359 editio
324 1326 467 1374 parata
486 1328 564 1372 est,
597 1322 630 1361 si
652 1323 860 1362 subiecero
887 1324 1042 1363 Graeca
1064 1323 1118 1362 ad
1136 1337 1273 1362 meum
1295 1337 1458 1364 sensum
1477 1324 1711 1365 emendata:

174 1384 316 1417 notato
340 1393 535 1420 versuum
559 1381 873 1434 Virgilianorum
893 1395 1064 1422 numero
1077 1412 1091 1433 ,
1120 1382 1187 1421 cm·
1202 1382 1273 1422 illa
1286 1382 1558 1437 respondent:

267 1474 286 1513 1
323 1473 532 1523 Σικελίδες
552 1475 755 1525 Μοῦσαι,
787 1470 968 1530 μεγάλην
991 1470 1118 1527 φάτιν
1138 1470 1405 1530 ὕμνήσωμεν.

700 1570 745 1616 ⁴²
919 1571 964 1616 ἢ·
1136 1570 1182 1616 ⁴2·

262 1654 289 1699 4
318 1654 483 1700 ’Ἠλυθε
503 1658 697 1729 Κυμαίου
717 1655 998 1713 μαντεύματος
1020 1659 1078 1708 εἰς
1098 1659 1210 1709 τέλος
1229 1655 1353 1714 ὀμφή.

261 1715 288 1758 5
323 1710 495 1766 Οὗτος’
478 1712 551 1770 ἄρ’
575 1714 743 1758 αἰώνων
763 1715 870 1772 ἱερὰς
890 1718 1024 1771 στίχος
1045 1714 1227 1772 ὠρνυται
1243 1717 1360 1771 ημῖν.

261 1776 288 1815 6
312 1770 434 1815 Ἥκει
452 1774 666 1848 παρθένος
689 1770 805 1825 αὖτις
828 1772 978 1848 ὄῖγουσ’
1000 1774 1146 1827 ἐρατόν
1168 1777 1358 1830 βασιλῆα.

265 1834 293 1873 7
326 1829 517 1874 ἨΕνθεν
503 1832 640 1874 ε’πειτα
657 1832 765 1875 νέων
785 1831 953 1888 πληθυς
971 1829 1135 1889 ἀνδρῶν
1155 1831 1366 1902 ἐφαανθη.

260 1891 286 1932 8
324 1888 401 1932 Τόν
422 1889 466 1932 δὲ
483 1890 628 1932 νεωστὶ
649 1888 752 1934 παϊν
773 1891 987 1947 τεχθέντα,
1018 1887 1226 1964 φαεςφόρε
1245 1888 1401 1947 Μήνη,

260 1950 287 1990 9
314 1944 425 1990 Ἀντὶ
445 1951 654 2004 σιδηρείῃς
674 1954 829 2006 χρυσῆν
846 1948 994 2006 γενεήν
1014 1946 1247 2002 ὀπάσαντα,

235 2009 289 2049 10
322 2005 557 2064 Προςκύνει
587 2038 597 2048 .
628 2038 640 2049 .
670 2038 681 2049 .
712 2038 724 2049 .

696 2093 742 2140 a
915 2094 959 2139 (ι
1134 2093 1176 2139 ψ
1308 2138 1329 2147 ,

233 2183 285 2224 13
323 2183 453 2224 Τοῦὸε
474 2199 553 2239 γαρ
572 2181 789 2238 ἄρχοντος,
819 2198 870 2224 τα
889 2180 964 2237 μὲν
981 2181 1097 2224 ελκεα
1114 2179 1250 2225 πάντα
1268 2179 1433 2238 βρότεια

232 2238 286 2281 14
304 2237 454 2296 ’Ἄλγεα
474 2258 516 2283 τε
537 2242 730 2295 στοναχαί
747 2256 789 2282 τε
810 2238 1127 2291 κατευνάζονται
1143 2237 1333 2312 οἷλιτρων.

232 2298 285 2342 15
315 2297 515 2353 Λήψεται
531 2296 776 2372 ἄφθαρτοιο
797 2302 904 2341 θεοῦ
926 2300 1092 2372 βίοτον,
1123 2300 1192 2342 καὶ
1197 2296 1396 2371 αθρήσει

232 2359 286 2402 16
304 2354 471 2413 Ήρωας
491 2355 568 2400 συν
585 2358 727 2414 ἐκείνῳ
747 2354 936 2408 οἷολλέας,
967 2354 1045 2411 ηδὲ
1064 2357 1134 2399 καὶ
1154 2355 1274 2408 αυτὸς

317 2418 493 2471 Πατρίδι
512 2415 580 2458 καὶ
603 2414 854 2488 μακαρεσσιν
873 2414 1146 2469 ἐελδομένοισι
1169 2420 1384 2468 φανεῖται,

231 2475 286 2515 17
317 2472 597 2546 Πατροδότοις
619 2471 787 2533 οἷρετῇσι
809 2475 1025 2542 κυβερνῶν
1044 2473 1146 2528 ηνία
1165 2470 1331 2543 κόσμου.

229 2533 283 2573 18
315 2532 393 2574 Σοὶ
416 2528 456 2574 δ’
483 2531 586 2588 α’ρα,
615 2537 713 2583 παῖ,
741 2528 946 2603 πρώτιστα
963 2528 1063 2585 φύει
1084 2529 1304 2600 δωρήματα
1325 2535 1443 2603 γαῖα,

228 2591 295 2632 19.
325 2594 382 2634 20
414 2587 623 2647 Βακχαριν
641 2587 717 2645 η’δὲ
738 2588 966 2645 κύπειρον,
996 2588 1102 2644 ὁμοῦ
1121 2585 1358 2631 κολοκάσσι’
1384 2586 1576 2646 ακοῖνθῳ.

214 2706 238 2743 5
267 2696 394 2746 Οιτος
414 2700 494 2750 ἄρ’,
520 2704 591 2750 leg.
612 2697 727 2744 Αυτις
743 2699 823 2750 αρ’.
1012 2704 1056 2740 19
1081 2699 1283 2748 Βακχαριν.
1316 2702 1453 2748 Vulgo:
1473 2700 1614 2760 κριθὴν
1630 2699 1699 2748 ἠδὲ

218 2754 261 2790 13
285 2751 334 2788 τὰ
362 2764 430 2797 μεν
459 2731 587 2786 ἕλκεα·
625 2751 673 2785 ita
699 2752 770 2785 duo
801 2749 904 2785 codd.
961 2746 1165 2794 κύπειρον,
1200 2761 1406 2796 perperam;
1443 2748 1598 2791 κισσους
1624 2755 1701 2784 erat

167 2813 225 2847 ομ
248 2801 371 2836 Vales.
401 2799 541 2844 Vulgo:
565 2795 760 2843 μενοεικέα
776 2795 905 2833 πάντα
964 2797 1162 2830 emendatio
1191 2797 1335 2831 Morelli
1367 2810 1410 2831 ex
1436 2797 1564 2832 Latino
1594 2797 1698 2831 facta.

168 2849 227 2899 βρ.
219 2875 242 2894 .,
259 2848 366 2903 quod
371 2859 454 2881 sane
469 2847 515 2880 ad
531 2858 670 2880 sensum
686 2845 801 2890 redigi
817 2850 906 2889 pot-
961 2843 1144 2878 Maittaire
1163 2844 1255 2878 coni.
1279 2842 1472 2890 Βάκχαριν
1493 2839 1517 2889 ἢ
1546 2841 1700 2884 κισσοὺς

169 2904 243 2932 est:
272 2895 390 2930 omnia
404 2893 566 2928 mortalia
587 2905 630 2927 ex
647 2892 753 2926 animi
773 2892 905 2926 volun-
961 2889 1027 2926 καὶ
1055 2887 1177 2935 ὁμοῦ,·
1219 2892 1325 2926 modo
1352 2904 1424 2926 non
1452 2904 1473 2926 a
1500 2891 1699 2925 litterarum

168 2951 255 2980 tate.
293 2943 329 2977 Si
347 2943 502 2976 futurum
523 2940 728 2989 praeferas,
753 2939 822 2974 erit
838 2949 904 2974 κα·
962 2938 1071 2971 ductu
1099 2937 1244 2972 nimium
1270 2939 1468 2974 recederet.
1516 2938 1554 2973 Si
1581 2945 1698 2972 tamen

168 2988 450 3028 τευνάσσσνται.
961 2981 1142 3031 κύπειρος
1158 2986 1333 3032 Cyperum
1358 2986 1575 3021 esculentum
1593 2985 1696 3019 Linu.
