1768 3320
361 220 767 293 Βυοοιῑοᾼ
802 222 966 272 ECL.
1003 223 1091 282 vl,
1129 227 1353 275 73-79
1526 232 1623 278 183

103 346 354 400 Candida·
366 346 689 397 succinctam
711 345 1024 396 latrantibus
1047 346 1264 411 inguina
1282 351 1538 400 monstris
1554 357 1585 403 7
1590 356 1629 404 5>

99 416 372 469 Dulichias
393 433 607 467 vexasse
626 425 790 479 rateS‚
829 424 882 466 et
901 416 1108 481 gurg-ite
1133 416 1188 465 in
1212 416 1320 466 alto

99 486 216 538 Ah&
243 480 463 537 timidos
487 495 670 537 nautas
696 486 914 536 canibus
940 486 1205 536 lacerasse
1222 488 1471 549 marinis3

98 559 205 608 Aut
223 565 284 606 ut
303 566 538 606 mutatos
561 557 721 606 Terei
743 557 1034 606 narraverit
1056 564 1198 606 artus
1216 581 1229 618 ;

101 622 243 691 Quas
266 625 341 677 illi
362 625 663 677 Philomela
685 625 848 694 dapes
862 667 875 691 ‚
916 643 1053 694 quae
1074 625 1217 677 dona
1240 627 1450 694 pararit,

168 718 259 773 7'7.
285 719 544 773 mmsis?
635 725 717 773 78.
753 722 885 783 Aur,

96 859 186 895 mari
202 866 335 906 potest,
357 859 427 895 nisi
449 860 538 895 hoc:
563 860 729 895 vitiosam
750 873 827 895 esse
845 860 1036 895 lectionem
1050 873 1116 906 per
1132 861 1237 895 codd.
1263 866 1397 894 tuntum
1411 871 1485 894 non
1500 870 1621 893 omnes

95 914 329 953 propagatam
354 914 391 942 et
419 908 462 942 ab
494 907 574 953 ipso
605 907 728 942 Servio
753 907 1011 942 confirmatam:
1056 908 1154 952 Quid
1184 908 1319 954 loquar
1346 914 1422 941 aut
1447 907 1619 952 Scyllam.

97 955 212 997 Quam
230 967 336 1001 quum
356 955 435 1000 ipse
462 962 566 988 antea
587 955 815 1000 probassem,
839 974 885 982 —
908 967 1001 990 nunc
1018 954 1177 989 lahnium
1198 954 1247 989 ita
1268 954 1423 988 edidisse
1450 954 1555 988 video
1574 973 1620 979 —

95 1001 146 1036 itu
163 1009 298 1046 tamen,
321 1007 362 1036 ut
381 1013 535 1044 comma,
559 1002 655 1048 quod
673 1008 727 1036 est
744 1008 829 1048 post
845 1002 991 1049 loquar,
1013 1001 1209 1045 tolleretur,
1228 1013 1310 1035 mox
1328 1001 1518 1035 retractavi
1534 1012 1621 1035 sen—

94 1047 252 1083 tentiam.
298 1050 391 1083 Nam
416 1056 455 1082 ut
481 1055 633 1090 taceam,
658 1048 748 1083 illud
771 1049 869 1093 Quid
896 1049 1031 1096 loquar
1051 1050 1209 1095 aliquem
1228 1058 1306 1082 non‘
1326 1049 1410 1083 satis
1431 1048 1620 1082 convenire

96 1094 149 1137 ei‘,
183 1095 245 1142 qui
262 1095 371 1138 nihir,
401 1095 471 1130 nisi
488 1107 605 1130 rerum
621 1096 665 1130 ab
688 1095 759 1130 alio
775 1103 996 1130 narratarum
1011 1095 1215 1130 memoriam
1236 1103 1400 1141 repetat:
1434 1096 1558 1129 scabra
1583 1103 1620 1129 et

94 1141 238 1177 minimo
255 1141 451 1189 Vixgilim
469 1142 581 1177 oratio
592 1169 603 1187 ‚
627 1155 717 1189 quae
733 1142 784 1177 ita
803 1143 939 1185 existit,
963 1142 1085 1177 vitium
1102 1144 1247 1177 subesse
1265 1143 1455 1177 manifesto
1474 1142 1618 1177 indicat.

95 1188 184 1232 Quis
206 1189 299 1224 enim
317 1189 426 1236 paulo
441 1190 568 1224 melior
587 1190 741 1236 scriptor
759 1190 811 1224 ita
835 1190 1006 1236 loquitur:
1032 1216 1053 1234 ,‚
1066 1189 1160 1233 Quid
1181 1190 1307 1236 loquar
1324 1190 1486 1236 Scyllam,
1508 1210 1553 1215 —
1571 1209 1620 1215 -—

93 1239 163 1271 Aut
185 1243 226 1271 ut
250 1243 403 1271 mutatos
426 1237 535 1272 Terei
566 1237 832 1271 narraverit
859 1244 954 1272 artus
965 1237 1011 1271 ⁶⁶?
1055 1238 1193 1284 Nempe
1216 1238 1286 1271 hoc
1308 1235 1359 1272 ita
1382 1244 1619 1282 comparatum

94 1295 173 1318 esse
193 1283 366 1331 debebat:
401 1310 422 1327 ,‚
436 1284 530 1326 Quid
556 1284 683 1330 loquar
700 1284 852 1330 Scyllam
864 1311 873 1327 ‚
894 1304 939 1311 —
958 1305 1004 1310 —
1029 1291 1089 1318 aut
1106 1291 1145 1318 nt
1163 1286 1340 1319 Tereus
1364 1290 1515 1318 mutav
1527 1283 1618 1317 erit

93 1333 228 1365 artus.“
274 1332 315 1365 In
334 1343 374 1365 re
398 1331 488 1365 adeo
511 1331 645 1365 incerta
661 1338 794 1365 textum
815 1331 1036 1377 Heynianum
1056 1338 1190 1365 mutare
1209 1331 1328 1373 nolui;
1355 1338 1392 1365 et
1407 1331 1478 1365 vid.
1501 1333 1544 1373 Q.
1569 1332 1615 1365 V.

92 1378 246 1412 XXXX
259 1404 269 1422 ,
291 1379 326 1415 3.
374 1378 466 1412 Illud
483 1385 602 1412 tamen
621 1379 756 1421 fateor,
789 1378 881 1412 nihil
900 1378 1013 1413 videri
1034 1378 1148 1423 aptius
1166 1378 1248 1412 huic
1264 1378 1345 1413 loco
1359 1405 1368 1422 ,
1393 1390 1497 1424 quam
1521 1378 1616 1423 quod

92 1424 262 1471 Doering.
280 1424 319 1459 in
337 1426 554 1471 Programm.
584 1437 690 1470 supra
715 1425 809 1459 laud.
836 1425 1041 1471 proposuit:
1077 1426 1173 1469 Quid
1199 1426 1351 1471 loquar,
1387 1434 1430 1459 ut
1453 1425 1617 1470 Scyllam

91 1471 180 1506 Nisi
187 1497 203 1514 ,1
231 1480 300 1507 aut
321 1484 429 1519 quam
455 1479 523 1507 etc.
569 1474 648 1506 Hoc
672 1481 740 1506 aut
765 1471 805 1505 in
832 1484 902 1506 uno
927 1485 966 1507 se
992 1472 1167 1506 invenisse
1191 1478 1342 1506 testatur
1361 1472 1516 1512 Pierius3
1551 1472 1615 1505 sed

92 1518 269 1599 {uomodo
291 1518 454 1553 excidere
475 1519 655 1564 potuerit,
676 1520 865 1564 quaeritur.
910 1522 980 1554 Aut
999 1520 1171 1553 humanae
1191 1519 1345 1553 incuriae
1364 1520 1435 1553 hoc
1451 1518 1614 1553 tribuen-

116 1575 197 1610 um,
220 1570 302 1609 aut',
349 1567 422 1600 uod
441 1567 592 1600 fortasse
613 1566 877 1600 maiorem·veri
898 1566 1053 1612 speciem
1073 1566 1225 1609 habeat,
1247 1566 1457 1600 festinantes
1475 1566 1614 1599 librarii

90 1613 179 1647 Nisi
199 1613 334 1658 partica
350 1616 405 1647 iim
424 1614 521 1656 esse,
543 1625 616 1648 non
641 1624 790 1656 nomen,
814 1613 1017 1659 opinantes,
1044 1613 1157 1647 eiecto
1166 1624 1184 1655 ·,.
1214 1614 1310 1666 quod
1334 1614 1424 1647 male
1440 1613 1612 1647 intrusum

90 1659 292 1703 videretur,
313 1659 379 1694 illo
397 1669 474 1703 aut,
499 1661 575 1695 nisi
591 1673 700 1707 quam
718 1661 952 1706 scripserunt3
978 1660 1068 1695 nihil
1086 1660 1292 1700 autem,1llis
1307 1659 1512 1694 familiarius
1535 1672 1613 1694 esse

90 1705 264 1750 debebat,
297 1719 400 1754 quam
415 1707 486 1741 hoc
509 1707 624 1753 ipsum
643 1709 720 1741 nisi
739 1709 812 1755 qui.
844 1710 900 1743 W
895 1708 939 1753 r.)
1033 1708 1192 1744 75—-77
1215 1707 1324 1741 iidem
1342 1720 1461 1742 versus
1480 1707 1518 1740 in
1538 1707 1612 1741 Ciri

89 1753 147 1790 59.
164 1755 222 1791 60.
237 1755 296 1790 61.
391 1755 450 1801 (-
474 1754 531 1791 75.
556 1749 657 1788 Rom.
678 1753 913 1789 subcinctum.
944 1755 1040 1800 Wr.)
1134 1755 1183 1791 76
1203 1755 1355 1802 gurgite
1372 1763 1481 1789 vasto
1502 1754 1612 1788 Goth.

90 1808 160 1835 sec.
180 1813 202 1835 a
218 1814 263 1835 m.
283 1812 354 1836 sec.
404 1802 588 1847 (Dulicias
608 1801 737 1835 Medic.
769 1801 840 1836 vid.
862 1802 1026 1836 Schneid.
1047 1802 1198 1836 Gramm.
1223 1802 1300 1835 Lat.
1321 1801 1404 1837 Vol.
1423 1803 1449 1835 I.
1472 1813 1508 1846 p.
1531 1802 1611 1838 199.

95 1847 192 1893 Wr.)
261 1849 309 1885 77
331 1852 386 1883 At
403 1849 542 1894 Menag.
572 1847 726 1883 canibus
743 1857 885 1883 nautas
902 1861 990 1883 unus
1007 1849 1138 1883 Moreti
1156 1855 1193 1882 et
1210 1848 1311 1882 Leid.
1348 1861 1506 1883 vexasse
1521 1849 1610 1882 Rot-

89 1895 183 1929 tend.
202 1894 294 1929 alter
309 1907 377 1941 pro
396 1896 592 1930 lacerasse.
663 1897 710 1932 78
739 1897 828 1929 Teri
841 1897 946 1931 Voss.
965 1895 1066 1942 prior
1085 1903 1121 1931 et
1139 1898 1237 1931 Serv.
1250 1922 1261 1939 ,
1285 1903 1324 1930 ut
1338 1893 1387 1932 42
1407 1896 1608 1930 Promethi.

88 1942 135 1978 79
154 1951 315 1991 pararet
330 1942 475 1977 Mentel.
494 1954 550 1988 pr.
593 1950 758 1991 pararat
780 1943 951 1977 Rottend.
971 1955 1042 1977 sec.

88 2076 271 2111 mentum
288 2094 310 2122 ‚r
340 2087 425 2112 non
464 2072 570 2112 Galli
606 2085 821 2123 versuum;

88 2129 294 2170 brevitatis
320 2136 454 2170 autem
487 2130 623 2169 studio
650 2130 820 2169 strictim

87 2193 248 2227 tantum
263 2188 419 2228 fabulas
437 2193 657 2241 percenset.
706 2188 820 2237 Quid

87 2246 255 2298 loquar,
294 2252 343 2285 ut
372 2246 601 2287 narraverit
631 2246 817 2299 Scyllam,

87 2310 158 2343 aut
172 2309 221 2343 ut
240 2304 414 2343 Tereum
440 2310 641 2344 mutatum
675 2318 818 2343 narra-

85 2363 223 2412 verit,
260 2361 302 2402 h.
334 2363 492 2402 fabulas
529 2363 580 2402 de
606 2362 740 2414 Scylla
779 2368 818 2401 et

86 2420 226 2459 Tereo.
267 2421 444 2474 Scyllam
456 2434 568 2461 nunc
582 2420 678 2460 facit
698 2426 817 2473 poeta

85 2478 172 2517 Nisi
191 2478 336 2529 filiam,
366 2493 468 2531 quae
485 2479 573 2518 aliis
597 2479 725 2531 poetis
742 2478 817 2518 alia

85 2549 133 2575 ac
164 2536 323 2576 diversa
351 2543 428 2588 est,
472 2537 620 2578 Phorci
650 2536 815 2589 quidem

84 2593 181 2634 filia.
209 2607 250 2634 v.
276 2595 372 2635 Var.
402 2596 508 2635 Lect.
567 2595 624 2634 De
647 2595 815 2647 Ulyssis,

86 2651 187 2691 dum
216 2653 621 2705 praeterveherentur
640 2683 651 2703 ‚
696 2652 814 2691 sociis

86 2722 111 2747 a
135 2710 268 2762 Scylla
297 2711 500 2752 devoratis
535 2717 633 2751 nota
664 2711 813 2750 fabula.

84 2766 170 2806 vid.
194 2767 338 2821 Odyss.
358 2787 398 2823 μ,
425 2769 523 2813 265.
553 2769 814 2823 quamfama

85 2833 221 2880 secuta
248 2835 324 2876 est,
354 2827 482 2881 simpl.
511 2839 634 2879 quam
661 2827 812 2877 ferunt,

85 2885 339 2934 uvvou‘vvoet,
371 2883 586 2939 (expressit
612 2899 702 2926 voc.
732 2881 812 2936 φά-

83 2954 166 2988 τις,
198 2936 341 2994 φήμη,
368 2955 445 2994 pro
470 2945 626 2996 μῦθος,
658 2940 810 2996 sabula)

83 2996 299 3037 habentem
311 2998 474 3052 inguina
484 3001 688 3040 succincta
699 3000 812 3039 cani-

876 2072 953 2112 bus
972 2072 1151 2124 mminis,
1169 2086 1222 2112 ex
1241 2073 1332 2113 alvo
1352 2072 1437 2111 eius
1456 2072 1608 2125 prode-

876 2131 1062 2182 mitibus,
1102 2131 1309 2171 infestasse
1339 2130 1490 2183 Ulyssis
1531 2145 1607 2169 na-

874 2202 968 2228 vem
1007 2196 1049 2228 et
1091 2190 1219 2228 socios
1258 2189 1341 2228 eius
1383 2189 1606 2228 devorasse.

874 2247 1046 2287 Versum
1069 2248 1124 2290 75
1148 2254 1190 2286 et
1209 2248 1383 2287 formam
1399 2253 1607 2286 monstro-

875 2318 960 2344 sam
971 2305 1127 2358 Scyllae
1137 2306 1347 2345 illustrant
1357 2306 1483 2355 numi,
1494 2318 1606 2357 gem-

873 2376 963 2402 mae
981 2370 1023 2402 et
1038 2363 1116 2402 alia
1136 2369 1412 2404 monumenta.
1456 2362 1547 2402 Alia
1564 2376 1606 2403 v.

872 2421 916 2460 in
934 2421 1120 2460 Excursu
1138 2421 1191 2460 ad
1209 2420 1249 2460 h.
1269 2421 1297 2461 1.
1339 2425 1407 2464 76.
1427 2436 1604 2471 vexasse,

871 2478 1058 2519 habuisse
1089 2479 1170 2519 hoc
1198 2479 1445 2519 vocabulum
1467 2479 1605 2532 paullo

871 2537 1033 2576 maioris
1075 2538 1300 2577 atrocitatis
1338 2537 1605 2590 significatum

872 2594 983 2648 apud
1001 2601 1159 2634 veteres
1176 2595 1442 2646 contendunt,
1473 2601 1514 2634 et
1531 2595 1603 2634 de-

869 2654 1043 2693 fendunt
1063 2653 1272 2707 Virgilium
1283 2684 1294 2704 ‚
1320 2654 1471 2692 Gellius
1489 2653 1537 2692 N.
1556 2652 1603 2692 A.

870 2711 918 2762 Π,
948 2714 986 2754 6.
1015 2710 1194 2751 Macrob.
1213 2711 1281 2762 VI,
1310 2715 1350 2754 7.
1408 2713 1522 2751 Serv.
1551 2724 1603 2749 ex

869 2770 1001 2809 Probo
1021 2768 1063 2808 h.
1085 2770 1112 2809 l.
1160 2769 1333 2810 Videtur
1351 2775 1495 2823 poetae
1514 2769 1602 2806 ani-

869 2841 938 2867 mo
972 2827 1161 2866 insedisse
1197 2828 1458 2866 Homericum
1499 2821 1602 2878 βλά-

870 2901 997 2926 πτειν.
1030 2885 1159 2924 Canes
1178 2887 1340 2923 marini.
1375 2899 1415 2924 v.
1433 2884 1599 2922 Excurs.

870 2943 925 2982 ad
946 2942 987 2982 h.
1009 2956 1049 2982 v.
1102 2941 1340 2996 (Dulichias
1363 2950 1487 2988 tales,
1518 2954 1599 2978 una

869 3007 1031 3040 tantum
1049 3015 1173 3052 quum
1192 3001 1325 3039 fuerit.
1362 3000 1432 3039 JV
1426 2996 1473 3050 r.)
