1768 3320
251 198 316 246 48
492 193 832 245 SPOHNII
878 189 1511 242 PROLEGOMENA

249 320 391 370 misit
408 319 515 371 Ecl.
534 321 670 371 VIII.
706 320 750 367 A
782 317 1023 367 Pollione
1050 331 1127 364 ao,
1149 318 1265 364 711.
1299 320 1353 361 et
1384 317 1502 366 712.
1526 315 1761 380 primum

251 390 497 441 excitatus
519 397 628 438 erat
651 387 717 437 ad
738 385 976 436 bucolica
995 381 1298 441 scribenda3
1336 381 1518 433 eidem
1535 383 1642 438 Ecl.
1677 388 1764 438 IV.

250 475 390 510 anno
434 459 707 525 superiore
762 456 1052 513 dicaverat;
1123 468 1267 500 nunc
1311 450 1379 501 ad
1426 453 1767 521 triumphum

249 528 736 597 splendidissimum
784 523 1054 575 accedenti
1091 520 1418 571 mittendum
1461 532 1573 573 erat
1607 525 1765 592 quid-

250 616 412 667 quam
438 597 703 660 carminis‚
741 612 810 644 ne
830 594 987 660 plane
1024 588 1251 640 officiosi
1281 599 1334 641 et
1366 593 1499 657 grati
1528 593 1764 645 hominis

248 669 461 719 muneri
498 667 727 729 deesset,
775 664 1001 713 maxime
1039 677 1207 728 quum
1242 659 1420 712 Alfeni
1458 664 1582 716 Vari
1612 670 1765 716 causa

251 737 653 806 quodammodo
677 734 927 799 Eclogam
946 735 1030 783 IX.
1055 739 1108 780 et
1126 733 1210 783 VI.
1230 729 1470 798 fecisset,
1509 734 1621 783 eius
1645 735 1765 803 qui-

251 810 376 859 dem
405 808 555 870 Vari,
611 821 774 872 quem
806 802 925 852 fuso
974 800 1266 867 fugatoque
1304 818 1334 852 e
1363 803 1636 869 provincia
1670 821 1764 856 sua

247 878 489 929 Pollione
524 875 836 926 Octavianus
882 870 1211 939 praefecerat
1253 870 1378 921 huic
1414 872 1610 924 Galliae
1650 876 1763 927 Cis-

249 949 463 1015 alpinae.
541 944 677 996 Male
709 942 975 1008 igituralii
1005 940 1073 990 ad
1111 941 1461 992 Octavianum
1501 941 1762 1011 referunt,

249 1027 430 1068 contra
461 1031 681 1064 omnem
717 1013 885 1062 fidem
915 1021 968 1061 et
998 1010 1299 1073 historiam3
1350 1021 1403 1062 et
1433 1013 1616 1081 inepte
1661 1016 1761 1081 (uti

249 1089 404 1137 etiam
443 1102 512 1137 vs,
551 1092 595 1136 9.
623 1083 845 1151 patebit)
893 1081 975 1131 alii
1012 1080 1243 1130 Pollioni
1278 1081 1502 1149 quidem
1545 1085 1763 1136 missam

245 1157 381 1207 hanc
402 1154 506 1206 Ecl.
526 1163 758 1218 sumunt,
780 1152 876 1202 sed
909 1152 1126 1201 abeunti
1146 1150 1400 1217 Pollioni,
1427 1170 1597 1220 quum
1617 1154 1761 1206 illam

248 1226 641 1293 expeditionem
672 1224 973 1289 susciperet.
1027 1223 1121 1278 ,Ita
1151 1222 1505 1290 geographica
1539 1224 1679 1275 male
1702 1243 1760 1277 se

244 1295 527 1355 haberent;
564 1293 702 1343 male
733 1294 892 1342 etiam
917 1301 969 1342 et
998 1292 1197 1358 inepte,
1236 1292 1386 1358 quod
1414 1293 1520 1343 iam
1546 1296 1760 1346 Ruaeus

243 1366 426 1429 sensit,
462 1363 706 1428 Virgilius
734 1363 801 1413 de
829 1362 1030 1412 bellicis
1059 1360 1306 1411 laudibus
1345 1372 1397 1413 et
1426 1363 1592 1428 gloria
1622 1366 1762 1416 mili-

240 1436 336 1485 tari
365 1435 615 1501 loquutus
638 1442 798 1494 esset3
839 1432 970 1500 quid
992 1432 1138 1482 enim
1158 1434 1565 1498 praecessisset?
1610 1433 1760 1502 fuga-

239 1515 355 1556 tum
373 1522 484 1554 esse
511 1504 574 1553 ab
597 1504 867 1554 Octaviani
895 1503 1118 1552 ducibus
1136 1510 1188 1551 et
1206 1502 1435 1553 eiectum
1454 1504 1759 1556 Pollionem

243 1593 271 1626 e
306 1575 596 1642 provincia:
645 1573 839 1623 scilicet
873 1589 1064 1638 magna
1097 1572 1290 1638 virtus,
1329 1583 1382 1624 et
1418 1575 1625 1640 egregia
1660 1593 1759 1644 op—

240 1645 533 1712 portunitas
558 1643 832 1695 laudandi!
870 1645 988 1693 Imo
1026 1650 1150 1710 post
1179 1643 1425 1694 subactos
1455 1645 1756 1712 Parthinos,

241 1724 459 1779 gentem
483 1713 768 1778 rebellem,
800 1731 961 1781 quae,
988 1712 1169 1780 prouti
1196 1713 1512 1780 Dalmatica,
1542 1732 1759 1784 semper

241 1783 429 1834 infesta
454 1786 698 1834 Romano
721 1785 928 1833 nomini
961 1782 1253 1834 diutissime
1284 1785 1468 1850 iugum
1497 1784 1759 1838 detrecta-

241 1856 326 1905 vit.
376 1854 540 1905 Strab.
568 1857 678 1905 VII.
697 1872 746 1921 p.
776 1859 890 1907 484.
914 1854 1096 1907 Vellei.
1118 1854 1182 1916 Π,
1221 1860 1300 1906 90.
1320 1856 1388 1905 Et
1419 1857 1758 1923 sempiternis

240 1923 390 1976 bellis
437 1922 678 1974 ferocitas
722 1925 1082 1974 Dalmatarum
1112 1923 1400 1978 notissima.
1481 1928 1610 1976 Post
1655 1927 1755 1978 hos

238 1993 522 2057 Dalmatas,
568 1995 800 2062 inquam,
851 1995 1095 2045 subactos
1135 2005 1260 2059 erat,
1321 1995 1471 2065 quod
1499 1996 1756 2048 Pollionis

240 2065 488 2113 virtutem
513 2064 756 2115 bellicam
778 2066 1022 2130 Virgilius
1045 2064 1295 2117 laudaret.

818 2183 980 2248 (Ecl.
1028 2186 1172 2249 VII.)

377 2275 469 2323 Ao,
493 2278 607 2325 716.
629 2274 846 2325 ineunte
866 2277 1120 2343 Eclogam
1139 2279 1250 2331 VII.
1271 2276 1476 2343 scripsit
1493 2276 1752 2342 Virgilius,

239 2343 351 2389 Iam
384 2341 445 2389 ab
478 2359 553 2394 ao,
589 2348 702 2395 714.
733 2348 937 2413 saepius
968 2350 1176 2398 Romae
1209 2346 1352 2414 apud
1385 2350 1753 2397 Maecenatem

239 2408 339 2459 suit
363 2412 630 2477 VirgiliuS‚
674 2414 740 2463 ita
764 2425 823 2465 ut
841 2418 1009 2467 modo
1043 2419 1179 2483 ruri,
1215 2416 1386 2467 modo
1417 2417 1473 2466 in
1506 2417 1642 2468 urbe
1675 2419 1753 2469 vi-

239 2480 369 2528 xisse
395 2482 644 2533 videatur.
720 2486 826 2535 Sed
849 2488 953 2537 iam
975 2487 1243 2538 familiaris
1270 2487 1605 2537 consuetudo
1629 2505 1752 2539 cum

237 2552 541 2600 Maecenate
563 2553 763 2606 arctior.
834 2559 1064 2608 Accessit
1085 2559 1241 2609 Plotii
1263 2566 1316 2608 et
1339 2558 1480 2609 Varii
1507 2566 1560 2606 et
1581 2560 1752 2608 Hora-

236 2619 294 2668 tii
316 2621 548 2672 amicitia.
616 2626 797 2673 Verno
821 2635 1067 2694 tempore
1089 2630 1144 2678 in
1167 2629 1373 2692 itinere,
1411 2626 1562 2694 quod
1577 2630 1752 2679 Brun-

238 2688 450 2739 dusium
471 2691 972 2746 instituitMaecenas
989 2715 1110 2748 cum
1139 2699 1293 2749 sociis
1314 2698 1536 2748 Horatio
1561 2707 1614 2748 et
1626 2697 1750 2763 aliis,

234 2759 494 2824 Virgilius,
534 2762 810 2813 Sinuessae
836 2766 1043 2817 obviam
1063 2768 1254 2832 sactuS‚
1293 2769 1548 2818 comitem
1576 2785 1633 2818 se
1657 2768 1750 2818 ad-

235 2829 415 2893 iunxit,
440 2830 551 2878 sine
573 2831 735 2880 dubio
750 2836 970 2901 Neapoli
993 2856 1113 2887 curn
1136 2840 1309 2889 Plotio
1332 2839 1551 2890 etVario
1574 2854 1750 2903 egres-

236 2915 334 2950 sus
404 2899 485 2949 Ab
502 2899 657 2949 huius
687 2903 830 2952 enim
853 2907 973 2954 anni
1011 2926 1136 2959 vere
1159 2909 1442 2976 Neapolim
1476 2926 1531 2960 se
1560 2918 1749 2959 contu-
