1768 3320
364 235 850 291 esenelcon
885 236 1026 286 ΜΒ.
1062 235 1116 298 1,
1159 239 1314 287 1-6

1506 243 1605 291 281

82 367 160 419 Sit
178 366 393 435 pecori;
431 365 618 433 apibus
639 373 837 432 quanta
858 362 1184 432 experientia
1206 361 1400 428 parcis:

77 438 217 488 Hinc
239 452 430 487 canere
452 436 717 503 incipiam.
788 439 925 499 Vos,
963 450 996 484 o
1025 432 1308 483 clarissima
1327 432 1520 483 mundi
1577 438 1609 485 5

79 507 333 572 Lumina,
370 505 647 557 labentem
673 505 826 557 coelo
848 521 986 574 quae
1009 502 1200 554 ducitis
1222 517 1452 565 annum3

150 606 197 655 6.
230 613 434 663 mmm,

127 727 153 767 4
170 730 302 779 'pecori
324 737 437 776 atque
451 728 584 777 apibus
603 729 683 762 fere
705 728 810 763 codd.
829 735 866 762 et
888 728 970 763 edd.
1014 729 1215 776 pecorique
1233 727 1406 762 nonnulli.
1453 727 1525 762 Sed
1540 727 1614 761 ful-

83 789 179 813 crum
205 776 277 812 hoc
303 785 427 811 versus
450 776 519 810 iam
541 789 561 810 a
577 775 696 810 Pierio
722 775 925 810 convulsum
945 775 1090 809 sustulit
1108 781 1146 809 et
1165 775 1321 810 Medicei
1342 782 1380 810 et
1400 774 1615 821 optimorum

42 850 53 856 -
81 824 254 860 librorum
267 823 473 858 auctoritate
484 823 603 858 Heius.
621 824 714 858 conf.
734 823 780 858 ad
789 823 863 857 Ecl.
881 825 924 866 11,
943 823 1002 860 53.
1027 824 1132 857 Tono
1151 829 1188 857 et
1207 835 1373 857 caesurae
1391 822 1503 857 multo
1522 822 1615 869 plus,

83 883 187 918 quam
205 872 400 913 Homerus,
424 871 571 914 tribuit,
597 870 731 916 (itane‘?
770 871 866 915 Wr.)
892 878 998 916 atque
1021 869 1129 904 etiam
1151 869 1268 904 hiatus
1290 882 1357 915 per
1381 871 1423 904 ea
1442 869 1521 915 ipsa
1546 870 1615 904 ad-

82 918 226 953 mittere
240 917 365 952 maluit
382 918 565 964 Virgilius.
596 919 728 966 pecori
744 926 886 964 quanta
905 916 1038 974 apibus
1057 917 1113 951 ed.
1132 918 1224 951 ven.
1259 918 1395 966 parvis
1412 917 1474 951 alii
1491 917 1616 963 legunt

83 979 140 1012 ap.
158 966 396 1012 Stephanum;
420 977 492 1000 non
511 965 664 1006 invenio,
683 964 824 1011 quinam
841 964 896 998 illi
914 971 995 999 sint.
1031 964 1207 1011 Reposuit
1223 972 1341 999 tamen
1356 965 1501 999 Wakef.
1529 965 1613 1011 (vid.

82 1015 170 1049 Not.
201 1015 259 1049 W
251 1012 296 1058 ι’.)
324 1014 460 1062 paucis
476 1012 610 1049 Meadii
626 1012 741 1056 liber,
765 1018 804 1046 ut
822 1012 888 1046 sit:
908 1013 1044 1061 paucis
1060 1012 1148 1046 hinc
1164 1025 1297 1046 canere
1311 1012 1494 1059 incipiam,
1519 1012 1616 1059 quod

85 1060 176 1095 exile
196 1067 300 1095 esset.

383 1062 407 1098 6
431 1060 628 1103 „Numina
644 1060 730 1103 fuit,
755 1059 820 1093 sed
842 1059 1041 1094 emendavit
1058 1058 1158 1104 ipse,
1183 1058 1265 1105 qnia
1284 1065 1414 1106 postea
1430 1072 1463 1094 v.
1484 1062 1531 1097 10
1547 1060 1613 1094 ait:

85 1117 122 1143 et
145 1120 214 1142 vos
237 1115 429 1155 agrestum
445 1109 664 1155 praesentia
683 1108 838 1142 numina
855 1108 1030 1150 Fauni‚“
1061 1106 1153 1140 inter
1171 1106 1340 1141 Sei-viana
1360 1105 1504 1152 legitur.
1551 1109 1615 1141 In-

83 1155 169 1189 tulit
185 1162 300 1190 tamen
319 1161 356 1188 et
373 1154 462 1197 hoc,
486 1156 658 1197 numina,
681 1154 829 1189 Wakef.

811 1226 820 1235 .
841 1200 975 1235 Moreti
1004 1207 1042 1235 et
1069 1200 1213 1235 Mentel.
1240 1201 1301 1235 alt.
1327 1213 1348 1235 a
1374 1213 1420 1236 m.
1439 1214 1517 1247 pn,
1551 1202 1615 1236 sed

85 1204 150 1250 qui
176 1202 314 1236 ducitis
330 1201 438 1236 Pierii
456 1201 638 1247 Oblongus
650 1228 660 1244 ‚
695 1201 808 1247 fragm

877 1156 931 1188 An
948 1154 1003 1189 dii
1016 1153 1147 1189 mundi
1162 1153 1253 1187 bene
1272 1153 1456 1198 dicantur,
1480 1154 1614 1190 nescio.

85 1249 293 1284 confirmant
317 1262 412 1296 quae
437 1248 626 1294 Apuleius,
657 1249 817 1292 Probus,
849 1248 1007 1283 Macrob.
1033 1248 1106 1282 vid.
1135 1247 1258 1282 Heius.
1309 1248 1502 1294 (Commate
1530 1256 1615 1295 post

85 1307 242 1337 annum.
267 1301 304 1330 et
322 1295 492 1331 semicolo
512 1303 598 1343 post
615 1299 724 1331 Ceres
741 1295 905 1342 proximo
921 1308 1026 1331 versu
1044 1295 1204 1341 Heynius
1223 1295 1508 1341 interpunxerat3
1541 1297 1613 1331 vid.

84 1344 173 1379 Not.
201 1344 259 1379 W
251 1342 298 1388 ν.)

86 1452 212 1492 hendo
223 1454 276 1491 sit
286 1453 430 1505 pecori
445 1451 554 1491 idem
564 1451 687 1502 valet,
710 1451 824 1504 quod

87 1513 160 1565 qui
187 1511 320 1550 cultus
345 1509 553 1549 habendus
569 1512 621 1549 sit
633 1512 793 1562 pecoris
803 1525 819 1558 ;

87 1569 159 1608 sed
179 1568 283 1608 illud
301 1568 464 1608 suavius
481 1569 535 1609 ad
552 1582 683 1608 aures.
707 1571 772 1609 W
771 1567 822 1624 r.)

10 1631 16 1634 “
87 1628 238 1678 cultus,
273 1641 349 1680 pro
376 1640 471 1673 cura
483 1658 495 1679 ‚
535 1633 585 1667 ut
607 1627 686 1666 Cic.
705 1626 755 1666 de
773 1627 822 1666 N.

87 1686 135 1726 D.
166 1685 222 1737 H,
257 1685 338 1728 158
366 1700 471 1738 quae
499 1686 663 1739 quidem
688 1683 819 1740 (oves)

86 1758 215 1798 neque
234 1744 296 1782 ali
307 1773 318 1793 ,
350 1757 478 1796 neque
496 1746 725 1794 sustentari,
747 1758 820 1782 ne-

87 1817 164 1857 que
193 1802 324 1840 ullum
337 1801 528 1854 fructum
557 1802 667 1840 edere
691 1816 741 1840 ex
759 1817 817 1852 se,

87 1863 173 1900 sine
189 1859 305 1900 cultu
317 1858 531 1899 hominum
551 1866 592 1900 et
611 1860 821 1899 curatione

82 1921 319 1972 potuissent.
391 1916 430 1959 4.
471 1927 627 1971 quanta
647 1948 657 1969 ‚
706 1932 821 1971 quae,

89 1979 334 2030 experientia
366 1976 514 2027 apibus
542 1991 595 2016 sc.
610 1976 820 2027 habendis,

88 2049 160 2075 seu
189 2048 311 2089 apum
336 2033 619 2075 habendarum
648 2035 700 2074 ad
721 2035 825 2074 mel-

87 2093 254 2134 lificium
276 2093 348 2144 sit3
387 2107 464 2146 pro
491 2108 590 2132 cura
613 2093 826 2133 subiunxit

89 2151 215 2202 aliud,
244 2151 355 2203 quod
373 2165 495 2204 apum
515 2152 644 2191 cultui
665 2166 826 2191 accom-

89 2209 302 2250 modatum
318 2215 442 2259 esset,
474 2212 761 2261 experientiam
783 2215 825 2249 et

89 2283 228 2319 usum,
275 2281 356 2320 quo
384 2267 692 2307 mellificationis
716 2268 823 2307 ratio

90 2327 255 2366 exculta
273 2332 346 2365 est.
377 2326 519 2378 Georg.
539 2326 607 2376 IV,
624 2327 721 2369 315.
738 2329 823 2369 316

95 2386 197 2437 Quis
214 2385 313 2422 deus·
342 2383 451 2422 hanc
464 2414 475 2434 ,
519 2386 692 2435 Mosae,
734 2386 824 2439 quis

89 2442 202 2483 nobis
220 2442 373 2482 extudit
388 2443 547 2481 artem?
585 2442 701 2481 Unde
716 2458 824 2482 nova

89 2504 293 2554 ingressus
330 2500 541 2539 hominum
577 2502 825 2555 experientia

89 2560 232 2612 cepit?
272 2559 375 2597 Nam
414 2573 535 2612 apum
562 2560 825 2613 experientia,

90 2618 166 2656 etsi
180 2617 228 2655 iis
247 2617 380 2669 aliqua
394 2617 522 2656 tribui
537 2624 685 2671 potest,
702 2633 744 2658 v.
753 2619 823 2658 inf.

91 2675 157 2725 IV,
185 2675 268 2717 156
294 2688 364 2726 sq.,
393 2674 478 2714 huc
505 2677 645 2715 vocari
671 2677 824 2729 nequit.

93 2731 277 2786 (parvis,
306 2747 391 2772 uon
409 2735 691 2784 parcentibus,
735 2751 823 2786 φει-

92 2788 284 2841 δομέναις
308 2788 562 2845 παρεόντων,
593 2799 643 2831 ut
661 2793 822 2842 volunt,

91 2848 162 2887 sed
183 2849 394 2898 σπανίαις,
425 2863 510 2888 non
529 2865 733 2901 sparsam,
754 2851 825 2890 sed

90 2905 270 2958 spa-rach
284 2936 296 2955 ,
338 2919 460 2957 quam
483 2907 567 2947 vim
598 2908 726 2947 inesse
748 2909 825 2947 ad-

89 2963 238 3002 iectivo
262 2977 435 3015 parcus,
478 2979 562 3004 non
594 2972 673 3016 est,
713 2966 825 3019 quod

90 3021 229 3061 multis
249 3020 532 3061 demonstrem.
595 3023 716 3062 Molle
734 3024 825 3063 ani-

878 1450 961 1490 mal
977 1456 1039 1490 est
1057 1450 1144 1504 apis
1165 1456 1208 1489 et
1231 1450 1370 1490 multis
1391 1450 1615 1490 obnoxium

880 1509 1049 1559 casibus,
1079 1515 1130 1549 ut
1141 1509 1302 1549 difficile
1319 1509 1372 1548 sit
1387 1515 1429 1548 et
1445 1522 1615 1562 magnae

880 1567 1173 1621 experientiae,
1219 1568 1434 1621 copiosum·
1465 1581 1513 1606 ac
1534 1567 1614 1606 flo-

879 1639 975 1666 rens
992 1624 1142 1665 habere
1160 1626 1379 1679 apiarium,
1412 1625 1615 1666 difficilius

880 1684 1024 1734 etiam,
1072 1697 1231 1737 augere.
1301 1685 1440 1737 Neque
1472 1689 1614 1737 aptum

877 1742 921 1782 in
939 1743 1056 1782 brevi
1084 1743 1312 1796 argumenti
1337 1743 1467 1782 totius
1483 1742 1616 1795 operis

880 1800 1151 1854 descriptione
1191 1800 1404 1855 epitheton
1448 1801 1498 1839 ab
1526 1801 1616 1854 ipsa

879 1859 1018 1912 apium
1045 1866 1196 1899 natura
1221 1860 1454 1913 repetitum.
1500 1861 1571 1899 W
1564 1858 1613 1913 r.)

880 1917 920 1961 5.
950 1919 1066 1956 Hinc
1077 1948 1089 1968 ,
1132 1924 1227 1971 post
1266 1918 1451 1958 bucolica
1487 1917 1614 1957 aiunt.

883 1976 1059 2015 Omnino
1098 1976 1262 2015 initium
1310 1976 1491 2028 designat
1512 1991 1523 2027 ;
1565 1982 1616 2015 ut

883 2034 980 2073 alias
999 2049 1121 2074 nanc.
1158 2032 1286 2089 (hinc,
1320 2048 1381 2074 ex
1405 2034 1496 2084 his,
1526 2033 1615 2073 ho-

881 2107 905 2132 r
917 2107 946 2132 u
960 2107 1002 2132 m
1030 2107 1057 2146 p
1074 2099 1155 2132 art
1166 2106 1186 2131 e
1197 2108 1259 2144 m,
1289 2093 1616 2146 interpretantur

882 2151 997 2191 Voss.
1020 2157 1061 2190 et
1078 2151 1228 2191 Iacobs.
1264 2153 1330 2192 W
1327 2149 1384 2206 r.)
1416 2151 1530 2201 Quae
1551 2165 1615 2189 se-

883 2210 1024 2262 quitur
1044 2223 1172 2261 usque
1189 2209 1243 2249 ad
1259 2223 1320 2249 vs.
1332 2208 1387 2253 45
1398 2210 1615 2260 invocatio,

883 2274 943 2306 est
960 2266 1074 2307 haud
1098 2268 1220 2307 dubie
1239 2268 1348 2307 inter
1366 2275 1503 2321 partes
1523 2282 1616 2307 car-

881 2325 1001 2365 minis
1044 2326 1318 2366 ornatissimas
1355 2340 1403 2365 ac
1436 2326 1616 2380 splendi-

882 2383 1075 2424 dissimas.

931 2442 970 2486 5.
994 2446 1032 2485 6.
1061 2442 1260 2481 labentem
1277 2443 1391 2481 caelo
1412 2457 1517 2496 quae
1535 2442 1615 2481 dw-

882 2502 971 2539 citis
990 2515 1146 2539 annam
1154 2516 1171 2549 ;
1193 2500 1235 2540 h.
1248 2515 1423 2553 quorum
1441 2501 1618 2540 decursu

882 2565 1069 2612 tempora
1086 2558 1182 2598 anni
1199 2559 1443 2599 efficiuntur.
1461 2559 1618 2598 Habuit

884 2623 979 2656 ante
1012 2618 1150 2657 oculos
1187 2630 1330 2657 versus
1365 2618 1542 2657 Lucretii
1568 2617 1616 2667 V,

887 2674 998 2718 1435
1016 2697 1075 2706 --·
1097 2674 1221 2717 1438.
1281 2675 1424 2714 Sidera
1448 2690 1615 2725 annam,

883 2734 1047 2785 eiusque
1072 2742 1274 2785 tempora,
1320 2733 1616 2773 vicissitudines

882 2805 929 2830 ac
946 2798 1097 2844 partes,
1128 2791 1290 2842 ducere,
1319 2797 1529 2844 tamquam
1547 2804 1615 2829 re-

880 2855 979 2902 gant
1013 2855 1054 2888 et
1095 2849 1361 2890 moderentur
1379 2880 1390 2899 ,
1438 2849 1615 2888 sollenne

882 2913 954 2946 est.
985 2907 1091 2947 conf.
1106 2908 1245 2947 Burm.
1304 2907 1464 2946 Scilicet
1481 2920 1615 2958 quon-

880 2965 963 3004 iam
996 2971 1094 3005 ortu
1119 2965 1191 3005 illa
1213 2971 1254 3004 et
1281 2979 1426 3003 occasu
1454 2977 1527 3003 suo
1547 2963 1615 3002 vi-

882 3036 947 3062 ces
980 3023 1078 3062 istas
1122 3029 1354 3076 temporum
1395 3021 1614 3074 designant.
