1734 3320
180 220 184 227 “
229 224 741 307 'cuonemon
771 238 1040 302 .L1B.111‚
1068 244 1358 294 128—141

46 369 166 417 Hoc
186 366 413 430 faciunt,
449 365 622 415 nimio
644 381 715 415 ne
736 363 863 415 luxu
887 364 1133 415 obtusior
1150 383 1287 419 usus,

1468 246 1568 297 527

1473 374 1571 423 135

49 438 128 487 Sit
144 435 359 503 genitali
383 452 536 501 arv0‚
583 444 637 486 et
663 434 840 485 sulcos
861 434 1088 486 oblimet
1109 436 1321 499 inertis3

49 507 160 558 Sed
188 507 358 575 rapiat
393 507 578 556 sitiens
599 508 899 570 Venerem,
938 506 1270 574 interiusque
1298 509 1568 562 recondat.

108 579 318 649 ,Rursus
359 593 483 627 cura
511 585 728 644 patrum
771 575 988 640 cadere,
1047 586 1101 628 et
1133 577 1425 629 succedere
1455 597 1571 629 ma-

835 654 983 696 trum

44 717 253 785 Incipit.
303 717 507 769 Exactis
533 715 781 782 gravidae
802 733 972 783 quum
990 717 1268 767 mensibus
1297 726 1502 769 errant:

43 790 168 838 Non
194 786 330 838 *illas
366 787 612 854 gravibus
664 787 948 854 quisquam
1000 787 1119 855 iuga
1166 788 1366 838 ducere
1418 787 1571 855 plau·v

833 858 966 921 striS,
1472 862 1571 911 140

42 929 167 979 Non
192 926 327 978 saltu
353 943 608 995 superare
629 926 771 976 viam
790 926 854 976 sit
874 944 1082 994 passuS,
1122 935 1176 977 et
1197 928 1303 978 acri

92 1069 160 1106 135
196 1068 389 1104 obtunsior
414 1068 572 1103 scribunt
602 1067 847 1114 antiquissimi.

951 1069 1020 1105 136
1053 1069 1138 1103 Sint
1170 1079 1259 1102 unus
1300 1067 1418 1102 Mead.
1476 1079 1571 1102 auro

42 1117 134 1151 Ven.
159 1116 251 1153 1475
271 1123 309 1150 et
329 1116 439 1150 Goth.
468 1129 538 1150 sec.
571 1128 648 1150 cum
671 1116 743 1149 Erf.
770 1128 791 1150 a
816 1129 861 1149 m.
884 1128 939 1161 pr.
987 1116 1181 1161 sulcosque
1203 1116 1259 1150 ed.
1278 1116 1356 1149 Bas.
1373 1115 1486 1150 4586.
1536 1122 1573 1147 et

42 1163 147 1198 abest
173 1175 231 1209 ap.
260 1164 403 1197 Bedam.
451 1175 580 1198 succos
605 1163 740 1197 Zulich.
788 1165 948 1197 inermes
971 1165 1067 1197 Serv.
1097 1163 1142 1196 ad
1162 1166 1248 1197 Aen.
1272 1164 1353 1205 XII,
1379 1162 1460 1198 370.
1507 1160 1572 1194 Pi-

44 1217 107 1256 get
132 1222 345 1245 converrere
368 1210 457 1244 tales
487 1210 705 1256 quisquilias.
756 1210 896 1255 (Medic.
930 1209 1098 1252 ublimet,
1122 1217 1207 1256 puta
1235 1209 1422 1252 sublimet,
1456 1208 1521 1241 sed
1547 1221 1572 1242 ιι

42 1257 82 1291 in
102 1270 123 1292 ο
141 1263 309 1301 mutatur,
333 1264 427 1291 teste
447 1257 634 1303 Fogginio.
664 1258 760 1302 Wr.)

1503 1256 1571 1291 138

860 1258 927 1293 137
950 1259 1081 1291 sitiens
1101 1260 1226 1303 rapiat
1242 1256 1406 1290 Parrhas-

44 1303 156 1340 curba
174 1314 327 1353 patrum
348 1304 458 1338 Goth.
478 1317 547 1339 sec.
597 1305 723 1339 eadem
746 1316 813 1351 pro
839 1305 974 1338 cadere
998 1306 1087 1338 Ven.
1134 1304 1254 1338 Possis
1285 1314 1425 1350 quoque
1453 1302 1571 1336 inter-

42 1363 221 1398 pungere:
254 1353 412 1400 Incipit,
445 1353 587 1386 exactis
604 1372 648 1376 —
668 1360 810 1386 errant.
858 1352 946 1386 Non
972 1352 1061 1385 illas
1081 1351 1273 1398 gravibus.
1320 1351 1432 1384 Porro
1459 1356 1571 1396 poeta

42 1410 115 1433 non
144 1398 395 1434 animadvertit
418 1400 604 1446 gravidae
613 1398 795 1447 gravibus
822 1398 890 1432 sibi
906 1399 1107 1433 succedere.

259 1445 327 1483 141
352 1447 475 1481 saltus
487 1446 617 1480 Medic.
638 1447 779 1491 Menag.
801 1446 903 1480 alter.

43 1446 162 1481 Mead.

42 1551 208 1593 Martin.
236 1552 290 1592 ad
316 1552 359 1593 h.
385 1553 413 1593 l.
466 1551 561 1595 134.
591 1553 730 1606 paleae
753 1565 778 1590 a

43 1611 264 1651 frumentis
281 1617 489 1665 separatae
507 1611 633 1652 flante
643 1611 675 1650 F
677 1624 779 1651 avo-

43 1670 113 1709 nio
135 1670 290 1710 Colum.
312 1670 363 1721 II,
379 1673 451 1721 21,
472 1669 512 1713 5.

105 1752 199 1796 135.
224 1754 319 1794 136.
349 1751 407 1790 Ne
426 1757 563 1805 partes
584 1751 780 1804 genitales

42 1808 125 1849 sint
143 1809 390 1860 obtusiores,
420 1810 545 1853 nimia
571 1810 779 1860 obesitate,

41 1867 97 1907 ad
120 1882 240 1907 usum
252 1898 263 1918 ,
295 1881 415 1920 quem
442 1867 596 1907 habent
614 1869 658 1907 in
676 1883 779 1910 con-

43 1926 229 1979 cipiendo
262 1927 364 1966 fetu.
430 1926 531 1965 Inde
563 1941 661 1965 usus
700 1941 777 1980 pro

40 1983 129 2037 ipsa
143 1998 212 2035 re,
248 1998 328 2036 qua
356 1984 445 2036 quis
466 1985 621 2035 utitur,
653 1984 778 2024 adeo—

43 2056 121 2095 que
155 2057 233 2096 pro
265 2049 417 2082 natura
458 2049 499 2081 et
536 2042 778 2082 habitudine

40 2102 114 2151 rei,
134 2107 334 2153 quatenus
354 2114 401 2138 ea
419 2101 473 2139 ad
483 2107 638 2140 certum
657 2115 779 2140 usum

41 2158 188 2198 idonea
216 2165 296 2208 est,
336 2158 500 2198 dicitur.
561 2159 626 2198 Sic
654 2173 778 2212 supra

42 2217 89 2267 II,
110 2216 195 2259 466
224 2231 321 2255 usus
346 2217 446 2255 olivi
468 2230 543 2269 pro
567 2217 666 2255 oleo.
725 2218 780 2256 Et

43 2275 154 2328 apud
182 2274 327 2314 Horat.
357 2274 435 2314 Od.
461 2274 528 2324 III,
550 2277 588 2324 1,
605 2274 661 2316 42
668 2290 778 2327 pur-

40 2348 241 2385 puratum
261 2347 357 2371 usus
376 2346 452 2385 pro
472 2346 668 2386 purpura,
699 2335 779 2384 qua

41 2392 133 2443 quis
147 2391 293 2430 utitur.
351 2390 443 2429 Hoc
458 2391 567 2430 idem
584 2391 780 2444 exprimi-

41 2457 114 2489 tur
146 2450 275 2488 altero
303 2449 506 2488 membro:
556 2464 605 2487 ne
637 2450 775 2499 luxus,

41 2504 255 2547 luxurians
269 2507 484 2561 pinguedo,
514 2506 673 2546 oblimet
690 2509 779 2546 sul-

43 2581 110 2605 cos
139 2568 274 2605 inertis
298 2596 309 2616 ‚
361 2565 402 2605 h.
441 2579 493 2604 ne
530 2579 599 2604 eae
642 2572 778 2618 partes

45 2622 194 2678 (sulcos
213 2624 351 2662 eadem
376 2623 617 2677 metaphora
638 2624 777 2677 appel·—

42 2683 102 2721 lat
119 2713 131 2732 ,
181 2696 284 2734 qua,
332 2682 554 2722 secundum
602 2678 777 2721 Graecos

44 2737 259 2794 (αὔλακας.
282 2741 388 2780 conf.
408 2741 461 2779 ad
473 2741 613 2793 Eurip.
625 2740 775 2780 Phoen.

46 2798 142 2852 18),
179 2798 261 2836 iam
288 2799 499 2838 Lucretius
537 2805 623 2837 erat
666 2813 776 2850 usus,

0 2876 13 2902 μ
42 2862 93 2895 ut
112 2870 258 2894 arvum
274 2862 315 2895 et
331 2857 410 2895 alia
435 2856 647 2912 dicuntur)
672 2858 778 2896 obli-

42 2920 176 2954 matae
210 2914 312 2964 sint,
352 2913 395 2953 h.
424 2914 643 2965 obductae,
681 2917 775 2968 pin-

43 2972 216 3025 guedine
239 2971 502 3023 interclusae3
541 2973 612 3012 sed
631 2980 680 3012 ut
705 2988 776 3012 ce·-

43 3030 183 3070 leriter
204 3030 436 3083 concipiant
462 3031 676 3083 genitalem
700 3046 776 3071 au-

1203 1399 1272 1435 140
1294 1397 1465 1444 gravidis
1482 1408 1570 1430 unus

835 1567 936 1593 ram.
1003 1553 1116 1592 Haec
1149 1552 1295 1591 ultima
1333 1566 1374 1591 v.
1407 1555 1490 1594 137
1519 1565 1571 1591 ex

834 1612 997 1651 Lucret.
1030 1611 1096 1662 IV,
1120 1613 1243 1652 1203.
1267 1609 1379 1653 1204
1402 1623 1571 1662 expres-

837 1670 911 1720 sit,
954 1675 997 1708 at
1029 1675 1071 1708 et
1100 1668 1248 1708 castius
1282 1674 1322 1707 et
1348 1668 1569 1707 venustius.

836 1728 1013 1768 Praeivit
1031 1728 1110 1767 iam
1123 1727 1392 1780 Hippocrates
1409 1726 1459 1765 de
1479 1739 1570 1765 aere

839 1793 881 1825 et
909 1786 1007 1825 locis
1036 1800 1070 1826 c.
1099 1789 1152 1828 10
1181 1791 1287 1824 extr.
1321 1785 1371 1823 de
1393 1784 1571 1838 Scytha-

836 1859 930 1885 rum
952 1844 1199 1884 mulieribus.
1229 1842 1322 1882 Alio
1338 1855 1458 1882 sensu
1483 1844 1532 1883 V
1524 1858 1570 1881 e-

835 1918 968 1942 nerem
986 1918 1128 1955 rapere
1151 1902 1262 1956 apud
1276 1901 1421 1940 Horat.
1442 1903 1569 1940 Serm.

835 1962 865 2012 I,
889 1965 930 2011 3,
954 1964 1034 2003 109
1064 1963 1258 2001 Venerem
1287 1962 1481 1998 incertam
1497 1974 1569 1998 ra-

831 2022 988 2071 pientes
1022 2034 1129 2058 more
1154 2019 1347 2071 serarum
1359 2049 1371 2068 ,
1416 2031 1570 2056 concu—

834 2078 968 2116 bitum
1014 2078 1099 2115 sine
1144 2076 1404 2115 matrimonio
1445 2089 1569 2128 appe—

831 2142 977 2174 tentes.

896 2197 1157 2247 138—15‘6.
1195 2202 1433 2241 Admissus-a
1460 2203 1569 2241 facta

836 2262 1062 2302 admissarii
1092 2261 1371 2314 neghguntur,
1411 2266 1453 2299 et
1478 2267 1569 2299 tota

837 2336 935 2361 cura
952 2321 997 2359 in
1018 2326 1168 2359 matres
1186 2319 1375 2372 gravidas
1394 2332 1569 2359 conver·-

835 2381 953 2420 titur.

898 2452 993 2491 139.
1017 2449 1118 2486 Cum
1133 2446 1288 2485 vicinae
1302 2447 1441 2500 partui
1460 2451 1567 2496 sunt,

837 2510 990 2546 exactis
1025 2505 1229 2558 gravidae
1266 2504 1467 2543 mensibus
1504 2519 1568 2542 er-

834 2574 942 2604 rant.
975 2565 1058 2604 vid.
1089 2564 1219 2602 Varro
1243 2563 1303 2613 11,
1332 2566 1380 2613 7,
1406 2566 1472 2605 10.
1501 2561 1566 2603 14.

834 2630 873 2662 et
907 2624 1054 2674 reliqui
1094 2622 1143 2660 de
1181 2622 1230 2660 R.
1258 2622 1308 2660 R.
1340 2621 1567 2673 scriptores.

838 2681 931 2724 140.
961 2681 1127 2733 Proprie
1149 2680 1330 2732 plaustra
1358 2679 1568 2718 ducuntur

834 2755 857 2778 a
874 2740 1004 2779 bobus
1034 2739 1127 2792 iugo
1147 2738 1308 2777 iunctis.
1368 2737 1447 2776 Sed
1466 2749 1567 2789 poe-

835 2799 916 2837 tica
960 2798 1066 2837 ratio
1116 2797 1327 2849 vulgarem
1384 2794 1564 2833 invertit.

836 2858 1095 2908 Quamquam
1128 2868 1225 2894 vero
1266 2854 1374 2893 idem
1398 2864 1566 2904 praece-

833 2923 952 2965 ptum
981 2915 1034 2953 ad
1061 2927 1230 2966 equam,
1272 2910 1473 2963 quadrigis
1494 2921 1567 2947 seu

832 2975 932 3026 bigis
950 2972 1212 3024 iungendam,
1242 2969 1438 3021 pertinet,
1470 2980 1566 3005 ora-

832 3033 985 3071 tionem
1015 3037 1151 3069 tamen
1176 3034 1318 3081 poeta,
1351 3031 1398 3065 ut
1419 3025 1563 3075 variet,
