1734 3320
168 219 271 267 670

512 215 567 265 Ρ.
606 214 959 268 VIRGILII
994 217 1366 270 MARONIS

168 345 355 406 Quum
373 343 602 392 Proteus
623 351 880 393 consueta
899 353 1093 411 petens
1117 362 1147 397 e
1163 344 1417 398 fluctibus
1441 355 1589 400 antra

165 413 307 475 Ibat3
348 428 477 462 eum
498 412 632 463 vasti
656 413 859 463 circum
877 429 1010 480 gens
1032 415 1260 467 humida
1279 419 1438 486 ponti

1607 423 1713 474 430

165 482 445 535 Exsultans
469 500 657 534 rorem
678 483 784 534 late
808 483 1060 553 dispersit
1083 505 1342 542 amarum.

168 557 433 605 Sternunt
456 571 514 604 se
537 571 734 604 somno
764 554 1003 607 diversae
1027 557 1083 607 in
1107 558 1268 610 litore
1289 559 1516 628 phocae.

164 628 314 692 Ipse,
350 624 499 676 velut
517 625 709 675 stabuli
732 635 911 676 custos
932 627 988 677 in
1009 630 1292 680 montibus
1323 630 1483 697 olim,

164 698 377 763 Vesper
397 696 491 746 ubi
515 713 544 746 e
568 705 724 763 pastu
745 696 942 747 vitulos
966 698 1035 748 ad
1055 708 1196 750 tecta
1219 699 1456 767 reducit,

164 766 485 834 Auditisque
515 766 676 834 lupos
701 777 899 818 acuunt
923 768 1189 820 balatibus
1212 772 1357 838 agni,

167 837 415 890 Considit
436 837 663 905 scopulo
684 838 925 905 mediuS‚

211 956 282 993 429
310 964 452 1004 patens
468 940 586 992 Goth.
614 969 686 991 sec.

172 1006 228 1039 W
222 1004 267 1047 ν.)

1606 774 1712 825 435

964 857 1374 911 numerumque
1395 852 1657 897 recenset.

781 956 854 994 430
877 960 978 993 circa
1007 959 1099 994 alter
1122 961 1253 995 Moret.
1279 962 1438 1010 (circum
1465 962 1568 997 vasti
1579 962 1710 997 Medic.

362 1003 432 1040 431
459 1005 636 1050 dispersit
661 1003 785 1039 Heins.
812 1018 832 1040 e
857 1005 1031 1041 librorum
1058 1020 1244 1043 consensu.
1292 1009 1350 1044 Sic
1376 1017 1412 1044 et
1436 1009 1530 1044 Pier.
1553 1016 1590 1044 et
1609 1011 1711 1045 Mar-

164 1052 228 1086 tin.
248 1050 344 1086 libri.
395 1052 579 1099 despersit
595 1064 650 1097 pr.
672 1053 845 1087 Rottend.
896 1055 1080 1103 dispergit
1099 1056 1219 1102 vulgg.
1240 1056 1320 1092 edd.
1343 1064 1379 1092 et
1397 1063 1471 1092 tres
1490 1057 1595 1092 codd.
1614 1058 1712 1103 apud

163 1098 286 1133 Heins.
346 1100 485 1133 Tuetur
519 1106 638 1133 tamen
670 1100 741 1135 hoc
774 1101 905 1136 Medic.
934 1109 971 1136 et
1006 1104 1198 1138 Romanus.
1255 1105 1459 1152 (dispergit
1487 1105 1712 1142 commendat

163 1146 327 1188 Iahnius;
351 1152 387 1180 et
405 1146 455 1181 sic
474 1147 570 1192 apud
585 1149 613 1181 F
616 1147 736 1193 oggin.
757 1157 950 1193 exaratum,
976 1163 1185 1197 quamquam
1205 1152 1385 1195 Heinsius,
1419 1165 1463 1187 ex
1480 1153 1620 1199 Menag.
1639 1164 1709 1187 uno

165 1201 202 1228 et
222 1194 362 1228 duobus
381 1195 578 1229 Moretanis
601 1196 785 1243 dispergit
804 1203 971 1239 motans,
1002 1198 1038 1232 in
1069 1198 1150 1244 ipso
1172 1199 1338 1234 Mediceo
1361 1200 1539 1248 dispersit
1566 1201 1711 1235 videtur

163 1241 363 1283 invenisse3
390 1242 574 1290 dispergit
593 1249 711 1276 tamen
732 1256 773 1277 ex
796 1244 877 1290 ipso
903 1245 1027 1280 codice
1051 1247 1211 1281 enotavit
1238 1247 1459 1294 Freytagius.
1509 1248 1582 1283 Sed
1603 1260 1710 1295 quum

162 1289 253 1324 haec
283 1289 379 1323 inter
403 1301 442 1323 se
470 1290 540 1324 sint
567 1291 825 1326 diversissima:
870 1306 992 1327 rorem
1018 1294 1096 1328 late
1125 1295 1323 1343 dispersit,
1359 1307 1449 1341 quae
1474 1295 1709 1339 alacritatem,

163 1344 201 1371 et
230 1346 407 1372 sternunt
434 1350 475 1372 se
502 1351 650 1381 somno,
676 1351 766 1385 quae
798 1339 933 1374 animos
961 1342 1031 1375 iam
1056 1342 1102 1376 ad
1120 1342 1275 1388 quietem
1298 1342 1518 1390 compositos
1535 1343 1709 1387 indicant,

163 1384 312 1419 diversis
353 1385 460 1419 etiam
494 1386 735 1431 Temporibus
774 1387 1003 1433 exprimenda
1044 1397 1153 1424 erant.
1209 1390 1318 1435 Wr.)
1429 1390 1502 1428 432
1535 1392 1710 1426 diversae

161 1433 284 1466 Heins.
304 1432 460 1478 plurium
478 1440 514 1467 et
529 1434 717 1468 meliorum
745 1436 958 1470 auctoritate
970 1463 979 1479 ‚
1010 1437 1107 1483 quod
1133 1437 1265 1472 dudum
1290 1439 1447 1483 Nauger.
1464 1438 1503 1473 in
1522 1439 1604 1474 Ald.
1621 1445 1708 1474 tert.

161 1480 343 1515 intulerat.
391 1481 494 1515 Adde
523 1481 632 1516 Pierii
663 1489 698 1516 et
723 1483 869 1517 Martini
899 1483 1024 1518 libros.
1076 1485 1226 1520 diverso
1259 1486 1321 1520 alii
1352 1498 1429 1520 cum
1466 1486 1583 1533 vulgg.
1624 1486 1707 1521 edd.

162 1530 202 1563 in
220 1529 323 1563 abest
343 1529 387 1562 ab
404 1529 489 1563 edit.
509 1530 639 1564 Venet.
660 1531 878 1565 Burmannus
895 1531 1019 1566 laudat
1035 1533 1082 1566 ad
1099 1533 1202 1568 Ovid.
1219 1533 1335 1579 Epist.
1351 1534 1434 1576 XII,
1460 1534 1540 1571 145.
1635 1533 1708 1571 433

161 1577 201 1611 in
229 1575 416 1611 montibus
445 1577 535 1611 altis
558 1577 706 1612 Vratisl.
811 1578 883 1615 434
916 1580 1061 1614 vitulas
1086 1580 1213 1626 fragm.
1241 1582 1373 1616 Moret.
1421 1583 1462 1616 in
1486 1590 1588 1616 tecta
1614 1583 1707 1618 Ven.

160 1623 327 1658 Parrhas.
381 1626 436 1670 (at
463 1633 570 1659 tenta
598 1626 676 1659 red.
702 1625 832 1660 Medic.
857 1639 878 1661 a
895 1640 941 1661 m.
969 1640 1024 1673 pr.
1067 1629 1179 1673 Wr.)
1236 1629 1388 1663 reduxit
1413 1641 1501 1663 unus
1535 1629 1707 1664 Arundel.

160 1670 231 1707 435
256 1672 483 1719 Auditis-que
508 1684 528 1706 e
550 1674 712 1707 Romano
743 1673 892 1720 aliisque
922 1676 1098 1720 probarat
1114 1675 1272 1718 Pierius;
1306 1676 1555 1712 addicentibus
1574 1677 1706 1712 Medic.

162 1725 200 1753 et
217 1719 343 1765 fragm.
364 1720 507 1763 Mutet„
534 1720 660 1766 quibus
680 1721 773 1755 adde
799 1722 1020 1768 Cantabrig.;
1057 1723 1198 1770 recepit
1225 1724 1348 1759 Heins.
1397 1725 1605 1772 Auditique
1623 1725 1708 1760 vul-

161 1778 208 1812 go
221 1793 230 1809 ,
253 1779 375 1801 verum
394 1769 430 1801 et
447 1779 514 1814 pro
537 1767 608 1802 hoc
627 1769 783 1814 Nauger.
802 1769 872 1804 iam
891 1770 1042 1806 meliora
1059 1771 1211 1806 dederat
1228 1772 1308 1806 Ald.
1326 1779 1410 1806 tert.
1507 1771 1580 1808 436
1607 1775 1706 1808 Con-

162 1814 252 1848 sidit
278 1814 403 1849 Heins.
429 1821 515 1861 post
543 1816 646 1849 Rom.
677 1823 715 1850 et
742 1818 874 1852 Medic.
904 1831 923 1852 a
953 1831 998 1853 m.
1023 1831 1114 1861 sec.,
1147 1820 1244 1866 quod
1264 1819 1461 1865 Fogginius
1491 1826 1611 1854 tamen
1633 1831 1706 1854 non

160 1861 319 1903 notavit3
355 1863 400 1908 (,‚
411 1862 579 1897 consedit
595 1863 741 1908 antiqua
762 1877 906 1908 manus,
939 1866 1003 1899 sed
1030 1873 1183 1901 correct.
1198 1866 1236 1900 in
1255 1868 1470 1909 considit;“
1502 1867 1594 1902 haec
1612 1867 1706 1902 scri-

162 1908 215 1942 bit
235 1911 405 1955 Freytag.
435 1910 531 1955 Wr.)
567 1910 654 1944 item
679 1912 819 1946 Bodlei.
843 1919 880 1946 et
912 1913 1080 1954 Cantab.;
1116 1920 1153 1947 at
1184 1915 1272 1959 Reg.
1303 1915 1535 1949 Conscendit.
1584 1915 1705 1961 Vulgo

162 1967 284 1991 omnes
317 1958 501 1991 Consedit.
532 1957 604 1991 vid.
635 1958 758 1992 Heins.
779 1959 816 1994 h.
848 1960 872 1994 l.
902 1960 976 1994 Ecl.
1005 1963 1050 2004 V,
1076 1962 1110 1997 3.
1138 1962 1216 2004 VII,
1251 1963 1284 1998 1.
1310 1964 1397 1997 Aen.
1424 1963 1452 2005 I,
1480 1963 1564 1998 719.
1601 1963 1705 1998 ovid.

160 2005 248 2039 Met.
274 2006 372 2047 XIII,
396 2006 478 2041 780.
505 2005 610 2050 (bene
629 2007 808 2050 considit,
833 2008 941 2042 modo
962 2020 1007 2042 ne
1025 2009 1224 2043 Perfectum
1244 2021 1322 2044 esse
1342 2016 1471 2055 putes;
1504 2010 1576 2044 vid.
1598 2012 1644 2046 V.
1661 2011 1704 2046 1..

160 2052 235 2087 Ecl.
257 2054 333 2095 VII,
362 2054 392 2088 1.
425 2053 521 2097 Wr.)
571 2055 732 2088 recensit
749 2055 840 2090 Gud.
861 2067 883 2090 a
899 2067 945 2090 m.
955 2068 1010 2102 pr.
1038 2062 1075 2090 et
1091 2057 1258 2102 Longob.
1306 2058 1482 2092 recensiit
1499 2057 1657 2104 Giphan.
1684 2070 1705 2092 e

160 2105 232 2134 vet.
253 2100 333 2135 cod.
352 2100 429 2135 Ind.
449 2100 593 2134 Lucret.
612 2114 647 2148 p.
670 2100 765 2138 458.·

160 2203 309 2237 suerat.
378 2195 478 2240 428.
519 2200 637 2237 siccis
669 2198 875 2251 saucibus
888 2230 899 2250 ,

160 2255 297 2295 alveis.
358 2257 507 2296 Ornati
530 2271 686 2297 versus.
708 2259 757 2298 cf.
778 2258 902 2300 Ovid.

158 2313 254 2354 Met.
271 2314 322 2364 II,
347 2318 445 2358 262.
460 2318 545 2358 263
569 2322 609 2355 et
631 2319 729 2359 269.
770 2317 902 2356 Etiam

159 2371 258 2416 430.
276 2372 358 2416 431
380 2374 513 2413 multo
534 2375 757 2427 ornatiora,
777 2390 901 2428 quam

158 2431 328 2471 Homeri
367 2433 393 2472 l.
427 2433 454 2472 l.
481 2432 566 2477 448
602 2436 749 2476 Φῶκαι
775 2430 817 2477 δ’
858 2435 902 2486 ἐξ

159 2488 255 2540 ἁλὸς
274 2486 412 2545 ἦλθον
432 2487 605 2541 οἷολλὲες.
634 2508 762 2532 rorem
781 2508 902 2533 ama-

157 2564 270 2599 rum,
301 2555 350 2588 ut
368 2548 520 2604 πικράν
548 2548 647 2600 ἇλός
666 2547 805 2606 ὀδμήν
824 2552 901 2600 ‚ille

159 2606 320 2646 dixerat
347 2622 387 2648 v.
412 2608 523 2660 4063
561 2609 723 2650 diverso
760 2618 900 2650 tamen

156 2666 293 2706 modo.
354 2666 453 2709 432.
484 2668 692 2718 diversae,
734 2669 777 2708 in
795 2684 898 2724 pro-

158 2739 222 2775 sa,
255 2725 426 2764 diversis
446 2726 544 2765 locis
556 2757 567 2776 ,
597 2728 794 2779 partibus.
811 2728 896 2769 vid.

155 2798 217 2824 VS.
247 2786 345 2827 367.
396 2782 504 2839 (Liv.
539 2785 633 2835 VII,
667 2790 757 2829 36.;
797 2802 896 2838 „su-

155 2843 429 2896 perscandens
488 2843 660 2896 vigilum
720 2860 738 2883 s
749 2851 769 2884 t
778 2859 802 2884 r
812 2859 835 2883 a
847 2852 867 2884 t
875 2860 898 2883 a

156 2916 175 2940 s
186 2917 209 2941 ο
219 2917 260 2941 m
272 2916 300 2941 n
313 2916 336 2942 o
368 2917 543 2956 corpora
558 2903 684 2943 miles.
697 2905 723 2926 “
752 2905 898 2954 „Stra-

156 2969 201 3000 ta
221 2975 387 3012 somno,
418 2960 459 3001 h.
489 2975 523 3002 e.
554 2963 686 3002 somni
711 2962 898 3016 capiendi

156 3033 276 3059 causa
285 3026 416 3060 strata
422 3035 434 3072 3
454 3035 594 3061 somno
612 3027 675 3062 est
689 3035 804 3061 casus
816 3027 899 3061 ter-

961 2200 1053 2241 tius.
1065 2201 1175 2254 Virg.
1188 2201 1259 2241 Ge.
1269 2201 1337 2253 IV,
1349 2199 1448 2246 432.
1460 2219 1470 2243 ε
1486 2203 1704 2254 „Stemma

960 2275 1003 2298 se
1032 2262 1209 2299 somno“
1238 2266 1315 2300 etc.
1352 2260 1437 2302 Liv.
1479 2262 1702 2314 XXXVII,

960 2321 1048 2361 20.:
1079 2319 1204 2370 „Pars
1223 2325 1430 2360 vescentes
1446 2321 1526 2372 suh
1541 2321 1702 2372 umbra,

961 2377 1126 2429 quidam
1146 2392 1324 2418 somno
1347 2379 1469 2419 etiam
1492 2380 1701 2420 strati.“

959 2435 1071 2475 Haec
1093 2437 1280 2491 Doering.
1298 2437 1351 2476 ad
1371 2437 1456 2479 Liv.
1475 2438 1503 2478 1.
1522 2438 1550 2478 l.
1585 2440 1659 2480 W
1650 2437 1701 2493 r.)

959 2492 1045 2537 433
1061 2518 1122 2526 —·
1144 2495 1243 2539 436.
1283 2496 1418 2536 Etiam
1447 2496 1550 2537 haec
1575 2511 1703 2537 orna-

958 2553 1077 2604 tiora,
1096 2568 1219 2607 quam
1239 2554 1434 2609 Odyssd,
1452 2554 1535 2598 411
1548 2558 1702 2600 -413

956 2618 998 2651 et
1017 2611 1118 2656 450.
1137 2612 1237 2657 451.
1293 2615 1449 2667 Vesper
1461 2614 1615 2653 reduc-it
1632 2616 1700 2653 νί-

956 2671 1083 2722 tulos,
1130 2672 1359 2726 poeticum,
1409 2686 1509 2726 pro,
1558 2678 1700 2726 pastor

954 2729 1121 2769 reducit
1151 2731 1333 2783 vesperi,
1377 2737 1427 2770 ut
1461 2730 1507 2770 in
1543 2731 1701 2784 Eclogis

957 2793 999 2827 et
1040 2788 1147 2828 alibi.
1217 2789 1356 2838 Quam
1403 2796 1549 2829 ornate
1594 2789 1701 2830 illud

955 2860 996 2886 v.
1029 2845 1115 2891 435
1143 2848 1375 2900 expressit:
1412 2848 1574 2888 reducit
1602 2861 1700 2889 oves

955 2905 1152 2945 balantes.
1173 2921 1387 2946 numerum
1403 2916 1588 2958 recenset,
1600 2922 1700 2962 πεμ-

956 2959 1124 3013 πάζεται
1151 2964 1341 3018 Homer„
1371 2978 1424 3005 ex
1453 2965 1587 3020 prisca
1614 2966 1699 3006 vita

955 3023 1088 3076 petito
1126 3024 1256 3065 verbo
1272 3054 1284 3075 ,
1331 3030 1379 3066 ut
1407 3030 1698 3066 numeraretur
