1734 3320
286 207 787 265 GEoRGmON'
806 204 953 263 ΜΒ.
984 211 1061 276 11,
1097 216 1320 268 33—47

1463 215 1568 271 399

42 343 93 395 Ο
114 340 301 404 decus»,
338 355 373 390 o
399 337 576 390 famae
599 338 797 389 merito
816 354 938 406 pars
956 351 1207 390 maxuma
1229 349 1461 408 nostrae,
1497 347 1568 398 40

38 417 345 476 MaecenaS,
380 409 683 477 pelagoque
702 408 887 459 volans
913 407 980 459 da
1002 409 1118 459 vela
1139 412 1358 477 patenti.

38 487 165 536 Non
192 496 293 546 ego
321 489 511 530 cuncta
533 480 670 530 meis
689 478 937 546 amplecti
956 479 1199 530 versibus
1220 489 1381 548 opt03

39 555 192 617 Non,
226 549 362 601 mihi
395 550 437 600 si
467 549 681 616 linguae
701 558 920 600 centum
940 550 1068 613 sint,
1107 566 1310 618 oraque
1333 560 1569 617 centum,

39 626 237 674 Ferrea
256 637 380 683 vox;
417 619 571 685 adeS‚
611 628 664 670 et
684 620 846 687 primi
869 619 989 685 lege
1009 619 1179 671 litoris
1206 637 1385 684 oram;

41 696 106 745 In
122 690 371 742 manibus
390 698 590 753 terrae3
626 706 741 740 non
764 689 854 741 hic
871 699 927 741 te
950 691 1187 741 carmine
1212 689 1360 757 fictO‚

1501 693 1571 744 45

40 765 219 831 Atque
239 778 342 830 per
359 760 610 826 ambages
636 770 690 811 et
709 760 870 827 longa
894 777 1077 811 exorsa
1096 761 1314 813 tenebo,

114 835 323 901 Sponte
343 848 436 881 sua
457 848 594 899 quae
617 847 674 882 se
695 830 894 882 tollunt
915 832 971 882 in
996 831 1214 882 luminis
1236 847 1372 897 oraS‚

113 917 197 967 46.
230 927 465 979 EXORSA,

88 1017 139 1055 40
164 1022 196 1053 0
221 1020 370 1066 patriae
391 1018 526 1052 Mox-eti
545 1030 616 1052 sec.
639 1030 662 1052 a
678 1030 724 1052 m.
746 1030 802 1064 pr.
850 1021 882 1052 0
907 1018 1003 1053 dena
1023 1023 1062 1053 et
1079 1029 1177 1066 pate
1202 1019 1363 1053 maxima
1386 1019 1512 1053 nostri
1533 1016 1574 1051 in

44 1066 150 1101 codd.
171 1066 307 1112 aliquot
322 1065 432 1100 Pierii
452 1072 490 1099 et
513 1077 535 1100 a
558 1078 603 1099 m.
628 1077 699 1099 sec.
715 1066 788 1099 er.

884 1065 929 1101 41
955 1066 1087 1100 volem
1102 1065 1226 1109 Leid„
1252 1066 1349 1112 quod
1369 1067 1486 1099 Burm.
1506 1077 1574 1099 ve·-

44 1125 122 1148 rnm
138 1125 217 1148 ecee
236 1119 360 1159 putat,
382 1121 488 1159 atque
506 1112 632 1154 etiam,
664 1119 703 1146 ut
721 1124 813 1146 nunc
831 1112 937 1147 video
951 1139 961 1155 ,
985 1112 1171 1154 Rei-skins,
1204 1119 1242 1147 et
1266 1113 1406 1159 recepit
1426 1112 1572 1148 Wakef.

46 1161 170 1207 (etim
191 1162 298 1196 Voss.
327 1160 424 1205 Wr.)
457 1160 551 1194 conf.
572 1159 696 1193 Heius.
722 1160 769 1194 ad
788 1163 875 1194 Aen.
895 1161 940 1202 V,
963 1161 1046 1197 219.
1079 1159 1180 1194 Ovid.
1194 1161 1283 1194 Met.
1298 1162 1344 1204 11,
1364 1161 1444 1196 128.
1480 1171 1573 1205 pro-

44 1208 142 1243 babo
164 1215 202 1243 et
223 1206 323 1253 ipse,
355 1207 386 1241 si
405 1206 545 1241 codices
572 1206 798 1241 accesserint.
845 1208 949 1242 Nunc
973 1214 1090 1241 tamen
1109 1207 1213 1241 video
1235 1219 1302 1241 nec
1323 1208 1473 1242 alterum
1489 1206 1573 1241 ine-

71 1262 146 1290 tnm
164 1267 255 1290 eece.
301 1254 421 1289 Poet'n
447 1265 513 1288 nec
534 1254 648 1288 minus
670 1254 831 1288 sollenne
851 1262 903 1288 est
928 1255 1059 1289 volare
1079 1254 1126 1288 de
1149 1253 1309 1289 navibus.
1356 1254 1518 1295 Scilicet,
1541 1253 1574 1287 εἰ

44 1268 106 1337 tic
126 1301 259 1338 volens
280 1301 474 1336 communis
491 1301 601 1336 lectio
622 1302 768 1344 fnisset,
800 1309 873 1335 tum
890 1301 1016 1347 aliquis
1033 1301 1168 1336 volans
1187 1301 1350 1347 elegante
1367 1301 1576 1336 coniectura

47 1349 279 1385 emendasset.
314 1350 365 1383 Ita
383 1349 476 1383 enim
492 1349 570 1382 fere
588 1360 665 1383 mos
683 1348 839 1382 virorum
855 1349 1039 1382 doctorum
1055 1348 1153 1382 ferre
1168 1348 1270 1383 solet.
1301 1350 1448 1396 petenti
1462 1347 1573 1383 Goth.

45 1409 145 1490 ξῖιοᾶ
170 1455 238 1478 nec
264 1443 334 1477 ubi
352 1443 553 1489 proposuit.

194 1394 244 1432 42
268 1404 355 1451 opto
370 1408 443 1430 non
461 1403 514 1430 est
530 1396 758 1437 tentandum5
790 1395 912 1441 quidni
934 1396 1031 1430 dicat
1048 1407 1088 1429 ze
1106 1407 1153 1429 ne
1174 1407 1305 1441 cupere
1325 1396 1468 1442 quidem
1488 1395 1572 1437 hoc,

647 1442 696 1478 43
720 1456 833 1478 orave
852 1443 988 1477 Zulich.

1081 1442 1141 1479 43.
1165 1442 1213 1478 44
1236 1444 1463 1488 Repetuntm·
1486 1446 1574 1477 Aen.

47 1492 109 1533 vl,
126 1491 208 1527 625.
226 1491 308 1527 δῦ.
340 1494 470 1526 Aenea
487 1503 561 1525 vox
576 1489 694 1524 inutili
710 1490 959 1524 emendatione
978 1489 1163 1537 reponitur
1179 1501 1223 1523 ex
1233 1489 1443 1525 Homericis.
1475 1491 1575 1533 Erat,

46 1545 159 1584 puto,
188 1544 320 1583 poetae
345 1537 497 1572 liberum
510 1563 521 1580 ‚
553 1537 759 1572 alterutrum
783 1549 931 1583 ponere.
963 1537 1056 1572 conf.
1073 1538 1189 1572 Bnrm.
1238 1538 1326 1571 Mox
1346 1538 1486 1572 littoris
1499 1549 1575 1571 un—

50 1585 135 1619 dam
161 1585 218 1619 ed.
236 1586 327 1619 lunt.
369 1587 528 1639 primum
547 1584 679 1630 Regius
698 1584 853 1619 Martini.

945 1584 994 1621 47
1017 1596 1155 1627 auras,
1188 1585 1284 1632 quod
1307 1584 1391 1619 inde
1411 1585 1457 1619 ab
1480 1583 1575 1619 Aldo

50 1633 87 1666 in
108 1632 190 1667 edd.
206 1632 446 1678 superionbus
475 1638 552 1666 erat
563 1659 573 1675 ,
605 1644 627 1665 a
646 1632 840 1666 Pulmanno
859 1632 895 1666 in
919 1644 1008 1667 oras
1025 1637 1216 1675 mutatum,
1249 1631 1377 1666 iterum
1395 1630 1577 1666 revocavit

49 1679 172 1713 Heim.
219 1679 279 1714 Sic
294 1679 426 1714 Medic.
444 1691 467 1714 a
484 1691 554 1714 sec.
573 1692 620 1713 m.
637 1691 715 1713 cum
739 1678 922 1723 Gudiano,
954 1686 991 1714 et
1013 1678 1127 1714 ceteri
1151 1679 1198 1713 ad
1219 1691 1325 1713 unum
1349 1690 1483 1714 omnes.
1529 1680 1577 1713 At

48 1781 187 1815 mento
205 1775 301 1814 libri
320 1774 374 1814 ad
395 1775 479 1814 eius
497 1775 788 1828 pertractatio-

49 1847 144 1873 nem
157 1833 435 1873 Maecenatem
451 1833 618 1872 invocat
627 1849 638 1885 ;
673 1846 787 1872 com-

49 1892 233 1933 mediore
267 1892 380 1942 loco,
420 1905 542 1944 quam
578 1892 612 1930 si
646 1891 785 1944 paullo

51 1956 146 1990 ante
165 1964 207 1990 v.
219 1950 350 1994 5—9
368 1949 529 1989 Baccho
550 1949 787 1989 subiunxis-

51 2014 115 2048 set
146 2009 356 2062 privatum
393 2007 612 2048 hominem.
680 2007 786 2047 Nam

52 2067 262 2106 Caesarem
279 2072 391 2105 recte
409 2066 553 2106 ultimo
572 2072 668 2119 post
689 2066 787 2104 deos

51 2125 143 2164 loco
166 2124 344 2178 ponebat
359 2125 429 2164 Ge.
456 2125 487 2174 1,
507 2122 658 2176 24sqq.
692 2125 787 2163 De-

53 2197 206 2222 cunem
225 2189 338 2222 recte
356 2182 523 2234 quidem
542 2182 595 2221 ad
611 2181 788 2221 stadium

55 2247 128 2280 aut
144 2241 299 2280 circum
313 2241 491 2280 refertur
500 2255 511 2291 ;
531 2240 603 2279 sed
618 2245 790 2293 propter

55 2313 96 2338 v.
117 2297 171 2341 41
202 2313 226 2337 a
245 2312 370 2339 cursu
396 2298 663 2350 navigationis
680 2298 790 2351 peti—

53 2363 146 2396 tum
163 2357 298 2396 videri
320 2357 458 2397 debet:
497 2357 609 2409 quod
628 2357 791 2395 Ruaeus

55 2415 228 2456 monuit.
285 2414 355 2458 40.
381 2415 600 2454 Maximam
618 2427 713 2454 suae
727 2415 792 2453 sa·-

56 2486 147 2512 mae
174 2480 216 2513 et
241 2474 392 2526 gloriae
420 2479 579 2527 partem
611 2486 658 2512 eo
689 2486 792 2511 con-

56 2531 180 2571 tineri
198 2532 268 2581 ait,
299 2532 412 2584 quod
428 2531 668 2571 Maecenatis
688 2531 792 2569 ami-

59 2589 154 2627 citia
169 2596 325 2629 utatur.
384 2588 453 2633 41.
483 2590 540 2629 da
567 2591 672 2628 vela.
700 2589 795 2628 fave

60 2647 234 2687 canenti.
275 2648 577 2688 Tractafionem
602 2647 795 2686 materiae

59 2705 297 2758 plerumque
316 2707 582 2760 navigationis
611 2705 794 2745 formulis

61 2762 299 2815 exprimunt
313 2771 469 2817 poetae.
528 2764 680 2803 Similia
708 2763 793 2803 vid.

62 2820 172 2873 apud
209 2821 391 2861 Gerdam.
457 2821 526 2864 43.
563 2823 666 2861 Item
693 2821 792 2860 Aen.

61 2878 129 2928 VI⁷
151 2878 234 2921 625
255 2891 312 2930 sq.
351 2892 403 2918 ex
429 2879 542 2919 Iliad„
562 2881 601 2933 β,
626 2879 712 2922 488
733 2893 791 2931 sq·

61 2936 147 2976 Iam
177 2936 228 2975 ab
256 2936 401 2975 Hostio
430 2944 549 2989 poeta
573 2938 698 2976 latine
716 2950 791 2976 ex-

62 3007 201 3048 pressa
230 3001 349 3034 erant
388 2994 623 3034 Homerica:
675 2995 789 3034 cuius

843 1789 990 1815 versus
1039 1774 1151 1828 apud
1196 1774 1448 1814 Macrobium
1490 1775 1575 1813 Sat.

844 1834 911 1883 Vl,
930 1836 956 1875 3
978 1840 1092 1872 sunt:
1122 1834 1223 1872 Non
1240 1835 1278 1872 εἰ
1292 1834 1577 1885 milzilinguae

847 1892 1014 1931 Centum
1043 1899 1164 1943 atque
1190 1906 1263 1930 ora
1274 1891 1385 1941 fient
1412 1890 1578 1930 totidem

842 1964 1040 2002 vocesque
1057 1949 1254 2002 liquatae.
1316 1948 1387 1992 44.
1410 1950 1578 1989 Summa

842 2014 1007 2047 tantum
1031 2020 1172 2047 rerum
1205 2007 1338 2060 capita
1365 2019 1409 2046 se
1430 2007 1579 2047 leviter

841 2066 1157 2120 perstricturum
1178 2078 1270 2106 esse
1284 2065 1501 2118 significan
1530 2077 1579 2103 ea

844 2124 1020 2174 scilicet,
1070 2135 1175 2176 quae
1213 2123 1387 2163 tractari
1420 2124 1580 2176 poetice

846 2182 1064 2234 ornarique
1104 2187 1289 2235 possunt.
1355 2180 1448 2221 Hoc
1479 2181 1580 2221 dicit

848 2241 959 2279 liam
982 2239 1134 2292 legere,
1171 2239 1335 2290 radere,
1374 2246 1425 2279 ut
1452 2247 1580 2278 terrae

847 2301 892 2337 in
910 2297 1099 2336 manibus
1115 2328 1128 2348 ,
1160 2297 1203 2337 h.
1231 2308 1360 2351 prope
1379 2298 1482 2348 sint,
1511 2297 1580 2337 vi-

848 2356 981 2407 cinae;
1031 2355 1076 2398 ἐν
1113 2354 1251 2410 χερσὶν
1304 2355 1422 2395 simili
1460 2368 1581 2395 sensu

847 2414 1036 2468 Apollon.
1070 2413 1112 2464 Ι,
1142 2416 1278 2465 11135
1319 2427 1402 2453 non
1423 2414 1515 2453 vela
1535 2414 1581 2453 in

849 2473 977 2512 altum
998 2471 1109 2511 dare.
1149 2471 1208 2521 εἰς
1236 2475 1350 2526 χεῖρα
1380 2474 1436 2529 γῇ
1455 2474 1581 2525 συνῆ·

848 2541 940 2583 ψαν
976 2530 1115 2583 Eurip.
1152 2529 1313 2569 Herael.
1345 2528 1445 2573 430.
1485 2544 1581 2569 car-

849 2591 957 2628 mine
963 2589 1094 2637 ficto:
1135 2587 1307 2641 mythici
1332 2594 1403 2627 aut
1428 2587 1582 2627 heroici

852 2646 1090 2700 argumenti,
1124 2646 1196 2685 sed
1215 2645 1415 2696 didacfid,
1444 2646 1489 2685 in
1505 2658 1582 2685 ve-

849 2706 906 2745 ris
923 2705 1046 2745 rebus
1061 2705 1273 2744 versantis.
1304 2702 1450 2758 (longa
1465 2718 1582 2743 exor-

849 2779 919 2814 sa,
948 2764 1116 2816 longum
1134 2777 1248 2816 opus,
1283 2760 1436 2816 Welz.)

908 2820 978 2864 47.
1019 2822 1103 2860 [am
1133 2820 1188 2860 ad
1215 2821 1420 2861 culturam
1458 2818 1581 2857 arbo-

848 2893 944 2918 rum
975 2879 1246 2932 progreditur.
1315 2879 1369 2916 Et
1405 2876 1582 2929 primum

849 2937 1011 2989 quidem
1030 2951 1071 2976 v.
1088 2936 1146 2979 47
1158 2959 1218 2967 —
1233 2938 1287 2978 60
1318 2935 1368 2973 de
1388 2932 1582 2971 emenda-

846 2995 959 3034 fione
988 2995 1183 3034 arborum
1211 2991 1457 3032 silvam-ium
1486 2990 1581 3043 agit,
