1768 3320
424 866 1261 943 PRAEFATIO

176 1019 786 1073 SECUNDAE
867 1020 1511 1076 Eanlole

517 1161 1099 1201 c101occzxxxvn1
1123 1152 1177 1217 ¹⁰¹)

0 1317 31 1364 ἐῢ

7 1362 27 1369 .,

3 1372 28 1391 ae

11 1394 25 1405 'k

66 1421 497 1495 Subiieiendum
529 1456 679 1490 nune
720 1448 802 1491 est
834 1440 1043 1509 pauciS,
1095 1442 1230 1511 quid
1259 1442 1314 1493 in
1345 1459 1487 1495 nova
1514 1443 1617 1495 hac

3 1550 26 1586 Ξ
68 1512 318 1567 editione
359 1510 572 1580 assequi
605 1509 891 1566 voluerim.
974 1511 1163 1564 Primo
1200 1513 1430 1583 quidem
1467 1514 1617 1579 illud,

0 1579 24 1665 ξ
68 1583 223 1658 quod
242 1584 300 1636 in
323 1583 509 1653 priore
527 1582 876 1650 propositum
899 1591 1029 1647 erat,
1066 1582 1296 1635 infixum
1314 1584 1482 1637 habui
1501 1586 1616 1638 ani-

0 1647 28 1714 ἐξ
65 1673 192 1722 m0‚
237 1663 303 1707 ut
349 1654 438 1719 iis,
494 1653 588 1721 qui
630 1651 888 1722 exemplo
925 1653 1108 1705 bonae
1154 1656 1616 1724 interpretationis

68 1726 223 1794 domi
255 1725 683 1778 destituerentur
695 1765 710 1788 ‚
754 1723 1034 1777 traderem
1072 1725 1129 1776 in
1162 1739 1372 1778 manus‘
1390 1736 1616 1800 poetam

8 1811 13 1862 ζ
65 1797 375 1869 principem
400 1812 464 1848 ea
494 1794 967 1849 animadversione
998 1796 1349 1864 instructum,
1394 1816 1501 1868 qua
1512 1841 1527 1866 ‚
1572 1800 1614 1850 si

0 1897 52 1975 ᾆξ’
123 1930 163 1988 *)
194 1930 417 1972 praemissa
447 1933 536 1969 erat
567 1926 794 1968 dedicatio:

7 1985 13 2012 ἱ
340 2000 349 2003 “
518 1987 749 2028 Ernesto
791 1984 1033 2041 Augusto

466 2044 708 2099 Augusto
763 2046 1050 2087 Friderico

522 2103 767 2159 Adolpho
797 2104 1079 2145 friderico

438 2162 495 2204 Μ.
531 2164 733 2204 Britan.
770 2163 925 2218 Regis
973 2163 1101 2219 Aug.

522 2222 706 2263 Soboli
746 2221 1007 2263 Faustiss.

497 2279 624 2322 Iuve
641 2287 710 2321 ut.
747 2281 980 2335 Princip.

243 2339 509 2393 lmmdaque
527 2343 716 2380 animum
723 2340 879 2394 famae
895 2341 1092 2380 venimus
1107 2354 1258 2381 amore.

1069 2396 1170 2439 Aen.
1191 2399 1260 2450 vl,
1278 2401 1377 2443 890.

36 2510 38 2512 ‚
125 2456 307 2497 Caesaris
335 2457 420 2496 alta
450 2456 597 2497 domus
627 2470 749 2509 quem
760 2488 773 2507 ‚
808 2458 957 2497 caesar
987 2464 1030 2497 et
1057 2458 1143 2511 ipse
1154 2489 1166 2509 ,
1195 2458 1407 2513 probavit:

183 2515 319 2566 Quem
348 2521 486 2556 vatem
515 2515 645 2555 coluit
673 2517 853 2556 maxima
882 2517 1014 2556 Roma
1042 2530 1183 2556 suum:

124 2573 251 2614 Cuius
283 2574 470 2615 divinum
500 2588 665 2615 carmen
676 2605 688 2626 ,
719 2588 795 2615 ceu
825 2576 939 2615 sonte
966 2576 1152 2630 perenni,

183 2632 376 2673 Sensibus
403 2634 586 2688 ingenuis
616 2640 784 2687 pectora
809 2640 952 2674 vestra
980 2634 1108 2688 rigat:

119 2692 321 2742 Guelfica
349 2695 566 2746 progenies
595 2692 740 2732 faustis
768 2693 1047 2747 penetralibus
1075 2699 1183 2744 orta,

183 2750 267 2790 Hic
294 2751 421 2792 audet
447 2758 608 2791 vestras
638 2758 774 2791 vester
804 2751 918 2791 adire
947 2752 1080 2803 sore83

126 2808 287 2862 Proque
314 2824 400 2849 uno
429 2810 602 2850 Ascanio
632 2816 774 2850 ternos
802 2810 976 2850 miratus
1004 2810 1129 2861 Iulos,

186 2867 303 2917 Quos
333 2869 437 2909 aluit
465 2869 620 2922 magnis
648 2870 782 2909 insula
812 2870 920 2909 {reta
948 2869 1062 2919 viri&

128 2925 298 2978 Ingemit
327 2933 389 2978 et,
426 2929 596 2967 Vestrae
625 2942 701 2967 cur
725 2943 807 2967 non
836 2930 880 2967 in
909 2937 1094 2980 tempora
1112 2926 1267 2980 famae

196 2984 253 3022 Ut
281 3000 483 3036 ser-«tamt,
517 2986 600 3037 ait,
634 2988 746 3026 Fata
774 2986 916 3027 dedere
944 2986 1078 3026 mihi!
