1768 3320
172 210 174 214 '
215 220 339 256 xmv
648 205 796 255 TIB.
844 204 952 255 CL.
998 201 1318 256 DONATI

219 337 316 376 cisse
328 367 338 387 ,
371 350 450 389 quo
468 350 549 374 non
559 336 837 388 praestantior
856 335 960 373 alter
968 349 985 383 ;
1016 333 1115 372 item
1132 331 1229 371 huic
1241 361 1251 381 ‚
1282 330 1389 370 Aere
1406 332 1509 369 ciere
1530 332 1639 370 viros
1649 361 1662 382 ,
1695 331 1754 372 si-

219 395 305 435 mili
329 394 463 433 calbre
501 400 686 433 actutum
727 392 1005 442 subiunxisse,
1048 393 1310 442 Martemque
1348 389 1566 429 accendere
1601 399 1752 431 cantu:

206 453 439 504 (statimque
461 453 538 492 sibi
557 453 793 505 imperasse,
824 457 874 490 ut
891 456 1112 501 utrumque
1127 447 1328 489 volumini
1347 446 1609 488 adscriberet.

163 505 210 541 5⁰
338 511 446 551 XIII.
473 511 663 550 Bucolica
683 510 955 563 Georgicaque
976 507 1220 547 emendavit.
1279 505 1401 547 Anno
1424 519 1527 547 vero
1546 507 1753 560 quinqua-

162 554 206 589 51
219 571 368 624 gesimo
399 569 598 619 secundo,
627 575 677 608 ut
706 568 893 608 ultimam
924 580 1090 606 manum
1126 564 1295 604 Aeneidi
1318 565 1569 620 imponeret,
1608 565 1756 608 statuit

218 630 263 669 in
280 629 488 668 Graeciam
507 634 546 666 et
561 627 696 666 Asiam
713 627 917 676 secedere,
947 625 1207 678 triennioque
1239 624 1437 664 continuo
1468 637 1630 664 omnem
1654 637 1756 678 ope-

220 702 310 727 ram
340 687 541 726 limationi
567 686 685 737 dare,
724 691 774 724 ut
796 684 952 736 reliqua
973 684 1062 723 vita
1088 690 1252 723 tantum
1274 681 1555 736 philosophiae
1573 682 1754 724 vacaret.

221 746 323 797 Sed,
355 759 448 784 cum
474 758 677 798 aggressus
697 743 796 795 iter,
835 742 1005 782 Athenis
1026 743 1269 782 occurrisset
1285 740 1491 795 Augusto,
1523 741 1574 782 ab
1599 738 1765 782 orie‘nte'

219 805 393 844 Romam
412 803 638 844 revertenti
656 833 667 852 ,
701 816 784 842 una
804 816 896 841 cum
918 802 1086 841 Caesare
1101 801 1236 840 redire
1259 800 1414 840 statuit.
1474 801 1536 840 Ac
1555 815 1650 841 cum
1662 801 1754 840 Me-

219 877 336 916 gara,
376 862 556 902 vicinum
583 860 753 900 Athenis
782 860 1000 914 oppidum,
1040 860 1200 900 visendi
1226 859 1356 912 gratia
1371 865 1551 913 peteret,
1580 859 1754 913 languo-

219 935 306 961 rem
326 927 470 960 nactus
488 926 565 959 est:
602 933 721 972 quem
739 934 823 958 non
838 918 1068 958 intermissa
1085 918 1289 972 navigatio
1311 918 1452 971 auxit,
1482 918 1542 958 ita
1556 924 1627 970 ut,
1658 933 1754 971 gra-

218 980 311 1020 vior
326 979 470 1029 indies,
486 978 650 1017 tandem
664 978 926 1017 Brundisium
949 978 1201 1017 adventarit:
1221 978 1294 1017 ubi
1313 977 1456 1017 diebus
1476 977 1616 1032 paucis
1638 977 1753 1030 obiit,

221 1038 377 1077 decimo
399 1038 486 1077 Kal.
504 1037 670 1076 Octobr.
690 1037 732 1076 C.
757 1036 894 1076 Sentio
907 1067 917 1087 ,
950 1037 1000 1086 Q.
1018 1037 1206 1076 Lucretio
1227 1038 1336 1077 Coss.

163 1102 210 1138 52
334 1097 441 1137 XIV.
479 1096 563 1145 Qui
589 1110 680 1135 cum
712 1095 873 1148 gravari
901 1096 1045 1135 morbo
1068 1109 1152 1134 sese
1176 1096 1367 1147 sentiret,
1400 1094 1546 1135 scrinia
1567 1107 1684 1148 saepe
1710 1099 1754 1134 et

220 1169 364 1207 magna
393 1155 589 1195 instantia
613 1154 779 1207 petivit,
819 1161 1073 1194 crematurus
1108 1154 1310 1194 Aeneida:
1349 1153 1497 1207 quibus
1516 1153 1669 1207 negatis
1685 1159 1753 1193 te-

219 1219 419 1253 stamento
449 1213 632 1252 comburi
664 1213 801 1264 iussit,
842 1219 891 1252 ut
920 1227 1007 1252 rem
1038 1213 1340 1254 inemendatam
1379 1212 1753 1266 imperfectamque.

217 1272 371 1311 Verum
398 1272 531 1311 Tucca
562 1278 603 1310 et
636 1271 782 1311 Varius
810 1278 1079 1323 monuerunt,
1120 1273 1165 1312 id
1184 1272 1412 1327 Augustum
1427 1285 1511 1311 non
1529 1271 1757 1325 permissu·-

162 1343 209 1379 53
220 1345 324 1370 rum.

219 1451 300 1478 suut
330 1448 415 1479 Aen.
440 1447 509 1489 VI,
547 1445 626 1481 164.
654 1444 745 1489 165',
768 1445 831 1479 ubi
857 1446 951 1480 conf.

218 1495 316 1527 Serv.

267 1541 297 1585 §.
316 1539 373 1575 51.
398 1548 543 1573 tantum
557 1540 817 1588 philosophiae
834 1552 953 1574 vaca-

220 1595 289 1621 ret.
344 1587 517 1621 Convenit
545 1599 621 1620 cum
660 1588 839 1622 sententia
869 1600 955 1622 ver-

221 1646 318 1667 suum
336 1634 626 1679 pulcer-rimorum
646 1636 711 1670 Ge.
723 1637 766 1678 II,
782 1635 852 1671 475
874 1648 953 1682 sqq.

221 1683 286 1715 Me
306 1695 393 1716 vero
408 1683 568 1728 primum
583 1682 710 1717 dulces
727 1692 815 1717 ante
834 1685 956 1718 omnia

224 1731 361 1763 Musae
380 1730 563 1777 accipiant
580 1737 645 1764 etc.

269 1779 442 1823 Augusto
465 1775 509 1810 ab
533 1778 673 1811 oriente
683 1781 731 1812 R.
753 1779 957 1812 revertenti

224 1836 265 1857 ex
284 1823 432 1865 itinere,
466 1824 560 1870 quod
581 1837 600 1858 e
618 1825 736 1859 Sicilia
754 1838 820 1871 per
837 1825 956 1860 Asiam

225 1878 260 1904 et
279 1870 459 1904 Graeciam
475 1871 619 1906 fecerat.
652 1873 722 1908 vid.
751 1873 813 1907 inf.
832 1873 956 1909 Vitam

224 1918 270 1952 ad
288 1917 504 1954 732—734.

258 1966 506 1999 Brundisium.
534 1968 725 2001 Tarentum
743 1967 802 2002 alii
817 1980 957 2002 memo-

223 2019 314 2046 rant.
345 2015 499 2047 Tarenti
507 2014 667 2060 Apuliae
686 2016 844 2057 civitate,
868 2017 955 2050 dum

223 2061 481 2107 Metapontum
490 2062 615 2094 videre
627 2064 738 2108 cupit,
749 2076 814 2096 seu
827 2066 956 2097 Brun—

224 2107 320 2149 disii,
333 2107 357 2140 d
361 2120 418 2140 um
431 2110 624 2154 Megaram
640 2110 766 2144 videre
776 2111 957 2145 voluisset

224 2154 335 2199 (vides
347 2155 655 2190 Grammaticorum
673 2169 735 2191 seu
753 2159 955 2192 Monacho-

222 2214 299 2234 rum
319 2201 529 2246 imperitiam
541 2229 549 2245 ,
575 2204 656 2237 dum
676 2205 853 2239 Donatum
871 2212 953 2240 ante

223 2248 344 2282 oculos
366 2249 499 2283 habent
519 2251 548 2295 §-
567 2250 625 2296 51)
644 2254 876 2297 quorundam
891 2255 955 2287 iu-

223 2296 319 2330 dicio
349 2297 597 2331 invalitudine
627 2312 671 2333 ex
699 2301 789 2334 solis
817 2302 955 2335 ardore

223 2351 433 2377 contracta:
467 2344 552 2378 Vita
586 2346 729 2391 Virgilii
757 2348 953 2392 praemissa

225 2389 311 2423 edit.
338 2392 428 2424 ven.
457 2391 567 2434 1472,
603 2406 692 2438 quae
719 2395 886 2441 deinceps
914 2396 951 2430 in

223 2437 279 2470 ed.
290 2437 446 2471 Danielis
465 2439 588 2473 Servio
606 2441 786 2476 tribuitur.
834 2444 952 2489 Inepti

223 2485 454 2519 Grammatici
479 2486 607 2521 lacinia
637 2495 692 2522 est
714 2489 750 2522 in
780 2493 875 2525 Serv.
909 2492 955 2525 ad

222 2534 307 2565 Aen.
330 2534 371 2575 11,
391 2534 470 2575 197,
495 2546 563 2579 qua
583 2535 806 2570 Thessaliam
825 2538 954 2572 adiisse

222 2580 323 2613 Maro
342 2586 514 2614 narratur.

271 2627 301 2671 ᾗ.
319 2627 376 2662 52.
412 2629 483 2671 Qui
501 2641 590 2663 cum.
622 2642 655 2664 v.
684 2630 746 2665 inf.
765 2632 810 2666 ad
825 2632 906 2668 735.

270 2675 300 2719 §.
320 2675 377 2710 53.
403 2677 447 2708 L.
472 2677 611 2710 Varius
626 2685 750 2712 auctor
771 2679 954 2725 Thyestae

221 2733 255 2755 v.
274 2733 350 2767 sup.
371 2722 416 2755 ad
441 2723 471 2767 β.
489 2724 546 2758 30.
582 2725 779 2759 Maecenati
797 2726 954 2772 imputa—

220 2774 280 2802 tur
305 2769 341 2802 in
371 2769 482 2803 Carm.
513 2771 558 2803 ad
587 2771 706 2806 Pison.
735 2775 817 2815 226,
844 2777 954 2819 (quod

221 2815 339 2850 Saleio
360 2818 469 2850 Basso
495 2818 653 2862 assignat
669 2821 895 2855 Wernsdorf.
914 2824 951 2856 P.

220 2863 261 2897 L.
283 2865 332 2898 M.
355 2866 457 2898 Tom.
476 2866 537 2905 IV,
564 2866 623 2899 ubi
645 2879 678 2900 v,
698 2879 734 2911 p.
753 2868 836 2911 276)
858 2870 953 2914 quod

219 2911 348 2946 Varius
386 2912 596 2957 tragoediae
628 2914 733 2948 laude
770 2915 951 2951 inclaruit:

219 2960 421 2993 Maecenas
447 2961 590 3007 tragico
618 2963 841 3007 quatientem
860 2965 953 3010 pul—

212 3008 300 3053 pita
317 3016 445 3042 caestu
466 3010 601 3041 Evexit
623 3010 788 3044 Varium.
836 3011 951 3046 Locus

384 1331 500 1370 Tunc
526 1330 656 1369 eidem
686 1330 830 1382 Vario,
875 1345 923 1370 ac
944 1331 1065 1370 simul
1096 1332 1274 1384 Tuccae,
1311 1330 1465 1385 scripta
1488 1330 1563 1370 sub
1585 1343 1633 1369 ea
1651 1342 1754 1369 con-

1011 1454 1218 1494 corruptus:
1243 1446 1306 1481 alii
1320 1454 1445 1495 gestu,
1467 1445 1575 1480 immo
1594 1456 1732 1492 gressu
1741 1457 1758 1486 ς’

1009 1507 1091 1528 nam
1117 1503 1228 1543 gestu
1257 1494 1364 1529 scena
1392 1493 1452 1528 vix
1479 1491 1655 1539 quatitur,
1689 1491 1755 1529 sed.-

1010 1542 1107 1576 idem
1135 1543 1179 1576 ab
1210 1543 1313 1588 epico
1346 1541 1500 1576 carmine
1520 1539 1754 1575 commenda-

1012 1597 1067 1624 tur
1095 1590 1139 1624 ab
1161 1592 1287 1624 Horat.
1309 1590 1423 1624 Garm.
1442 1591 1470 1632 Ι,
1498 1589 1533 1632 6,
1559 1589 1578 1624 1
1602 1586 1766 1622 Scribe->⁸

1013 1639 1067 1672 ris
1089 1639 1206 1673 Vario
1225 1637 1348 1685 fortis
1376 1645 1413 1671 et
1439 1637 1602 1671 hostium
1625 1635 1755 1670 Victor

1012 1687 1180 1720 Maeonii
1205 1686 1382 1719 carminis
1410 1684 1512 1727 aliti,
1549 1683 1587 1718 h.
1607 1688 1753 1728 poetae,

1013 1732 1074 1778 qui
1093 1732 1214 1767 evolat
1247 1732 1401 1767 carmine
1425 1731 1540 1778 epico.
1589 1734 1700 1765 Serm.
1723 1730 1759 1774 15

1015 1783 1072 1823 10,
1089 1779 1137 1816 44
1155 1780 1264 1828 forte
1292 1793 1383 1830 epos
1408 1792 1517 1822 acer,
1560 1780 1611 1813 Ut
1635 1776 1753 1821 nemoss

1018 1830 1056 1863 V
1053 1829 1158 1862 arius
1182 1828 1297 1862 ducit.
1344 1829 1478 1862 Versus
1510 1825 1586 1860 eius
1614 1825 1764 1871 aliquot<

1012 1875 1180 1910 heroicos
1210 1875 1402 1922 adscripsit
1418 1874 1578 1909 Macrob.
1598 1875 1661 1916 VI,
1680 1885 1711 1908 c·
1730 1873 1761 1909 1¹

1015 1931 1050 1957 et
1067 1925 1109 1966 23
1144 1930 1312 1969 corrupte
1339 1929 1460 1957 tamen
1487 1921 1539 1955 ibi
1564 1921 1752 1955 laudatur:

1019 1973 1054 2006 V
1054 1973 1159 2006 arius
1179 1971 1225 2005 de
1245 1979 1373 2006 morte.
1417 1973 1463 2005 At
1482 1982 1525 2004 ex
1547 1970 1656 2005 Varii
1672 1969 1761 2002 1³6⁴

1013 2020 1191 2066 negyrico
1208 2019 1378 2066 Augusti
1398 2016 1534 2065 petitos
1564 2028 1644 2050 esse
1665 2026 1753 2050 ver-

1014 2079 1072 2100 sus
1086 2093 1095 2109 ‚
1129 2077 1218 2112 quos
1235 2066 1403 2100 Horatius
1425 2065 1552 2099 inserit
1573 2066 1590 2098 1
1607 2065 1674 2109 Ep.
1694 2062 1752 2107 16,

1011 2115 1070 2150 27.
1097 2115 1154 2150 28.
1179 2115 1249 2157 29,
1283 2120 1438 2148 testatur
1459 2111 1582 2147 Schol.
1602 2111 1647 2146 ad
1671 2122 1703 2145 e.
1721 2108 1768 2145 lf'

1012 2161 1167 2207 Collegit
1199 2162 1400 2207 fragmenta
1424 2162 1590 2205 Rutgers.
1617 2160 1755 2194 Venus.-

1010 2209 1111 2244 Lect.
1131 2222 1160 2244 c.
1179 2210 1214 2252 3,
1238 2217 1276 2243 ut
1297 2221 1374 2254 sup.
1393 2209 1439 2243 ad
1459 2210 1489 2254 §.
1510 2208 1560 2244 30
1578 2205 1762 2242 monitum»

1015 2264 1079 2292 est.
1112 2258 1213 2291 vCum
1248 2256 1403 2301 Virgilio
1439 2263 1615 2301 tamquam
1659 2252 1757 2288 alten

1012 2311 1200 2350 poetarum
1220 2304 1387 2351 princeps
1403 2302 1606 2337 nominatur
1621 2304 1699 2336 Art.
1711 2300 1764 2349 R:

1013 2351 1058 2388 55
1087 2360 1122 2387 et
1152 2353 1184 2386 11
1209 2354 1274 2398 Ep.
1308 2353 1349 2395 l,
1382 2350 1466 2388 247.
1511 2349 1760 2386 Amicissimunv

1014 2400 1173 2443 Horatio,
1192 2403 1344 2434 v.Serm.
1355 2400 1382 2442 Ι,
1402 2401 1438 2442 9,
1446 2399 1504 2441 23,
1522 2409 1627 2444 quem
1644 2395 1761 2431 etiam·

1011 2447 1212 2482 Maecenati
1224 2447 1543 2481 commendaverat.
1556 2444 1628 2480 vid.
1638 2446 1755 2480 Serm-

1010 2497 1037 2537 Ι,
1066 2497 1098 2536 6,
1125 2495 1182 2531 55.
1232 2495 1327 2529 Male
1354 2506 1433 2529 cum
1457 2495 1558 2528 Varo
1586 2505 1608 2527 a
1630 2488 1766 2534 multia&

1012 2543 1249 2577 confunditur.
1279 2555 1312 2577 v.
1333 2544 1417 2576 Exc.
1434 2541 1482 2576 ad
1499 2540 1573 2575 Ecl.
1587 2541 1650 2575 vl.
1695 2537 1755 2573 Db

1011 2590 1183 2624 varietate
1208 2591 1246 2624 in
1266 2590 1442 2636 scriptura
1461 2588 1555 2623 conf.
1573 2589 1751 2622 Horreum

1011 2637 1047 2670 in
1075 2649 1235 2684 prooem.
1264 2637 1414 2672 Miscell.
1435 2635 1555 2671 Oritic.
1597 2635 1756 2680 Videtut3

1010 2685 1073 2718 ille
1097 2696 1237 2731 quoque
1262 2685 1377 2719 latere
1405 2684 1444 2718 in
1471 2683 1555 2718 loco
1574 2678 1761 2716 Macrobff

1010 2734 1042 2765 II
1068 2735 1146 2770 Sat.
1168 2733 1192 2768 4
1223 2745 1278 2779 pr.
1309 2732 1371 2766 ubi
1408 2732 1453 2766 de
1481 2729 1634 2776 Augusti
1666 2729 1758 2764 ioco?

1011 2780 1057 2813 de
1080 2780 1187 2814 Aiace
1207 2779 1397 2825 tragoedia
1421 2779 1466 2814 ab
1498 2790 1542 2813 eo
1562 2777 1755 2814 inchoatas,

1006 2836 1141 2874 postea
1156 2829 1299 2862 Lucius
1312 2828 1444 2874 gravis·
1468 2826 1758 2873 tragoediarum*

1012 2876 1171 2921 scriptor
1207 2873 1470 2922 interrogabat
1506 2885 1610 2915 eum,
1659 2869 1749 2919 quid

1012 2930 1142 2976 ageret
1162 2923 1263 2956 Aiax
1284 2935 1386 2964 suus,
1415 2930 1452 2955 et
1476 2921 1553 2963 ille,
1578 2919 1615 2954 in
1634 2928 1748 2965 spon-

1013 2980 1124 3012 giam,
1150 2970 1291 3015 inquit,
1315 2968 1487 3003 incubuit.
1535 2965 1636 3010 Quae
1654 2964 1758 3000 mal'o'

1012 3016 1058 3048 ad
1075 3015 1281 3050 Ciceronem
1299 3016 1483 3052 transtulit
1508 3016 1560 3050 Io.
1575 3014 1697 3061 Lydus
1725 3020 1747 3047 α’
