1768 3320
236 190 303 238 78
384 187 424 235 P
469 185 678 235 VIRG.
708 186 890 235 MAR.
919 185 1086 235 BUC.
1113 184 1276 233 ECL.
1299 183 1340 246 1,
1375 189 1599 239 80-84

236 329 282 364 T.
318 312 417 361 Hic
441 320 621 361 tamen
647 312 782 361 hanc
807 327 1022 361 mecum
1046 318 1259 376 poteras
1282 300 1621 378 requiescere
1646 331 1747 366 no-

1020 389 1160 429 ctem
1679 392 1745 438 80

233 450 451 503 Fronde
470 467 631 517 super
647 450 824 512 viridig
862 458 984 499 sunt
1001 449 1157 498 nobis
1172 448 1319 498 mitia
1336 466 1515 516 poma,

236 525 521 573 Castaneae
539 519 752 584 molleS‚
793 529 845 569 et
860 519 1027 586 pressi
1048 519 1197 585 copia
1213 517 1441 587 lactis;r»=s⁴

231 592 422 643 Etiam
438 607 646 640 summa
662 589 851 656 procul
867 589 1113 638 villarum
1131 587 1362 639 culmina
1379 587 1604 656 sumant,

231 661 571 728 Maioresque
591 659 787 710 cadunt
804 659 915 709 altis
934 658 1002 709 de
1017 658 1293 710 montibus
1309 660 1548 715 umbrae.

304 760 383 806 83.
418 767 656 815 FUMANT3

278 871 325 907 80
348 871 446 905 hane
462 890 505 895 —
524 877 674 904 noctem.
722 868 779 903 Sic
795 867 865 902 iam
883 868 966 903 inde
988 869 1032 904 ab
1058 868 1149 903 Aldo
1180 869 1323 904 editum.
1372 871 1532 906 Occurrit
1558 878 1678 907 tamen
1705 872 1743 907 in

230 918 370 963 scriptis
392 924 427 951 et
445 917 523 951 edd.
547 917 616 959 Ιιας
631 936 675 941 —-
691 924 816 957 nocte3
841 916 904 949 sed
924 916 1013 950 illud
1030 922 1173 950 tuentur
1188 917 1308 952 Heius.
1327 919 1443 954 Burm.
1462 919 1604 954 Max-tin.
1634 921 1744 966 (hanc

230 974 370 1000 noctem
389 964 492 998 etiam
508 963 616 997 Paris.
631 964 677 1006 3.,
696 963 788 996 unde
804 964 991 1007 probabile
1011 970 1076 1006 est,
1095 964 1242 998 eandem
1250 964 1361 999 fuisse
1369 965 1523 1001 Medicei
1538 966 1740 1008 lectionem3

230 1020 335 1058 atque
361 1012 430 1045 hoc
458 1010 653 1044 sententiae
673 1010 947 1044 convenientius.
980 1011 1076 1055 er.)
1121 1020 1276 1058 poteras
1294 1012 1426 1048 editum
1442 1013 1512 1048 iam
1541 1025 1562 1048 a
1587 1015 1741 1060 Nauger-

228 1060 266 1093 in
284 1059 361 1093 ΑΜ.
382 1064 463 1092 tert.
481 1057 630 1091 firmavit
651 1069 670 1090 e
695 1058 795 1090 Rom.
816 1065 850 1091 et
866 1058 995 1091 Medic.
1019 1058 1174 1100 Pierius,
1201 1065 1237 1092 et
1265 1071 1307 1093 ex
1328 1060 1470 1105 optimis
1500 1060 1624 1095 Heius.
1671 1061 1743 1099 Alii

256 1108 388 1147 oleris,
413 1111 452 1138 ut
482 1105 557 1138 fere
591 1103 694 1138 codd.
713 1103 749 1137 in
768 1104 824 1140 his
847 1104 1066 1149 temporibus
1091 1106 1239 1140 variant.
1287 1106 1379 1141 Illud
1402 1107 1500 1153 prius
1533 1108 1740 1154 elegantius.

187 1178 190 1181 -
228 1153 319 1186 conf.
337 1152 436 1186 Ovid.
460 1153 545 1184 Met.
567 1152 593 1193 I,
617 1151 696 1188 679.
731 1151 853 1197 (Videt
881 1152 1043 1196 protinus
1071 1165 1220 1199 pergere
1248 1153 1465 1189 Meliboeum
1496 1155 1662 1201 Tityru83
1694 1156 1739 1191 cf.

227 1212 277 1233 vs.
306 1200 363 1236 75.
383 1199 473 1232 Hinc
497 1198 679 1232 dicendum
706 1205 782 1232 erat
801 1207 962 1245 poteras.
989 1199 1066 1247 Sp.)

283 1296 350 1337 80.
386 1295 448 1333 Ex
467 1292 668 1332 Theocriti
685 1293 755 1344 XI,
789 1292 845 1335 44
866 1307 950 1347 sqq.

225 1353 292 1393 82.
333 1353 551 1390 Castaneae
576 1352 713 1389 molles
736 1352 847 1391 varie
876 1366 950 1390 ex-

221 1409 445 1462 plicantur,
475 1415 523 1447 ut
551 1409 631 1448 sint
646 1418 847 1460 maturae,
884 1410 951 1450 vel

221 1476 388 1506 recentes
419 1465 515 1521 (Sed
536 1480 603 1505 eae
629 1481 714 1508 non
731 1468 854 1520 magis
884 1474 950 1507 te-

219 1538 359 1576 nerae,
399 1539 519 1578 quam
543 1526 672 1564 multo
697 1533 801 1578 post.
840 1525 950 1581 Sp),

220 1584 285 1622 vel
310 1592 431 1622 tostae
442 1599 457 1631 ;
509 1584 576 1622 vel
603 1583 653 1622 de
677 1598 818 1635 genere
843 1598 949 1637 quo-

222 1641 327 1691 dam,
340 1641 449 1693 quod
463 1640 649 1680 echinum
666 1655 737 1681 seu
755 1643 946 1681 corticem

220 1699 350 1738 minus
372 1699 520 1737 durum
536 1698 670 1749 habet,
690 1702 791 1739 cons.
806 1701 946 1740 cerda.

222 1754 318 1811 (Sed
342 1757 439 1808 quid
462 1755 542 1795 hoc
567 1758 618 1796 ad
637 1758 816 1810 palatum
835 1766 876 1798 et
895 1759 948 1798 ad

219 1821 380 1866 gustum
407 1814 625 1855 Meliboei?
665 1815 753 1872 Sp.)
813 1818 880 1856 Fit
901 1817 947 1856 id

218 1873 263 1911 in
280 1873 437 1925 primis,
469 1873 501 1911 si
519 1874 734 1926 amygdalis
752 1874 943 1914 inserun—

218 1936 301 1969 tur.
364 1931 550 1970 Laudant
583 1945 634 1970 ex
664 1931 840 1973 Palladio
875 1934 942 1973 lib.

218 1988 325 2038 XIV,
362 1989 443 2032 155
467 1990 779 2043 Castaneamque
796 2001 944 2030 trucem,

218 2046 395 2097 depulsae
406 2049 513 2098 cogit
527 2048 674 2086 echinis
683 2051 943 2102 Jl‘Iirarism-

219 2112 303 2141 ctus
321 2104 453 2143 laevia
465 2119 593 2155 poma
611 2108 687 2143 sui.
721 2107 859 2147 Potuit
875 2114 942 2146 ta·-

217 2175 311 2200 men
326 2162 542 2215 ilnproprie
558 2178 633 2216 pro
652 2169 818 2204 malun's
834 2167 940 2204 mol-

218 2219 275 2257 les
291 2220 499 2272 appellare.
561 2219 729 2275 (Molles
750 2224 802 2262 ad
820 2239 939 2277 sapo-

216 2289 302 2315 rem
320 2279 459 2317 referri
479 2279 615 2330 debet3
636 2280 691 2319 sic
702 2283 939 2321 mollmima

216 2336 313 2373 vina
340 2336 408 2374 Ge.
436 2337 472 2384 I,
513 2336 606 2378 341.
646 2340 786 2378 mollia
800 2341 938 2393 fraga

217 2392 335 2432 Ovid.
353 2393 445 2433 Met.
464 2394 568 2445 XIII,
594 2397 688 2438 816.
719 2399 836 2436 molle
852 2414 938 2436 me-

1007 1310 1096 1334 rum
1122 1295 1266 1336 Horat.
1293 1295 1332 1347 I,
1371 1299 1421 1347 7,
1461 1300 1527 1340 19.
1586 1299 1740 1337 Molles

1006 1353 1130 1405 igitur
1157 1353 1199 1393 h.
1215 1354 1242 1394 l.
1268 1360 1365 1393 sunt
1390 1369 1553 1406 suaves,
1584 1356 1734 1395 dulces.

1009 1413 1081 1464 622.
1101 1434 1160 1442 -
1207 1413 1278 1451 cfr.
1304 1412 1426 1452 etiam
1442 1412 1555 1453 Iahn.
1575 1413 1628 1452 ad
1650 1413 1692 1453 h.
1710 1414 1737 1454 1.

1013 1472 1084 1510 lV
1077 1485 1110 1508 r.
1142 1493 1201 1500 —
1245 1469 1430 1510 Maturae
1450 1477 1587 1510 autem
1605 1478 1738 1511 casta-

1007 1541 1105 1567 neae
1139 1528 1343 1568 mensibus
1377 1529 1546 1569 Octobri
1580 1535 1621 1569 et
1650 1530 1687 1570 N
1689 1544 1736 1569 o·-

1007 1586 1176 1626 vembri.
1230 1586 1420 1640 Calpurn.
1444 1588 1528 1627 Ecl.
1553 1586 1609 1638 Π,
1649 1590 1735 1631 82.;

1007 1675 1032 1695 ‚‚
1052 1646 1347 1697 Castaneasque
1381 1659 1503 1684 nuces
1525 1667 1583 1675 —
1614 1645 1735 1685 clabi-

1006 1717 1096 1741 mas
1111 1725 1169 1732 -
1195 1717 1287 1742 cum
1309 1704 1391 1743 sole
1408 1703 1628 1743 Novembri
1644 1704 1736 1743 Ma-

1005 1761 1108 1800 turis
1124 1761 1294 1800 nucibus
1320 1762 1472 1801 virides
1491 1768 1735 1814 rumpentur

1005 1818 1148 1858 echini.
1160 1821 1184 1841 “
1214 1819 1321 1859 Hinc
1339 1819 1612 1860 definiendum
1626 1826 1734 1860 tem-

1000 1891 1091 1930 pm,
1122 1891 1202 1929 quo
1219 1878 1371 1917 samm
1390 1876 1443 1917 leit
1457 1877 1538 1917 hoc
1557 1891 1731 1921 carmen.

1002 1934 1097 1990 Sp.)
1145 1937 1282 1975 Pressi
1296 1938 1417 1988 copia
1435 1937 1568 1986 laetale,
1601 1935 1642 1976 h.
1662 1951 1731 1976 ca-

1001 1993 1076 2043 sei,
1109 1994 1201 2046 quja
1218 2008 1353 2033 serum
1372 2008 1392 2032 e
1412 1994 1600 2047 magale,
1647 1995 1731 2035 sive

1002 2058 1189 2091 concreta
1206 2052 1322 2092 lactis
1337 2060 1454 2106 parte
1472 2052 1729 2105 exprimitur,

1001 2115 1043 2148 et
1068 2110 1239 2149 adiectis
1269 2111 1390 2150 etiam
1422 2125 1498 2164 pro
1529 2111 1730 2150 soliditate

998 2168 1244 2221 acquirenda
1265 2169 1530 2221 ponderibus,
1570 2175 1619 2208 ut
1634 2169 1728 2208 Pal-

996 2225 1127 2266 ladius
1153 2226 1356 2278 loquitur,
1395 2229 1608 2281 eliquatur.
1657 2229 1725 2270 83.

997 2285 1052 2322 Et
1068 2286 1314 2324 iam—nox
1328 2286 1492 2338 ingruit.
1512 2286 1615 2324 conf.
1642 2285 1725 2325 Ecl.

995 2342 1042 2391 ΙΙ,
1056 2346 1122 2385 67.
1155 2340 1347 2396 (Fumant
1371 2344 1502 2393 villae,
1520 2344 1564 2382 in
1581 2343 1726 2396 quibus

996 2413 1119 2439 coena
1135 2408 1318 2454 paratur.
1358 2404 1405 2442 V
1400 2416 1462 2441 oss
1482 2407 1524 2441 et
1541 2399 1636 2456 Sp.)
