1734 3320
241 210 738 277 GEo-RGICON·
763 209 906 262 ΜΒ.
941 211 1013 274 11,
1049 216 1343 267 ρετ-299

0 384 1 399 2
26 337 197 390 ‘Multa
214 336 391 388 virum
413 335 638 387 volvens
663 326 914 387 durando
937 337 1146 387 saecula
1164 338 1351 401 vincit3

1449 219 1554 270 445

1448 346 1553 395 295

0 410 10 421 ''
31 410 176 458 Tum
193 405 350 458 fortis
367 406 476 457 'iate
497 423 677 457 ramos
699 416 752 457 et
770 405 987 457 brachia
1012 407 1244 457 tendens

28 479 148 528 Huc
178 476 330 540 illuc,
371 476 554 527 media
585 478 696 544 ipsa
726 477 1004 542 ingentem
1035 478 1261 528 sustinet
1284 477 1550 532 umbram.

98 551 248 599 Neve
269 547 366 597 tibi
390 547 459 597 ad
482 546 656 597 solem
677 556 899 612 vergant
919 547 1096 597 vineta
1117 547 1430 611 cadentem3

28 620 179 669 Neve
198 617 341 668 inter
358 618 492 667 vites
516 616 763 667 corulum
782 634 927 679 sere3
964 633 1104 668 neve
1121 616 1328 684 flagella

98 712 215 765 295.
251 718 507 775 simun,
579 716 695 764 299.
731 714 883 763 NEVE
904 726 982 763 Π..

73 839 147 875 296
170 837 323 873 brachia

376 839 522 873 andens-
549 838 700 873 Gudian.
726 846 764 873 et
790 839 891 873 Leid.
915 851 936 873 a
964 851 1011 873 m.
1036 850 1127 883 sec„
1164 846 1203 873 ut
1219 842 1306 874 Aen.
1324 840 1388 883 vl,
1406 840 1489 882 282,
1514 846 1552 873 et

27 890 269 920 antecesserat
284 897 343 920 mo
371 898 393 920 o
415 886 554 928 tendit,
588 887 799 920 observante
819 886 941 920 Heius.
989 885 1061 920 Sed
1080 887 1238 920 tendens
1255 887 1386 921 Donat.
1409 888 1454 922 ad
1473 889 1550 921 Te·-

27 938 119 967 rent.
138 933 281 967 Phorm.
297 935 325 974 Ι,
348 934 392 976 2,
416 933 482 976 56,
504 934 690 968 Burmann.
731 935 839 979 (Tam
849 933 979 980 fortes
998 945 1018 967 e
1036 933 1241 968 coniectura
1256 934 1402 980 scripsit
1422 937 1549 975 Voss.;

27 980 101 1014 vid.
125 982 170 1023 Q.
189 981 235 1014 V.
256 981 381 1023 XXV,
404 981 439 1023 6,
473 992 503 1014 c.
534 981 630 1024 Wr.)

27 1028 120 1062 Ven.
206 1028 283 1063 299
305 1027 455 1073 corylos
475 1028 563 1074 Reg.
583 1027 739 1062 Max-fini.

28 1139 177 1174 natura
196 1133 412 1174 arborum:
450 1140 540 1174 tum
560 1142 664 1175 esset
686 1135 760 1174 de-

15 1191 196 1244 figitur,
229 1191 367 1245 defigit
385 1205 439 1232 se.
497 1196 758 1236 291—297·

27 1250 231 1299 Ornatam
248 1257 371 1304 poeta
389 1263 442 1289 ex
460 1251 627 1301 aeseuli,
658 1265 760 1303 quae

11 1321 80 1347 ex
112 1321 338 1360 quercuum
370 1322 515 1362 genere
550 1316 633 1360 est,
685 1309 760 1348 de-

27 1366 246 1420 scriptione
274 1367 445 1419 quaerit.
502 1367 595 1406 ma:
632 1382 753 1420 quae,

26 1432 227 1478 quantum
244 1447 304 1455 —-
321 1427 366 1464 in
401 1427 574 1464 Tartara
603 1425 729 1464 tendit
741 1456 753 1475 ,

24 1483 177 1522 iterum
200 1483 392 1535 leguntur
421 1482 520 1522 Aen.
550 1484 625 1533 1V,
657 1482 759 1527 445.

26 1539 112 1584 446
139 1540 191 1579 de
220 1554 371 1592 quercu
383 1556 395 1592 3
435 1541 677 1581 adumbrata
704 1555 756 1580 ex

24 1597 191 1638 Hesiod.
209 1598 356 1652 Theog.
382 1602 467 1642 720
484 1614 569 1652 sqq.
627 1599 683 1638 At
705 1613 757 1638 ex

26 1662 166 1696 nostro
187 1657 319 1697 valer.
340 1657 472 1696 Flacc.
494 1659 523 1708 1,
543 1658 639 1700 580.
658 1658 755 1701 581.

25 1715 205 1768 Respicit
240 1715 283 1755 h.
320 1715 346 1754 l.
384 1715 485 1755 Plin.
527 1715 641 1766 XVI,
685 1718 755 1765 31,

25 1773 207 1816 sect-56.
264 1772 363 1816 294.
393 1774 554 1827 Optime
580 1773 639 1812 ita
658 1774 756 1812 iun-

24 1844 113 1889 ges:
131 1831 277 1870 multos
284 1840 445 1884 nepotes
462 1831 647 1870 durando
659 1834 754 1870 vin-

25 1891 80 1928 cit
93 1919 104 1939 ‚
135 1888 179 1928 h.
200 1889 288 1929 vita
312 1897 500 1944 superat,
539 1890 670 1928 multa
688 1891 753 1927 vi-

24 1961 159 1986 rorum
175 1948 341 1986 saecula
361 1949 523 1987 volvens
534 1978 545 1997 ‚
578 1948 752 2000 exigens.

27 2003 220 2059 (meliora
254 2005 339 2045 vid.
372 2006 416 2045 in
453 2007 502 2046 V.
542 2007 585 2045 L.
629 2007 701 2046 W
693 2004 751 2060 r.)

26 2064 151 2102 Recte
168 2063 448 2114 cerda'notat‚
478 2064 653 2103 variasse
671 2063 753 2101 Ma-

24 2134 168 2160 ronem
196 2134 244 2160 eo
274 2121 386 2161 flexu
411 2135 574 2161 versum
593 2122 752 2160 Lucret.

25 2179 57 2229 1,
86 2181 171 2221 203
211 2179 432 2232 Multaque
455 2179 626 2218 vivendo
643 2181 752 2217 vita-

26 2237 87 2275 lia
117 2237 272 2275 volum·
302 2239 454 2276 saecla.
500 2244 541 2276 et
571 2237 645 2286 ΙΠ,
667 2239 749 2279 961

33 2294 184 2333 Omnia
196 2296 236 2333 si
240 2309 397 2347 pergas
412 2295 581 2335 vivendo
599 2296 754 2333 vincere

25 2353 174 2392 saecla.
205 2350 354 2408 (νὺ-ιαμ,
369 2354 550 2402 saecula,
574 2352 599 2391 i.
619 2365 651 2391 e.
673 2352 754 2391 ho-

25 2410 181 2449 minum
200 2410 368 2460 aetates;
397 2411 479 2450 vid.
498 2411 583 2450 Liv.
599 2410 671 2460 ΙΧ,
686 2412 752 2453 18.

26 2467 132 2507 med.
158 2470 224 2509 W
223 2467 296 2522 r.)'
346 2472 443 2512 297.
484 2470 649 2507 sustinet
675 2482 752 2521 pro

24 2526 184 2578 vulgari
209 2525 358 2580 efficit,
398 2527 526 2566 reddit
534 2543 550 2574 ;
591 2526 662 2564 sed
682 2541 753 2565 or-

26 2590 122 2623 nate
133 2614 145 2634 ‚
186 2598 280 2623 nam
297 2585 417 2624 simul
432 2599 641 2624 ramorum
662 2598 753 2622 ma-

26 2641 277 2693 gnitudinem
296 2643 476 2683 declarat
490 2650 622 2696 poeta,
653 2656 754 2681 one-

26 2699 82 2737 ris
100 2699 265 2738 notione
285 2701 449 2741 adiecta.
490 2699 669 2755 (proprie
687 2701 753 2739 di—

27 2763 138 2795 ctum
156 2757 289 2796 videri
305 2762 470 2798 sustinet
480 2789 492 2809 ,
534 2759 683 2811 probat
699 2759 751 2808 Q.

26 2814 75 2854 V.
102 2814 180 2864 IX,
208 2817 258 2866 3,
286 2816 382 2866 VII,
412 2831 446 2856 a.
507 2817 562 2855 ne
587 2817 751 2871 vipro-

26 2886 135 2911 nom.
157 2874 250 2923 apsa
267 2873 349 2913 vid.
372 2875 423 2923 Q.
442 2875 490 2914 V.
500 2875 644 2926 XVIII,
657 2879 698 2925 2,
709 2889 749 2914 n.

28 2927 158 2982 Wr.)
198 2931 304 2969 Sunt
334 2931 457 2983 igitur
493 2932 597 2981 duo,
649 2947 751 2984 quae

21 2987 208 3026 radicum
246 2987 460 3028 altitudine
507 2990 749 3040 efficiuntur,

723 982 795 1017 297
818 983 937 1028 ipsam
958 980 1126 1015 Atundel.

1220 982 1291 1018 298
1315 991 1467 1016 vertant
1491 982 1547 1016 ed.

814 1137 960 1189 primo,
990 1135 1103 1187 quod
1123 1135 1245 1175 arbor
1258 1136 1375 1175 firma
1392 1142 1434 1175 et
1453 1136 1548 1176 diu-

815 1200 943 1233 turna
962 1199 1045 1244 est,
1076 1194 1275 1244 secundo,
1307 1203 1405 1244 mm,
1436 1195 1549 1247 quod

815 1252 874 1291 ita
892 1258 1086 1291 truncum
1105 1251 1230 1291 habet
1248 1253 1345 1292 satis
1364 1253 1547 1292 validum

816 1310 871 1349 ad
889 1324 1024 1349 ramos
1040 1310 1251 1349 latissimos
1277 1311 1546 1351 sustinendos.

871 1370 970 1411 298.
1009 1369 1067 1407 De
1105 1369 1187 1408 situ
1221 1369 1453 1409 vinearum:
1495 1369 1546 1408 de

814 1440 895 1478 quo
926 1426 1126 1465 dissensus
1144 1426 1222 1466 suit
1247 1426 1358 1467 inter
1377 1434 1546 1468 veteres.

815 1484 968 1523 Colum.
987 1485 1054 1534 ΠΙ,
1077 1487 1143 1534 12,
1166 1485 1194 1527 5
1231 1486 1338 1524 caeli
1354 1509 1412 1515 -—-
1430 1488 1546 1525 cuius

813 1545 1016 1595 regionem
1034 1557 1159 1595 quam
1177 1551 1355 1594 spectare
1376 1543 1545 1586 debeant

813 1602 956 1640 vineae
970 1631 982 1650 ,
1034 1609 1147 1639 vetas
1183 1609 1242 1638 est
1274 1601 1470 1640 dds-sensio
1486 1625 1546 1632 -—

819 1659 997 1711 Virgilio
1030 1659 1080 1697 de
1116 1658 1316 1698 indu-wia
1356 1674 1547 1699 occasum

812 1718 873 1754 sic·
898 1716 1160 1768 repudiante:
1192 1716 1303 1756 Neve
1333 1717 1410 1756 tibi
1437 1718 1491 1756 ad
1513 1733 1543 1757 s.

811 1774 964 1813 Plinius
994 1775 1120 1825 XVII,
1145 1777 1173 1816 2
1203 1774 1308 1814 med.
1342 1777 1544 1829 Virgilius

811 1832 872 1870 ad
888 1846 1077 1870 occasum
1094 1834 1175 1871 seri
1189 1832 1418 1873 damnavit.
1466 1834 1544 1873 Ubi

810 1889 893 1930 vid.
918 1903 1020 1942 quae
1041 1897 1281 1943 sequuntur.
1385 1930 1390 1936 ,

868 1951 967 1991 299.
1005 1949 1063 1987 De
1092 1949 1279 1999 arbusto,
1318 1948 1361 1988 h.
1390 1950 1544 1989 vitibus

811 2006 1024 2045 arboribus
1041 2007 1199 2059 iugatis.
1216 2007 1316 2046 Plin.
1335 2008 1460 2058 XVII,
1472 2007 1542 2057 24,

812 2078 843 2103 s.
858 2067 915 2106 37
945 2066 1109 2103 ,Necant
1126 2066 1298 2103 invicem
1319 2067 1422 2104 inter
1438 2081 1538 2115 sese,

811 2121 952 2160 umbra
976 2123 1042 2160 vel
1058 2123 1276 2171 densitate,
1314 2132 1436 2176 alque
1458 2124 1543 2162 alb-

810 2181 935 2217 menli
961 2182 1111 2231 rapina
1133 2202 1192 2210 -—·
1208 2182 1304 2219 vitis
1324 2203 1384 2211 —-
1403 2181 1487 2219 odic
1505 2190 1542 2219 et

809 2238 1010 2290 corylum„-
1042 2240 1089 2276 ni
1100 2239 1250 2290 procul
1277 2237 1411 2277 absint
1423 2269 1435 2288 ‚
1467 2241 1541 2277 tri-

810 2297 883 2333 stis
901 2303 938 2333 et
954 2309 1097 2347 aegra.

867 2355 966 2395 299.
997 2356 1093 2396 300.
1123 2354 1310 2406 flagella
1340 2361 1437 2393 sunt
1472 2355 1541 2394 vi-

808 2411 914 2450 tium
930 2411 1133 2451 minorum
1152 2418 1452 2451 sarmentorum
1470 2427 1541 2451 ca-

808 2470 916 2522 pita,
953 2469 998 2508 in
1033 2470 1179 2522 quibus
1213 2484 1296 2510 uva
1336 2471 1540 2522 nascitus-3

808 2528 962 2566 maiora
992 2528 1126 2581 capita
1156 2535 1254 2567 sunt
1283 2529 1440 2582 palmae
1468 2543 1540 2568 seu

808 2585 1004 2638 palmites.
1033 2586 1151 2625 Varr.
1176 2586 1218 2636 I,
1240 2589 1318 2637 31,
1338 2589 1377 2629 3.
1438 2587 1539 2626 Cum

807 2643 892 2696 ipse
909 2644 1121 2683 vinearum
1133 2644 1393 2684 colendarum
1410 2646 1538 2684 ratio-

808 2715 901 2740 nem
940 2701 1054 2741 haud
1089 2703 1253 2741 calleam
1270 2733 1281 2753 ‚
1338 2717 1538 2755 apponam

808 2760 1029 2799 verborum
1047 2761 1310 2810 sententiam,
1340 2774 1421 2799 una
1445 2774 1537 2799 cum

807 2818 967 2856 iudiciis
986 2831 1125 2858 eorum
1137 2850 1147 2869 ‚
1179 2820 1248 2871 qui
1264 2819 1389 2870 ipsam
1409 2825 1537 2856 artem

806 2876 1065 2928 profitentur.
1098 2876 1183 2915 Aut
1201 2884 1433 2925 utrumque,
1448 2877 1536 2926 fla-

805 2934 920 2985 gella
949 2949 1108 2973 summa
1125 2943 1259 2985 petere
1270 2942 1287 2982 ,'
1317 2939 1356 2970 et
1364 2933 1536 2983 plantas

812 3005 974 3029 summa
1010 3006 1059 3029 ex
1098 2991 1232 3030 arbore
1277 2990 1531 3042 destringere,
