<?xml version="1.0" encoding="UTF-8"?>
<!DOCTYPE html PUBLIC "-//W3C//DTD XHTML 1.0 Transitional//EN"
    "http://www.w3.org/TR/xhtml1/DTD/xhtml1-transitional.dtd">
<html xmlns="http://www.w3.org/1999/xhtml" xml:lang="en" lang="en">
 <head>
  <title>
</title>
<meta http-equiv="Content-Type" content="text/html;charset=utf-8" />
  <meta name='ocr-system' content='tesseract 3.04.00' />
  <meta name='ocr-capabilities' content='ocr_page ocr_carea ocr_par ocr_line ocrx_word'/>
</head>
<body>
  <div class='ocr_page' id='page_1' title='image "./publiusvirgilius01virguoft_0056.png"; bbox 0 0 1768 3320; ppageno 0'>
   <div class='ocr_carea' id='block_1_1' title="bbox 181 184 1310 246">
    <p class='ocr_par' dir='ltr' id='par_1_1' title="bbox 181 184 1310 246">
     <span class='ocr_line' id='line_1_1' title="bbox 181 184 1310 246; baseline -0.012 0"><span class='ocrx_word' id='word_1_1' title='bbox 181 211 345 246; x_wconf 76' lang='lat' dir='ltr'>vanl</span> <span class='ocrx_word' id='word_1_2' title='bbox 572 192 677 241; x_wconf 91' lang='lat' dir='ltr'>EX</span> <span class='ocrx_word' id='word_1_3' title='bbox 725 184 1310 240; x_wconf 85' lang='lat' dir='ltr'><strong>PRAEFATIONE</strong></span> 
     </span>
    </p>
   </div>
   <div class='ocr_carea' id='block_1_2' title="bbox 187 307 1768 3007">
    <p class='ocr_par' dir='ltr' id='par_1_2' title="bbox 187 307 1720 448">
     <span class='ocr_line' id='line_1_2' title="bbox 187 307 1720 388; baseline -0.009 -13"><span class='ocrx_word' id='word_1_4' title='bbox 187 331 349 388; x_wconf 88' lang='lat' dir='ltr'>esset,</span> <span class='ocrx_word' id='word_1_5' title='bbox 385 319 508 371; x_wconf 84' lang='lat' dir='ltr'>fore</span> <span class='ocrx_word' id='word_1_6' title='bbox 536 328 598 372; x_wconf 87' lang='lat' dir='ltr'>ut</span> <span class='ocrx_word' id='word_1_7' title='bbox 627 315 808 387; x_wconf 88' lang='lat' dir='ltr'>paullo</span> <span class='ocrx_word' id='word_1_8' title='bbox 839 323 964 384; x_wconf 86' lang='lat' dir='ltr'>post</span> <span class='ocrx_word' id='word_1_9' title='bbox 998 313 1105 364; x_wconf 92' lang='lat' dir='ltr'>hoc</span> <span class='ocrx_word' id='word_1_10' title='bbox 1128 313 1307 380; x_wconf 90' lang='lat' dir='ltr'>ipsum</span> <span class='ocrx_word' id='word_1_11' title='bbox 1339 307 1601 361; x_wconf 84' lang='lat' dir='ltr'>volumen</span> <span class='ocrx_word' id='word_1_12' title='bbox 1631 326 1720 361; x_wconf 86' lang='lat' dir='ltr'>re-</span> 
     </span>
     <span class='ocr_line' id='line_1_3' title="bbox 187 394 1603 448; baseline -0.008 -1"><span class='ocrx_word' id='word_1_13' title='bbox 187 394 426 448; x_wconf 81' lang='lat' dir='ltr'>cudatur.</span> <span class='ocrx_word' id='word_1_14' title='bbox 1596 394 1603 399; x_wconf 81' lang='grc'>’</span> 
     </span>
    </p>

    <p class='ocr_par' dir='ltr' id='par_1_3' title="bbox 188 450 1765 1940">
     <span class='ocr_line' id='line_1_4' title="bbox 188 450 1722 526; baseline -0.012 -8"><span class='ocrx_word' id='word_1_15' title='bbox 188 457 194 462; x_wconf 64' lang='grc'><strong>’</strong></span> <span class='ocrx_word' id='word_1_16' title='bbox 329 466 480 526; x_wconf 84' lang='lat' dir='ltr'>Quae</span> <span class='ocrx_word' id='word_1_17' title='bbox 505 460 561 513; x_wconf 90' lang='lat' dir='ltr'>in</span> <span class='ocrx_word' id='word_1_18' title='bbox 592 455 1033 526; x_wconf 80' lang='lat' dir='ltr'>interpretatione</span> <span class='ocrx_word' id='word_1_19' title='bbox 1065 469 1190 502; x_wconf 90' lang='lat' dir='ltr'>mea</span> <span class='ocrx_word' id='word_1_20' title='bbox 1217 450 1565 519; x_wconf 89' lang='lat' dir='ltr'>potissimum</span> <span class='ocrx_word' id='word_1_21' title='bbox 1597 466 1722 521; x_wconf 91' lang='lat' dir='ltr'>spe-</span> 
     </span>
     <span class='ocr_line' id='line_1_5' title="bbox 191 519 1722 598; baseline -0.01 -12"><span class='ocrx_word' id='word_1_22' title='bbox 191 534 401 598; x_wconf 85' lang='lat' dir='ltr'>ctarim,</span> <span class='ocrx_word' id='word_1_23' title='bbox 438 532 583 591; x_wconf 82' lang='lat' dir='ltr'>satiS‚</span> <span class='ocrx_word' id='word_1_24' title='bbox 621 538 779 597; x_wconf 91' lang='lat' dir='ltr'>puto,</span> <span class='ocrx_word' id='word_1_25' title='bbox 818 525 1116 594; x_wconf 86' lang='lat' dir='ltr'>expositum</span> <span class='ocrx_word' id='word_1_26' title='bbox 1149 540 1177 572; x_wconf 90' lang='lat' dir='ltr'>a</span> <span class='ocrx_word' id='word_1_27' title='bbox 1203 539 1296 573; x_wconf 90' lang='lat' dir='ltr'>me</span> <span class='ocrx_word' id='word_1_28' title='bbox 1322 530 1403 572; x_wconf 90' lang='lat' dir='ltr'>est</span> <span class='ocrx_word' id='word_1_29' title='bbox 1425 522 1481 571; x_wconf 91' lang='lat' dir='ltr'>in</span> <span class='ocrx_word' id='word_1_30' title='bbox 1509 519 1722 588; x_wconf 78' lang='lat' dir='ltr'>praefa-</span> 
     </span>
     <span class='ocr_line' id='line_1_6' title="bbox 189 591 1723 669; baseline -0.01 -12"><span class='ocrx_word' id='word_1_31' title='bbox 189 605 425 657; x_wconf 86' lang='lat' dir='ltr'>tionibus</span> <span class='ocrx_word' id='word_1_32' title='bbox 456 602 798 669; x_wconf 76' lang='lat' dir='ltr'>superiorum</span> <span class='ocrx_word' id='word_1_33' title='bbox 827 595 1182 648; x_wconf 84' lang='lat' dir='ltr'>voluminum.</span> <span class='ocrx_word' id='word_1_34' title='bbox 1251 597 1446 661; x_wconf 87' lang='lat' dir='ltr'>Neque</span> <span class='ocrx_word' id='word_1_35' title='bbox 1474 591 1602 642; x_wconf 91' lang='lat' dir='ltr'>ideo</span> <span class='ocrx_word' id='word_1_36' title='bbox 1634 608 1723 642; x_wconf 89' lang='lat' dir='ltr'>re-</span> 
     </span>
     <span class='ocr_line' id='line_1_7' title="bbox 190 663 1723 745; baseline -0.01 -18"><span class='ocrx_word' id='word_1_37' title='bbox 190 686 378 745; x_wconf 92' lang='lat' dir='ltr'>petere</span> <span class='ocrx_word' id='word_1_38' title='bbox 396 689 616 724; x_wconf 90' lang='lat' dir='ltr'>necesse</span> <span class='ocrx_word' id='word_1_39' title='bbox 639 680 739 735; x_wconf 90' lang='lat' dir='ltr'>est,</span> <span class='ocrx_word' id='word_1_40' title='bbox 777 686 864 719; x_wconf 90' lang='lat' dir='ltr'>me</span> <span class='ocrx_word' id='word_1_41' title='bbox 896 677 949 717; x_wconf 90' lang='lat' dir='ltr'>et</span> <span class='ocrx_word' id='word_1_42' title='bbox 975 665 1279 716; x_wconf 85' lang='lat' dir='ltr'>doctrinam</span> <span class='ocrx_word' id='word_1_43' title='bbox 1298 663 1503 729; x_wconf 85' lang='lat' dir='ltr'>Virgilii</span> <span class='ocrx_word' id='word_1_44' title='bbox 1526 671 1580 714; x_wconf 92' lang='lat' dir='ltr'>et</span> <span class='ocrx_word' id='word_1_45' title='bbox 1602 679 1723 713; x_wconf 91' lang='lat' dir='ltr'>ora-</span> 
     </span>
     <span class='ocr_line' id='line_1_8' title="bbox 191 734 1723 812; baseline -0.01 -15"><span class='ocrx_word' id='word_1_46' title='bbox 191 747 350 798; x_wconf 85' lang='lat' dir='ltr'>tionis</span> <span class='ocrx_word' id='word_1_47' title='bbox 399 744 641 812; x_wconf 89' lang='lat' dir='ltr'>poeticae</span> <span class='ocrx_word' id='word_1_48' title='bbox 678 739 923 792; x_wconf 91' lang='lat' dir='ltr'>indolem</span> <span class='ocrx_word' id='word_1_49' title='bbox 967 754 1025 787; x_wconf 89' lang='lat' dir='ltr'>ac</span> <span class='ocrx_word' id='word_1_50' title='bbox 1071 752 1276 785; x_wconf 84' lang='lat' dir='ltr'>caussas</span> <span class='ocrx_word' id='word_1_51' title='bbox 1306 734 1553 802; x_wconf 85' lang='lat' dir='ltr'>inprimis</span> <span class='ocrx_word' id='word_1_52' title='bbox 1587 750 1723 784; x_wconf 86' lang='lat' dir='ltr'>enu-</span> 
     </span>
     <span class='ocr_line' id='line_1_9' title="bbox 195 806 1726 874; baseline -0.009 -6"><span class='ocrx_word' id='word_1_53' title='bbox 195 818 369 868; x_wconf 91' lang='lat' dir='ltr'>cleare</span> <span class='ocrx_word' id='word_1_54' title='bbox 405 814 646 865; x_wconf 87' lang='lat' dir='ltr'>voluisse.</span> <span class='ocrx_word' id='word_1_55' title='bbox 731 809 895 874; x_wconf 85' lang='lat' dir='ltr'>Quod</span> <span class='ocrx_word' id='word_1_56' title='bbox 943 808 983 858; x_wconf 90' lang='lat' dir='ltr'>si</span> <span class='ocrx_word' id='word_1_57' title='bbox 1023 806 1425 874; x_wconf 89' lang='lat' dir='ltr'>reprehensum</span> <span class='ocrx_word' id='word_1_58' title='bbox 1467 806 1524 856; x_wconf 92' lang='lat' dir='ltr'>in</span> <span class='ocrx_word' id='word_1_59' title='bbox 1557 821 1726 873; x_wconf 91' lang='lat' dir='ltr'>opera</span> 
     </span>
     <span class='ocr_line' id='line_1_10' title="bbox 193 877 1726 950; baseline -0.008 -11"><span class='ocrx_word' id='word_1_60' title='bbox 193 906 316 939; x_wconf 87' lang='lat' dir='ltr'>mea</span> <span class='ocrx_word' id='word_1_61' title='bbox 347 885 470 950; x_wconf 85' lang='lat' dir='ltr'>fuit,</span> <span class='ocrx_word' id='word_1_62' title='bbox 506 901 596 934; x_wconf 91' lang='lat' dir='ltr'>me</span> <span class='ocrx_word' id='word_1_63' title='bbox 632 883 686 932; x_wconf 91' lang='lat' dir='ltr'>in</span> <span class='ocrx_word' id='word_1_64' title='bbox 715 879 988 931; x_wconf 85' lang='lat' dir='ltr'>nonnullis</span> <span class='ocrx_word' id='word_1_65' title='bbox 1020 877 1152 928; x_wconf 92' lang='lat' dir='ltr'>locis</span> <span class='ocrx_word' id='word_1_66' title='bbox 1175 878 1360 928; x_wconf 91' lang='lat' dir='ltr'>tenuia</span> <span class='ocrx_word' id='word_1_67' title='bbox 1386 893 1501 927; x_wconf 91' lang='lat' dir='ltr'>esse</span> <span class='ocrx_word' id='word_1_68' title='bbox 1523 892 1726 944; x_wconf 89' lang='lat' dir='ltr'>sequu—</span> 
     </span>
     <span class='ocr_line' id='line_1_11' title="bbox 194 947 1726 1024; baseline -0.008 -15"><span class='ocrx_word' id='word_1_69' title='bbox 194 969 338 1023; x_wconf 86' lang='lat' dir='ltr'>tum,</span> <span class='ocrx_word' id='word_1_70' title='bbox 379 964 558 1024; x_wconf 91' lang='lat' dir='ltr'>potest</span> <span class='ocrx_word' id='word_1_71' title='bbox 590 954 696 1004; x_wconf 88' lang='lat' dir='ltr'>hoc</span> <span class='ocrx_word' id='word_1_72' title='bbox 729 951 873 1002; x_wconf 87' lang='lat' dir='ltr'>forte</span> <span class='ocrx_word' id='word_1_73' title='bbox 919 949 1198 1017; x_wconf 87' lang='lat' dir='ltr'>aliquoties</span> <span class='ocrx_word' id='word_1_74' title='bbox 1241 947 1447 999; x_wconf 88' lang='lat' dir='ltr'>factum</span> <span class='ocrx_word' id='word_1_75' title='bbox 1482 964 1598 999; x_wconf 88' lang='lat' dir='ltr'>esse</span> <span class='ocrx_word' id='word_1_76' title='bbox 1629 964 1726 1015; x_wconf 89' lang='lat' dir='ltr'>pa-</span> 
     </span>
     <span class='ocr_line' id='line_1_12' title="bbox 195 1017 1757 1094; baseline -0.008 -14"><span class='ocrx_word' id='word_1_77' title='bbox 195 1047 319 1080; x_wconf 90' lang='lat' dir='ltr'>rum</span> <span class='ocrx_word' id='word_1_78' title='bbox 342 1035 675 1094; x_wconf 89' lang='lat' dir='ltr'>opportune;</span> <span class='ocrx_word' id='word_1_79' title='bbox 716 1040 829 1072; x_wconf 88' lang='lat' dir='ltr'>non</span> <span class='ocrx_word' id='word_1_80' title='bbox 857 1031 1041 1071; x_wconf 90' lang='lat' dir='ltr'>tamen</span> <span class='ocrx_word' id='word_1_81' title='bbox 1064 1019 1302 1072; x_wconf 88' lang='lat' dir='ltr'>oblivisci</span> <span class='ocrx_word' id='word_1_82' title='bbox 1329 1019 1608 1070; x_wconf 88' lang='lat' dir='ltr'>debebant</span> <span class='ocrx_word' id='word_1_83' title='bbox 1626 1017 1726 1069; x_wconf 89' lang='lat' dir='ltr'>viri</span> <span class='ocrx_word' id='word_1_84' title='bbox 1753 1059 1757 1062; x_wconf 88' lang='lat'><strong>.</strong></span> 
     </span>
     <span class='ocr_line' id='line_1_13' title="bbox 198 1086 1762 1164; baseline -0.007 -14"><span class='ocrx_word' id='word_1_85' title='bbox 198 1099 341 1150; x_wconf 92' lang='lat' dir='ltr'>docti</span> <span class='ocrx_word' id='word_1_86' title='bbox 360 1098 440 1160; x_wconf 89' lang='lat' dir='ltr'>id,</span> <span class='ocrx_word' id='word_1_87' title='bbox 479 1095 626 1164; x_wconf 89' lang='lat' dir='ltr'>quod</span> <span class='ocrx_word' id='word_1_88' title='bbox 653 1095 759 1144; x_wconf 89' lang='lat' dir='ltr'>iam</span> <span class='ocrx_word' id='word_1_89' title='bbox 782 1093 913 1143; x_wconf 92' lang='lat' dir='ltr'>olim</span> <span class='ocrx_word' id='word_1_90' title='bbox 948 1092 1145 1142; x_wconf 87' lang='lat' dir='ltr'>diserte</span> <span class='ocrx_word' id='word_1_91' title='bbox 1167 1092 1382 1155; x_wconf 88' lang='lat' dir='ltr'>monui,</span> <span class='ocrx_word' id='word_1_92' title='bbox 1419 1107 1512 1140; x_wconf 90' lang='lat' dir='ltr'>me</span> <span class='ocrx_word' id='word_1_93' title='bbox 1532 1088 1725 1141; x_wconf 88' lang='lat' dir='ltr'>fecisse</span> <span class='ocrx_word' id='word_1_94' title='bbox 1760 1086 1762 1091; x_wconf 75' lang='grc'><strong>’</strong></span> 
     </span>
     <span class='ocr_line' id='line_1_14' title="bbox 196 1163 1728 1230; baseline -0.007 -10"><span class='ocrx_word' id='word_1_95' title='bbox 196 1171 253 1221; x_wconf 92' lang='lat' dir='ltr'>id</span> <span class='ocrx_word' id='word_1_96' title='bbox 281 1167 468 1219; x_wconf 89' lang='lat' dir='ltr'>sedulo</span> <span class='ocrx_word' id='word_1_97' title='bbox 491 1168 545 1216; x_wconf 89' lang='lat' dir='ltr'>in</span> <span class='ocrx_word' id='word_1_98' title='bbox 564 1167 623 1216; x_wconf 91' lang='lat' dir='ltr'>iis</span> <span class='ocrx_word' id='word_1_99' title='bbox 643 1165 801 1229; x_wconf 80' lang='lat' dir='ltr'>lociS,</span> <span class='ocrx_word' id='word_1_100' title='bbox 838 1164 931 1214; x_wconf 89' lang='lat' dir='ltr'>ubi</span> <span class='ocrx_word' id='word_1_101' title='bbox 956 1163 1265 1230; x_wconf 89' lang='lat' dir='ltr'>superiores</span> <span class='ocrx_word' id='word_1_102' title='bbox 1286 1163 1612 1229; x_wconf 87' lang='lat' dir='ltr'>interpretes</span> <span class='ocrx_word' id='word_1_103' title='bbox 1636 1169 1728 1214; x_wconf 85' lang='lat' dir='ltr'>aut</span> 
     </span>
     <span class='ocr_line' id='line_1_15' title="bbox 196 1231 1729 1304; baseline -0.007 -13"><span class='ocrx_word' id='word_1_104' title='bbox 196 1241 426 1291; x_wconf 82' lang='lat' dir='ltr'>haesisse</span> <span class='ocrx_word' id='word_1_105' title='bbox 448 1247 536 1288; x_wconf 87' lang='lat' dir='ltr'>aut</span> <span class='ocrx_word' id='word_1_106' title='bbox 563 1237 737 1304; x_wconf 90' lang='lat' dir='ltr'>lapsos</span> <span class='ocrx_word' id='word_1_107' title='bbox 772 1252 886 1285; x_wconf 89' lang='lat' dir='ltr'>esse</span> <span class='ocrx_word' id='word_1_108' title='bbox 913 1234 1194 1296; x_wconf 83' lang='lat' dir='ltr'>videbam;</span> <span class='ocrx_word' id='word_1_109' title='bbox 1231 1243 1351 1284; x_wconf 91' lang='lat' dir='ltr'>tum</span> <span class='ocrx_word' id='word_1_110' title='bbox 1372 1231 1612 1284; x_wconf 87' lang='lat' dir='ltr'>formula</span> <span class='ocrx_word' id='word_1_111' title='bbox 1644 1231 1729 1282; x_wconf 91' lang='lat' dir='ltr'>lo-</span> 
     </span>
     <span class='ocr_line' id='line_1_16' title="bbox 199 1303 1729 1379; baseline -0.006 -18"><span class='ocrx_word' id='word_1_112' title='bbox 199 1311 399 1379; x_wconf 89' lang='lat' dir='ltr'>quendi</span> <span class='ocrx_word' id='word_1_113' title='bbox 429 1326 528 1376; x_wconf 91' lang='lat' dir='ltr'>per</span> <span class='ocrx_word' id='word_1_114' title='bbox 558 1325 614 1358; x_wconf 92' lang='lat' dir='ltr'>se</span> <span class='ocrx_word' id='word_1_115' title='bbox 642 1306 786 1357; x_wconf 88' lang='lat' dir='ltr'>sorte</span> <span class='ocrx_word' id='word_1_116' title='bbox 814 1316 926 1356; x_wconf 85' lang='lat' dir='ltr'>erat</span> <span class='ocrx_word' id='word_1_117' title='bbox 959 1305 1080 1355; x_wconf 89' lang='lat' dir='ltr'>satis</span> <span class='ocrx_word' id='word_1_118' title='bbox 1118 1313 1273 1367; x_wconf 87' lang='lat' dir='ltr'>nota,</span> <span class='ocrx_word' id='word_1_119' title='bbox 1313 1321 1438 1354; x_wconf 91' lang='lat' dir='ltr'>cum</span> <span class='ocrx_word' id='word_1_120' title='bbox 1460 1303 1729 1354; x_wconf 90' lang='lat' dir='ltr'>cumulas-</span> 
     </span>
     <span class='ocr_line' id='line_1_17' title="bbox 197 1373 1728 1445; baseline -0.005 -14"><span class='ocrx_word' id='word_1_121' title='bbox 197 1391 316 1431; x_wconf 89' lang='lat' dir='ltr'>sent</span> <span class='ocrx_word' id='word_1_122' title='bbox 346 1380 426 1430; x_wconf 90' lang='lat' dir='ltr'>alii</span> <span class='ocrx_word' id='word_1_123' title='bbox 459 1377 720 1445; x_wconf 84' lang='lat' dir='ltr'>exempla,</span> <span class='ocrx_word' id='word_1_124' title='bbox 759 1377 856 1427; x_wconf 90' lang='lat' dir='ltr'>sed</span> <span class='ocrx_word' id='word_1_125' title='bbox 890 1393 1068 1427; x_wconf 86' lang='lat' dir='ltr'>caussa</span> <span class='ocrx_word' id='word_1_126' title='bbox 1098 1385 1151 1426; x_wconf 87' lang='lat' dir='ltr'>et</span> <span class='ocrx_word' id='word_1_127' title='bbox 1172 1376 1333 1440; x_wconf 90' lang='lat' dir='ltr'>rati0,</span> <span class='ocrx_word' id='word_1_128' title='bbox 1371 1385 1433 1426; x_wconf 88' lang='lat' dir='ltr'>ut</span> <span class='ocrx_word' id='word_1_129' title='bbox 1456 1376 1512 1425; x_wconf 89' lang='lat' dir='ltr'>in</span> <span class='ocrx_word' id='word_1_130' title='bbox 1535 1373 1728 1443; x_wconf 90' lang='lat' dir='ltr'>pleris-</span> 
     </span>
     <span class='ocr_line' id='line_1_18' title="bbox 199 1447 1765 1520; baseline -0.004 -18"><span class='ocrx_word' id='word_1_131' title='bbox 199 1452 304 1520; x_wconf 87' lang='lat' dir='ltr'>que</span> <span class='ocrx_word' id='word_1_132' title='bbox 325 1450 441 1501; x_wconf 88' lang='lat' dir='ltr'>fieri</span> <span class='ocrx_word' id='word_1_133' title='bbox 475 1449 634 1513; x_wconf 90' lang='lat' dir='ltr'>solet,</span> <span class='ocrx_word' id='word_1_134' title='bbox 669 1449 847 1498; x_wconf 90' lang='lat' dir='ltr'>minus</span> <span class='ocrx_word' id='word_1_135' title='bbox 880 1457 991 1498; x_wconf 88' lang='lat' dir='ltr'>erat</span> <span class='ocrx_word' id='word_1_136' title='bbox 1013 1465 1109 1498; x_wconf 88' lang='lat' dir='ltr'>seu</span> <span class='ocrx_word' id='word_1_137' title='bbox 1139 1447 1447 1511; x_wconf 87' lang='lat' dir='ltr'>observata,</span> <span class='ocrx_word' id='word_1_138' title='bbox 1486 1463 1584 1496; x_wconf 91' lang='lat' dir='ltr'>seu</span> <span class='ocrx_word' id='word_1_139' title='bbox 1603 1462 1730 1514; x_wconf 90' lang='lat' dir='ltr'>per-</span> <span class='ocrx_word' id='word_1_140' title='bbox 1756 1480 1765 1483; x_wconf 21' lang='grc' dir='ltr'><em>Η</em></span> 
     </span>
     <span class='ocr_line' id='line_1_19' title="bbox 197 1516 1742 1590; baseline -0.004 -18"><span class='ocrx_word' id='word_1_141' title='bbox 197 1531 399 1590; x_wconf 88' lang='lat' dir='ltr'>specta:</span> <span class='ocrx_word' id='word_1_142' title='bbox 454 1520 592 1570; x_wconf 88' lang='lat' dir='ltr'>hanc</span> <span class='ocrx_word' id='word_1_143' title='bbox 637 1519 800 1585; x_wconf 84' lang='lat' dir='ltr'>digito</span> <span class='ocrx_word' id='word_1_144' title='bbox 839 1528 1143 1569; x_wconf 88' lang='lat' dir='ltr'>monstrare</span> <span class='ocrx_word' id='word_1_145' title='bbox 1186 1517 1363 1580; x_wconf 85' lang='lat' dir='ltr'>volui3</span> <span class='ocrx_word' id='word_1_146' title='bbox 1417 1516 1644 1567; x_wconf 86' lang='lat' dir='ltr'>tandem</span> <span class='ocrx_word' id='word_1_147' title='bbox 1677 1524 1742 1566; x_wconf 90' lang='lat' dir='ltr'>et·</span> 
     </span>
     <span class='ocr_line' id='line_1_20' title="bbox 196 1588 1732 1657; baseline -0.003 -15"><span class='ocrx_word' id='word_1_148' title='bbox 196 1593 363 1643; x_wconf 87' lang='lat' dir='ltr'>multa</span> <span class='ocrx_word' id='word_1_149' title='bbox 389 1593 444 1641; x_wconf 91' lang='lat' dir='ltr'>in</span> <span class='ocrx_word' id='word_1_150' title='bbox 473 1591 578 1641; x_wconf 89' lang='lat' dir='ltr'>hoc</span> <span class='ocrx_word' id='word_1_151' title='bbox 615 1607 814 1657; x_wconf 86' lang='lat' dir='ltr'>genere</span> <span class='ocrx_word' id='word_1_152' title='bbox 847 1608 961 1640; x_wconf 87' lang='lat' dir='ltr'>esse</span> <span class='ocrx_word' id='word_1_153' title='bbox 994 1589 1173 1639; x_wconf 91' lang='lat' dir='ltr'>solent</span> <span class='ocrx_word' id='word_1_154' title='bbox 1203 1589 1324 1646; x_wconf 87' lang='lat' dir='ltr'>satis</span> <span class='ocrx_word' id='word_1_155' title='bbox 1355 1588 1536 1653; x_wconf 84' lang='lat' dir='ltr'>obvia,</span> <span class='ocrx_word' id='word_1_156' title='bbox 1577 1588 1621 1637; x_wconf 88' lang='lat' dir='ltr'>si</span> <span class='ocrx_word' id='word_1_157' title='bbox 1645 1603 1732 1637; x_wconf 84' lang='lat' dir='ltr'>se·-</span> 
     </span>
     <span class='ocr_line' id='line_1_21' title="bbox 198 1658 1730 1729; baseline -0.004 -16"><span class='ocrx_word' id='word_1_158' title='bbox 198 1663 310 1713; x_wconf 87' lang='lat' dir='ltr'>mel</span> <span class='ocrx_word' id='word_1_159' title='bbox 339 1663 401 1712; x_wconf 90' lang='lat' dir='ltr'>ab</span> <span class='ocrx_word' id='word_1_160' title='bbox 438 1662 614 1729; x_wconf 91' lang='lat' dir='ltr'>aliquo</span> <span class='ocrx_word' id='word_1_161' title='bbox 648 1661 926 1711; x_wconf 88' lang='lat' dir='ltr'>observata</span> <span class='ocrx_word' id='word_1_162' title='bbox 963 1670 1016 1711; x_wconf 93' lang='lat' dir='ltr'>et</span> <span class='ocrx_word' id='word_1_163' title='bbox 1048 1660 1302 1728; x_wconf 86' lang='lat' dir='ltr'>explicata</span> <span class='ocrx_word' id='word_1_164' title='bbox 1340 1658 1566 1722; x_wconf 83' lang='lat' dir='ltr'>fuerint3</span> <span class='ocrx_word' id='word_1_165' title='bbox 1613 1674 1730 1708; x_wconf 91' lang='lat' dir='ltr'>non</span> 
     </span>
     <span class='ocr_line' id='line_1_22' title="bbox 199 1730 1731 1799; baseline -0.004 -15"><span class='ocrx_word' id='word_1_166' title='bbox 199 1751 320 1784; x_wconf 87' lang='lat' dir='ltr'>raro</span> <span class='ocrx_word' id='word_1_167' title='bbox 340 1731 534 1782; x_wconf 27' lang='lat' dir='ltr'>*tamen</span> <span class='ocrx_word' id='word_1_168' title='bbox 569 1733 766 1796; x_wconf 83' lang='lat' dir='ltr'>evenit,</span> <span class='ocrx_word' id='word_1_169' title='bbox 802 1741 863 1782; x_wconf 87' lang='lat' dir='ltr'>ut</span> <span class='ocrx_word' id='word_1_170' title='bbox 897 1731 983 1782; x_wconf 90' lang='lat' dir='ltr'>illa</span> <span class='ocrx_word' id='word_1_171' title='bbox 1012 1732 1124 1799; x_wconf 91' lang='lat' dir='ltr'>ipsa</span> <span class='ocrx_word' id='word_1_172' title='bbox 1152 1730 1403 1782; x_wconf 87' lang='lat' dir='ltr'>facillima</span> <span class='ocrx_word' id='word_1_173' title='bbox 1432 1731 1596 1795; x_wconf 90' lang='lat' dir='ltr'>ratio,</span> <span class='ocrx_word' id='word_1_174' title='bbox 1637 1745 1731 1779; x_wconf 88' lang='lat' dir='ltr'>an—</span> 
     </span>
     <span class='ocr_line' id='line_1_23' title="bbox 201 1798 1729 1871; baseline -0.003 -17"><span class='ocrx_word' id='word_1_175' title='bbox 201 1813 422 1871; x_wconf 88' lang='lat' dir='ltr'>tequam</span> <span class='ocrx_word' id='word_1_176' title='bbox 458 1812 752 1852; x_wconf 85' lang='lat' dir='ltr'>monstrata</span> <span class='ocrx_word' id='word_1_177' title='bbox 790 1812 950 1869; x_wconf 87' lang='lat' dir='ltr'>esset,</span> <span class='ocrx_word' id='word_1_178' title='bbox 998 1803 1391 1871; x_wconf 82' lang='lat' dir='ltr'>plerorumque</span> <span class='ocrx_word' id='word_1_179' title='bbox 1423 1801 1613 1853; x_wconf 90' lang='lat' dir='ltr'>oculos</span> <span class='ocrx_word' id='word_1_180' title='bbox 1643 1798 1729 1850; x_wconf 88' lang='lat' dir='ltr'>fu-</span> 
     </span>
     <span class='ocr_line' id='line_1_24' title="bbox 202 1884 366 1940; baseline 0.006 -15"><span class='ocrx_word' id='word_1_181' title='bbox 202 1884 366 1940; x_wconf 84' lang='lat' dir='ltr'>geret.</span> 
     </span>
    </p>

    <p class='ocr_par' dir='ltr' id='par_1_4' title="bbox 203 1943 1768 3007">
     <span class='ocr_line' id='line_1_25' title="bbox 342 1943 1733 2011; baseline -0.002 -16"><span class='ocrx_word' id='word_1_182' title='bbox 342 1948 388 1995; x_wconf 90' lang='lat' dir='ltr'>A</span> <span class='ocrx_word' id='word_1_183' title='bbox 424 1943 757 1994; x_wconf 87' lang='lat' dir='ltr'>cumulandis</span> <span class='ocrx_word' id='word_1_184' title='bbox 792 1944 1044 2011; x_wconf 82' lang='lat' dir='ltr'>exemplis</span> <span class='ocrx_word' id='word_1_185' title='bbox 1076 1945 1267 1996; x_wconf 89' lang='lat' dir='ltr'>sedulo</span> <span class='ocrx_word' id='word_1_186' title='bbox 1302 1944 1566 2009; x_wconf 85' lang='lat' dir='ltr'>abstinui,</span> <span class='ocrx_word' id='word_1_187' title='bbox 1606 1959 1733 1993; x_wconf 91' lang='lat' dir='ltr'>cum</span> 
     </span>
     <span class='ocr_line' id='line_1_26' title="bbox 203 2014 1733 2081; baseline -0.002 -16"><span class='ocrx_word' id='word_1_188' title='bbox 203 2016 430 2065; x_wconf 91' lang='lat' dir='ltr'>omnino</span> <span class='ocrx_word' id='word_1_189' title='bbox 471 2032 642 2064; x_wconf 87' lang='lat' dir='ltr'>essem</span> <span class='ocrx_word' id='word_1_190' title='bbox 678 2014 966 2081; x_wconf 83' lang='lat' dir='ltr'>proclivior</span> <span class='ocrx_word' id='word_1_191' title='bbox 1006 2016 1072 2066; x_wconf 91' lang='lat' dir='ltr'>ad</span> <span class='ocrx_word' id='word_1_192' title='bbox 1118 2016 1482 2067; x_wconf 85' lang='lat' dir='ltr'>observandas</span> <span class='ocrx_word' id='word_1_193' title='bbox 1526 2029 1733 2065; x_wconf 90' lang='lat' dir='ltr'>caussas</span> 
     </span>
     <span class='ocr_line' id='line_1_27' title="bbox 203 2084 1734 2156; baseline -0.001 -20"><span class='ocrx_word' id='word_1_194' title='bbox 203 2085 502 2136; x_wconf 85' lang='lat' dir='ltr'>formarum</span> <span class='ocrx_word' id='word_1_195' title='bbox 522 2084 782 2152; x_wconf 89' lang='lat' dir='ltr'>loquendi</span> <span class='ocrx_word' id='word_1_196' title='bbox 805 2095 857 2136; x_wconf 91' lang='lat' dir='ltr'>et</span> <span class='ocrx_word' id='word_1_197' title='bbox 879 2087 1291 2152; x_wconf 83' lang='lat' dir='ltr'>elegantiarum3</span> <span class='ocrx_word' id='word_1_198' title='bbox 1330 2095 1560 2156; x_wconf 83' lang='lat' dir='ltr'>possunt</span> <span class='ocrx_word' id='word_1_199' title='bbox 1585 2085 1734 2136; x_wconf 89' lang='lat' dir='ltr'>enim</span> 
     </span>
     <span class='ocr_line' id='line_1_28' title="bbox 207 2155 1734 2226; baseline -0.001 -19"><span class='ocrx_word' id='word_1_200' title='bbox 207 2156 447 2223; x_wconf 87' lang='lat' dir='ltr'>exempla</span> <span class='ocrx_word' id='word_1_201' title='bbox 485 2155 697 2206; x_wconf 89' lang='lat' dir='ltr'>alicuius</span> <span class='ocrx_word' id='word_1_202' title='bbox 732 2155 942 2207; x_wconf 85' lang='lat' dir='ltr'>formae</span> <span class='ocrx_word' id='word_1_203' title='bbox 976 2160 1174 2226; x_wconf 91' lang='lat' dir='ltr'>apponi</span> <span class='ocrx_word' id='word_1_204' title='bbox 1206 2161 1424 2222; x_wconf 85' lang='lat' dir='ltr'>vicena,</span> <span class='ocrx_word' id='word_1_205' title='bbox 1464 2167 1518 2208; x_wconf 92' lang='lat' dir='ltr'>et</span> <span class='ocrx_word' id='word_1_206' title='bbox 1547 2166 1734 2207; x_wconf 87' lang='lat' dir='ltr'>tamen</span> 
     </span>
     <span class='ocr_line' id='line_1_29' title="bbox 207 2225 1733 2298; baseline 0 -21"><span class='ocrx_word' id='word_1_207' title='bbox 207 2227 431 2277; x_wconf 89' lang='lat' dir='ltr'>obscura</span> <span class='ocrx_word' id='word_1_208' title='bbox 457 2243 675 2276; x_wconf 89' lang='lat' dir='ltr'>manere</span> <span class='ocrx_word' id='word_1_209' title='bbox 697 2225 907 2278; x_wconf 86' lang='lat' dir='ltr'>formae</span> <span class='ocrx_word' id='word_1_210' title='bbox 930 2230 1006 2278; x_wconf 89' lang='lat' dir='ltr'>vis</span> <span class='ocrx_word' id='word_1_211' title='bbox 1040 2247 1097 2280; x_wconf 91' lang='lat' dir='ltr'>ac</span> <span class='ocrx_word' id='word_1_212' title='bbox 1119 2231 1278 2282; x_wconf 85' lang='lat' dir='ltr'>ratio:</span> <span class='ocrx_word' id='word_1_213' title='bbox 1317 2229 1374 2280; x_wconf 90' lang='lat' dir='ltr'>id</span> <span class='ocrx_word' id='word_1_214' title='bbox 1397 2227 1551 2298; x_wconf 91' lang='lat' dir='ltr'>quod</span> <span class='ocrx_word' id='word_1_215' title='bbox 1571 2243 1733 2295; x_wconf 87' lang='lat' dir='ltr'>saepe</span> 
     </span>
     <span class='ocr_line' id='line_1_30' title="bbox 206 2297 1736 2365; baseline 0 -18"><span class='ocrx_word' id='word_1_216' title='bbox 206 2299 261 2347; x_wconf 90' lang='lat' dir='ltr'>in</span> <span class='ocrx_word' id='word_1_217' title='bbox 302 2298 540 2347; x_wconf 76' lang='lat' dir='ltr'>virorum</span> <span class='ocrx_word' id='word_1_218' title='bbox 586 2297 1048 2365; x_wconf 83' lang='lat' dir='ltr'>doctissimorum,</span> <span class='ocrx_word' id='word_1_219' title='bbox 1106 2302 1268 2351; x_wconf 87' lang='lat' dir='ltr'>etiam</span> <span class='ocrx_word' id='word_1_220' title='bbox 1297 2302 1409 2353; x_wconf 86' lang='lat' dir='ltr'>Nic.</span> <span class='ocrx_word' id='word_1_221' title='bbox 1443 2299 1648 2350; x_wconf 85' lang='lat' dir='ltr'>Heinsii</span> <span class='ocrx_word' id='word_1_222' title='bbox 1681 2306 1736 2348; x_wconf 87' lang='lat' dir='ltr'>et</span> 
     </span>
     <span class='ocr_line' id='line_1_31' title="bbox 204 2367 1736 2437; baseline 0.001 -20"><span class='ocrx_word' id='word_1_223' title='bbox 204 2368 512 2431; x_wconf 89' lang='lat' dir='ltr'>Burmanni,</span> <span class='ocrx_word' id='word_1_224' title='bbox 532 2367 976 2434; x_wconf 88' lang='lat' dir='ltr'>disputationibus</span> <span class='ocrx_word' id='word_1_225' title='bbox 996 2371 1317 2437; x_wconf 76' lang='lat' dir='ltr'>longissimis</span> <span class='ocrx_word' id='word_1_226' title='bbox 1338 2370 1544 2422; x_wconf 90' lang='lat' dir='ltr'>factum</span> <span class='ocrx_word' id='word_1_227' title='bbox 1562 2370 1736 2421; x_wconf 88' lang='lat' dir='ltr'>anim-</span> 
     </span>
     <span class='ocr_line' id='line_1_32' title="bbox 208 2438 1737 2510; baseline 0.001 -22"><span class='ocrx_word' id='word_1_228' title='bbox 208 2438 474 2499; x_wconf 81' lang='lat' dir='ltr'>advertas3</span> <span class='ocrx_word' id='word_1_229' title='bbox 527 2438 682 2503; x_wconf 88' lang='lat' dir='ltr'>dum,</span> <span class='ocrx_word' id='word_1_230' title='bbox 731 2440 862 2506; x_wconf 89' lang='lat' dir='ltr'>quid</span> <span class='ocrx_word' id='word_1_231' title='bbox 902 2458 963 2490; x_wconf 87' lang='lat' dir='ltr'>ex</span> <span class='ocrx_word' id='word_1_232' title='bbox 997 2441 1080 2491; x_wconf 87' lang='lat' dir='ltr'>his</span> <span class='ocrx_word' id='word_1_233' title='bbox 1127 2442 1305 2509; x_wconf 88' lang='lat' dir='ltr'>colligi</span> <span class='ocrx_word' id='word_1_234' title='bbox 1337 2443 1601 2510; x_wconf 85' lang='lat' dir='ltr'>possitae</span> <span class='ocrx_word' id='word_1_235' title='bbox 1638 2440 1737 2490; x_wconf 93' lang='lat' dir='ltr'>de-</span> 
     </span>
     <span class='ocr_line' id='line_1_33' title="bbox 205 2509 1739 2582; baseline 0.002 -24"><span class='ocrx_word' id='word_1_236' title='bbox 205 2509 352 2573; x_wconf 85' lang='lat' dir='ltr'>beat,</span> <span class='ocrx_word' id='word_1_237' title='bbox 392 2517 479 2558; x_wconf 90' lang='lat' dir='ltr'>aut</span> <span class='ocrx_word' id='word_1_238' title='bbox 499 2509 595 2575; x_wconf 88' lang='lat' dir='ltr'>ipsi</span> <span class='ocrx_word' id='word_1_239' title='bbox 621 2527 813 2576; x_wconf 89' lang='lat' dir='ltr'>parum</span> <span class='ocrx_word' id='word_1_240' title='bbox 832 2528 1179 2579; x_wconf 84' lang='lat' dir='ltr'>perspexere,</span> <span class='ocrx_word' id='word_1_241' title='bbox 1217 2523 1330 2579; x_wconf 87' lang='lat' dir='ltr'>aut,</span> <span class='ocrx_word' id='word_1_242' title='bbox 1369 2514 1411 2564; x_wconf 90' lang='lat' dir='ltr'>si</span> <span class='ocrx_word' id='word_1_243' title='bbox 1442 2511 1739 2582; x_wconf 85' lang='lat' dir='ltr'>perspicie-</span> 
     </span>
     <span class='ocr_line' id='line_1_34' title="bbox 206 2579 1738 2650; baseline 0.001 -21"><span class='ocrx_word' id='word_1_244' title='bbox 206 2579 358 2642; x_wconf 86' lang='lat' dir='ltr'>bant,</span> <span class='ocrx_word' id='word_1_245' title='bbox 414 2595 643 2628; x_wconf 88' lang='lat' dir='ltr'>monere</span> <span class='ocrx_word' id='word_1_246' title='bbox 689 2580 985 2644; x_wconf 85' lang='lat' dir='ltr'>neglexere.</span> <span class='ocrx_word' id='word_1_247' title='bbox 1058 2586 1120 2634; x_wconf 89' lang='lat' dir='ltr'>In</span> <span class='ocrx_word' id='word_1_248' title='bbox 1163 2584 1423 2650; x_wconf 89' lang='lat' dir='ltr'>elegantia</span> <span class='ocrx_word' id='word_1_249' title='bbox 1457 2593 1640 2635; x_wconf 86' lang='lat' dir='ltr'>autem</span> <span class='ocrx_word' id='word_1_250' title='bbox 1684 2590 1738 2632; x_wconf 87' lang='lat' dir='ltr'>et</span> 
     </span>
     <span class='ocr_line' id='line_1_35' title="bbox 207 2650 1737 2721; baseline 0.002 -21"><span class='ocrx_word' id='word_1_251' title='bbox 207 2659 399 2700; x_wconf 87' lang='lat' dir='ltr'>ornatu</span> <span class='ocrx_word' id='word_1_252' title='bbox 423 2650 697 2713; x_wconf 88' lang='lat' dir='ltr'>orationis,</span> <span class='ocrx_word' id='word_1_253' title='bbox 735 2651 1087 2721; x_wconf 90' lang='lat' dir='ltr'>inprimisque</span> <span class='ocrx_word' id='word_1_254' title='bbox 1109 2657 1325 2721; x_wconf 88' lang='lat' dir='ltr'>poetico</span> <span class='ocrx_word' id='word_1_255' title='bbox 1341 2698 1354 2719; x_wconf 89' lang='lat'>,</span> <span class='ocrx_word' id='word_1_256' title='bbox 1390 2655 1630 2706; x_wconf 90' lang='lat' dir='ltr'>multum</span> <span class='ocrx_word' id='word_1_257' title='bbox 1648 2669 1737 2703; x_wconf 85' lang='lat' dir='ltr'>rc-</span> 
     </span>
     <span class='ocr_line' id='line_1_36' title="bbox 204 2719 1738 2792; baseline 0.003 -23"><span class='ocrx_word' id='word_1_258' title='bbox 204 2719 334 2783; x_wconf 85' lang='lat' dir='ltr'>fert,</span> <span class='ocrx_word' id='word_1_259' title='bbox 373 2736 437 2769; x_wconf 89' lang='lat' dir='ltr'>an</span> <span class='ocrx_word' id='word_1_260' title='bbox 461 2729 644 2769; x_wconf 87' lang='lat' dir='ltr'>teneas</span> <span class='ocrx_word' id='word_1_261' title='bbox 666 2737 902 2772; x_wconf 89' lang='lat' dir='ltr'>caussam</span> <span class='ocrx_word' id='word_1_262' title='bbox 928 2741 985 2772; x_wconf 91' lang='lat' dir='ltr'>ac</span> <span class='ocrx_word' id='word_1_263' title='bbox 1003 2725 1235 2775; x_wconf 91' lang='lat' dir='ltr'>modum</span> <span class='ocrx_word' id='word_1_264' title='bbox 1260 2725 1519 2792; x_wconf 88' lang='lat' dir='ltr'>figuratae.</span> <span class='ocrx_word' id='word_1_265' title='bbox 1545 2724 1738 2775; x_wconf 88' lang='lat' dir='ltr'>dictio-</span> 
     </span>
     <span class='ocr_line' id='line_1_37' title="bbox 205 2791 1768 2863; baseline 0.003 -23"><span class='ocrx_word' id='word_1_266' title='bbox 205 2792 311 2850; x_wconf 76' lang='lat' dir='ltr'>nis,</span> <span class='ocrx_word' id='word_1_267' title='bbox 349 2791 587 2839; x_wconf 85' lang='lat' dir='ltr'>inversae</span> <span class='ocrx_word' id='word_1_268' title='bbox 617 2799 934 2855; x_wconf 83' lang='lat' dir='ltr'>structurae,</span> <span class='ocrx_word' id='word_1_269' title='bbox 979 2804 1214 2846; x_wconf 87' lang='lat' dir='ltr'>mutatae</span> <span class='ocrx_word' id='word_1_270' title='bbox 1242 2797 1471 2863; x_wconf 86' lang='lat' dir='ltr'>vulgaris</span> <span class='ocrx_word' id='word_1_271' title='bbox 1508 2811 1738 2847; x_wconf 58' lang='lat' dir='ltr'>consue-⁴</span> <span class='ocrx_word' id='word_1_272' title='bbox 1764 2828 1768 2833; x_wconf 65' lang='grc'><strong>»</strong></span> 
     </span>
     <span class='ocr_line' id='line_1_38' title="bbox 204 2861 1740 2935; baseline 0.004 -25"><span class='ocrx_word' id='word_1_273' title='bbox 204 2862 404 2912; x_wconf 88' lang='lat' dir='ltr'>tudinis</span> <span class='ocrx_word' id='word_1_274' title='bbox 434 2861 487 2909; x_wconf 90' lang='lat' dir='ltr'>in</span> <span class='ocrx_word' id='word_1_275' title='bbox 519 2861 916 2928; x_wconf 87' lang='lat' dir='ltr'>exquisitiorem</span> <span class='ocrx_word' id='word_1_276' title='bbox 950 2881 1008 2913; x_wconf 91' lang='lat' dir='ltr'>ac</span> <span class='ocrx_word' id='word_1_277' title='bbox 1050 2865 1377 2932; x_wconf 87' lang='lat' dir='ltr'>doctiorem,</span> <span class='ocrx_word' id='word_1_278' title='bbox 1427 2884 1567 2935; x_wconf 85' lang='lat' dir='ltr'>quae</span> <span class='ocrx_word' id='word_1_279' title='bbox 1602 2882 1740 2935; x_wconf 83' lang='lat' dir='ltr'>poe-</span> 
     </span>
     <span class='ocr_line' id='line_1_39' title="bbox 206 2931 1767 3007; baseline 0.003 -26"><span class='ocrx_word' id='word_1_280' title='bbox 206 2940 318 2982; x_wconf 90' lang='lat' dir='ltr'>tam</span> <span class='ocrx_word' id='word_1_281' title='bbox 349 2931 563 2992; x_wconf 81' lang='lat' dir='ltr'>deceat3</span> <span class='ocrx_word' id='word_1_282' title='bbox 611 2948 719 2997; x_wconf 23' lang='lat' dir='ltr'>*nec</span> <span class='ocrx_word' id='word_1_283' title='bbox 749 2932 848 2984; x_wconf 90' lang='lat' dir='ltr'>nisi</span> <span class='ocrx_word' id='word_1_284' title='bbox 885 2933 1019 2985; x_wconf 91' lang='lat' dir='ltr'>haec</span> <span class='ocrx_word' id='word_1_285' title='bbox 1062 2940 1393 3005; x_wconf 81' lang='lat' dir='ltr'>perspexerit</span> <span class='ocrx_word' id='word_1_286' title='bbox 1425 2938 1614 3007; x_wconf 87' lang='lat' dir='ltr'>aliquis</span> <span class='ocrx_word' id='word_1_287' title='bbox 1654 2949 1767 2987; x_wconf 69' lang='lat' dir='ltr'>ac-&#39;</span> 
     </span>
    </p>
   </div>
  </div>
 </body>
</html>
