1768 3320
147 258 252 307 230

495 255 551 304 P.
589 251 952 305 VIRGILII
995 221 1376 301 MARole

145 382 287 432 Ecce
304 379 535 431 Dionaei
554 378 818 446 processit
839 376 1076 428 Caesaris
1101 385 1328 437 astrum3

146 454 391 516 Astrum‚
431 466 541 518 quo
568 458 777 514 segetes
798 446 1098 512 gauderent
1118 445 1390 512 frugibus3
1430 454 1484 496 et
1505 461 1615 514 quo

144 524 383 574 Duceret
408 521 596 588 apricis
617 520 672 569 in
699 518 928 568 collibus
952 535 1056 568 uva
1079 517 1338 569 colorem.

146 595 357 657 Insere,
403 590 646 658 Daphni,
691 590 864 656 piros3
915 597 1137 655 carpent
1173 597 1265 638 tua
1304 603 1471 655 poma
1513 602 1688 653 nepo-

942 668 1038 710 tes,
1051 664 1080 688 ‘⁶

1620 658 1688 708 50

150 732 349 784 Omnia
394 729 502 782 fert
550 739 715 795 aetaS,
772 730 1015 779 animum
1064 743 1314 795 quoque3
1375 742 1535 793 saepe
1586 742 1686 792 ego

944 799 1137 864 longos

149 868 432 925 Cantando
459 887 695 939 puerum
712 870 941 921 memini
963 886 1056 919 me
1079 867 1318 918 condere
1338 858 1502 918 soles:

146 946 303 996 Nunc
329 941 494 992 oblita
520 940 657 990 mihi
678 949 761 991 tot
783 941 1041 1002 carmina3
1077 955 1180 989 vox
1206 954 1428 1006 quoque
1452 937 1689 988 Moerim

219 1039 301 1089 53.
337 1039 562 1086 MOERIN

193 1163 242 1201 47
265 1165 457 1199 Dionaeas
476 1175 560 1197 vero
580 1170 696 1197 recte:
722 1160 855 1209 Κύπρι
872 1162 1058 1207 Διωναία,
1080 1162 1176 1208 apud
1196 1162 1353 1196 Theocr.
1372 1162 1458 1204 XV,
1479 1162 1560 1198 106.
1641 1159 1688 1198 48

147 1220 186 1246 et
205 1213 304 1259 qaod
321 1211 451 1245 Medic.
478 1223 498 1244 a
516 1224 562 1245 m.
580 1223 635 1257 pr.

731 1209 778 1246 49
805 1223 828 1244 a
853 1212 992 1258 priscis
1019 1209 1156 1244 Zulich.
1202 1211 1242 1243 in
1270 1207 1436 1242 vallibus
1458 1221 1514 1254 ap.
1534 1208 1688 1242 Nonium

146 1259 354 1293 Marcellum
374 1259 410 1291 iu
430 1259 576 1292 ducere.
613 1258 751 1305 apricis
771 1259 810 1291 in
828 1256 984 1292 collibus
1004 1265 1057 1291 est
1079 1269 1220 1303 quoque
1240 1255 1277 1289 in
1299 1255 1433 1290 Tibull.
1452 1258 1477 1298 Ι,
1498 1253 1533 1299 4,
1556 1257 1612 1292 19.
1647 1257 1689 1290 in

147 1308 288 1354 apricis
308 1307 410 1340 saxis
433 1313 487 1339 est
513 1305 575 1339 inf.
596 1306 661 1339 Ge.
682 1306 726 1347 II,
745 1305 828 1341 522.

924 1305 972 1341 50
998 1305 1194 1338 Obscurum
1214 1309 1268 1337 est
1294 1304 1390 1349 quod
1407 1304 1624 1348 Pomponius
1643 1304 1690 1337 ad.

146 1354 183 1387 h.
205 1366 238 1388 v.
258 1353 387 1387 habet:
423 1354 494 1396 „In
521 1352 644 1387 codice
663 1352 869 1397 Aproniano
894 1351 965 1386 hoc
990 1352 1159 1397 scriptum
1181 1357 1259 1385 erat
1273 1352 1435 1396 Nepotes
1463 1350 1543 1384 hi.“
1640 1351 1688 1387 52

151 1401 345 1435 Cantando
372 1401 521 1435 solitam
540 1400 729 1445 Agroetius
752 1400 798 1433 de
824 1399 1096 1445 orthographia.
1147 1398 1343 1432 Cantando
1368 1398 1502 1445 longos
1522 1398 1689 1432 Scholia-

148 1455 218 1482 stes
236 1449 362 1481 Horat.
385 1448 450 1482 Od.
468 1449 530 1491 IV,
547 1448 594 1484 5.
621 1448 757 1481 ducere
779 1447 877 1482 soles
898 1447 1060 1489 Gudian.,
1085 1446 1150 1480 sed
1170 1446 1305 1479 ducere
1326 1445 1433 1478 modo
1453 1458 1484 1479 v.
1501 1443 1558 1481 49.
1641 1446 1689 1482 53

113 1505 119 1509 “
147 1497 297 1530 Moerin
318 1501 355 1528 et
374 1495 433 1529 hic
450 1494 586 1529 refinxi.
625 1495 745 1539 Vulgo
766 1495 942 1528 Moerim:
966 1507 998 1528 v.
1018 1494 1064 1528 ad
1083 1494 1158 1528 Ecl.
1178 1495 1222 1536 II,
1240 1494 1298 1529 26.
1349 1492 1501 1538 (Reduxi
1519 1494 1688 1528 Moerim.

146 1542 276 1577 Medic.
296 1543 397 1589 quod
413 1544 609 1586 moverim,
633 1554 739 1588 supra
756 1542 896 1575 literam
913 1543 938 1576 d
957 1541 1091 1588 scripta
1111 1554 1151 1588 q,
1174 1547 1211 1574 et
1227 1539 1265 1573 in
1282 1541 1457 1574 moverim
1474 1541 1689 1575 transfossae

147 1603 173 1625 v
193 1595 231 1624 et
252 1603 282 1624 e.
315 1590 412 1636 Wr.)

147 1696 205 1735 De
244 1709 291 1735 ea
336 1696 453 1735 stella
484 1696 568 1736 vid.
598 1695 701 1735 Plin.
733 1695 790 1746 H,
817 1698 888 1737 23.

147 1754 220 1794 ubi
234 1755 323 1809 ipsa
341 1753 516 1807 Augusti
534 1755 662 1793 verba
684 1753 890 1806 adscripta

149 1819 258 1864 sunt,
280 1815 446 1852 Sueton.
458 1813 568 1851 Caes.
582 1814 650 1855 88.
682 1812 755 1850 Dio
767 1811 889 1862 XLV,

149 1874 177 1914 7
197 1877 239 1910 et
258 1877 344 1911 not.
358 1873 508 1910 Seneca
519 1871 599 1920 Qu.
616 1871 707 1909 Nat.
721 1870 804 1921 VII,
823 1872 890 1912 17.

148 1929 332 1968 Eandem
363 1943 398 1969 a.
422 1932 546 1972 1680.
576 1929 728 1968 iterum
748 1928 792 1967 in
810 1927 891 1966 ho-

147 1988 306 2027 minum
323 1994 584 2040 conspectum
598 1988 768 2037 venisse,
788 1986 892 2025 Hal-

148 2046 251 2085 leius
290 2046 436 2098 aliique
470 2046 551 2085 viri
584 2045 697 2085 docti
737 2044 893 2098 opinati

149 2110 259 2144 sunt.
319 2105 510 2143 Ceterum
527 2104 648 2144 istam
666 2104 824 2142 stellam
846 2103 892 2142 in

149 2162 283 2202 numis
310 2163 555 2215 gemmisque
581 2162 779 2215 conspici,
811 2176 891 2200 no-

148 2227 240 2261 tum
261 2227 333 2260 est.
375 2223 579 2271 Dionaei,
612 2220 725 2273 quod
744 2221 890 2258 Caesar

149 2292 275 2332 genus
299 2280 348 2318 ab
371 2280 479 2329 Iulo,
511 2279 692 2332 adeoque
712 2278 893 2317 Anchisa

150 2343 193 2377 et
219 2337 397 2388 Venere,
438 2337 586 2377 ducere
625 2337 891 2388 credebatur,

149 2402 282 2435 mater
302 2402 439 2435 autem
453 2396 620 2435 Veneris
630 2398 781 2435 Dione.
813 2397 891 2434 Ia-

151 2455 255 2493 lium
277 2454 389 2493 sidus
407 2454 552 2494 Horat.
574 2454 651 2493 Od.
670 2454 702 2504 I,
731 2457 798 2504 12,
820 2451 890 2495 47.

142 2514 340 2565 processit
355 2542 367 2562 ,
413 2518 505 2551 orta
533 2519 594 2551 est
620 2513 748 2551 siena.
807 2511 891 2550 Ecl.

151 2570 228 2620 VI,
260 2572 316 2613 86
354 2572 479 2610 invito
513 2573 709 2623 processit
740 2571 787 2610 V
781 2583 894 2621 esper

159 2628 350 2681 Oh‘mpo.
424 2627 515 2667 Alio
563 2629 687 2667 modo
738 2642 892 2666 menses

143 2686 371 2738 procedunt
388 2687 470 2726 Ecl.
489 2686 557 2737 IV,
590 2690 656 2729 12.
701 2685 891 2724 Laudant

152 2744 318 2784 Homer.
331 2744 445 2784 Iliad.
462 2761 499 2794 κ,
520 2745 606 2787 252
626 2742 754 2796 ἄστρα
775 2741 819 2784 δὲ
838 2740 889 2796 δὴ

152 2801 397 2857 προβέβηκε,
419 2816 563 2842 verum
582 2802 652 2841 hic
668 2802 746 2840 alio
766 2801 891 2839 modo

153 2861 310 2900 dictum
330 2867 391 2900 est
412 2867 454 2899 et
473 2860 650 2914 petitum
673 2875 696 2898 a
713 2865 831 2898 motu
850 2864 892 2897 et

151 2932 368 2973 progressu
401 2919 582 2958 siderum
616 2918 670 2956 ad
703 2931 891 2957 occasum

151 2978 407 3030 vergentium
425 2977 478 3016 ad
497 2976 709 3016 oculorum
729 2989 892 3014 sensum

154 3042 310 3075 notato.
342 3035 425 3075 vid.
448 3036 617 3074 Excurs
637 3034 747 3074 II.ad
765 3034 833 3073 lib.
854 3032 890 3073 II

948 1695 1049 1734 Aen.

948 1754 1103 1793 bonum
1126 1754 1289 1805 frugum
1314 1759 1564 1805 proventum
1585 1753 1689 1792 omi-

948 1813 1041 1851 nari
1060 1818 1101 1850 et
1120 1818 1328 1850 maturare
1342 1810 1522 1863 fingitur.
1554 1813 1689 1850 Insere

951 1884 1022 1909 seu
1046 1870 1232 1924 proprie,
1264 1882 1335 1908 seu
1355 1869 1539 1908 omnino:
1568 1870 1690 1923 plan-

949 1935 1012 1968 ta:
1043 1929 1091 1968 cf.
1110 1928 1275 1967 Martin.

1010 1987 1079 2030 51.
1127 1987 1279 2025 Omnia
1293 1985 1383 2038 fert
1412 1994 1526 2024 aetas
1540 2016 1551 2035 ,
1592 1988 1689 2024 ani-

949 2060 1064 2083 mum
1102 2059 1274 2099 quoque.
1353 2043 1549 2083 Memoria
1587 2044 1690 2083 defi-

950 2104 1081 2143 ciente
1110 2103 1269 2142 Moerin
1296 2102 1431 2142 subito
1461 2102 1688 2153 obticuisse,

948 2175 1034 2212 nee,
1067 2162 1178 2214 quod
1201 2167 1401 2214 coeperat,
1426 2160 1594 2214 implere
1610 2176 1689 2214 po-

948 2221 1073 2260 tuisse
1106 2226 1209 2273 puta
1218 2235 1229 2271 3
1281 2219 1397 2258 addit
1425 2219 1565 2270 itaque
1597 2234 1690 2259 cum

951 2278 1111 2318 dolore:
1137 2278 1284 2317 Omnia
1303 2279 1448 2328 aufert,
1468 2278 1601 2331 eripit,
1623 2285 1690 2317 at-

948 2338 1048 2376 terit
1081 2343 1213 2387 aetas,
1254 2337 1378 2375 etiam
1411 2336 1535 2375 animi
1568 2337 1689 2388 vires,

948 2396 1198 2435 memoriam.
1243 2394 1370 2447 Atqui
1387 2407 1503 2447 saepe
1522 2408 1591 2448 ego
1611 2409 1688 2447 me,

951 2454 1051 2493 dum
1070 2467 1173 2508 puer
1194 2466 1338 2503 essem,
1368 2453 1553 2503 memini,
1577 2459 1690 2492 totos

952 2512 1036 2551 dies
1067 2511 1240 2551 aestivos
1271 2510 1475 2550 cantando
1512 2511 1689 2564 exigere3

949 2584 1062 2609 nunc
1081 2576 1147 2609 tot
1169 2569 1394 2608 carminum
1417 2569 1566 2609 oblitus
1586 2584 1688 2621 sum,

949 2628 1038 2682 ipsa
1060 2629 1182 2667 etiam
1204 2641 1290 2667 vox
1309 2641 1374 2665 me
1402 2627 1557 2667 deficit:
1590 2643 1689 2667 con-

949 2687 1040 2725 dere
1068 2687 1194 2735 soles,
1235 2691 1284 2724 ut
1306 2685 1452 2725 Horat.
1476 2686 1530 2726 IV
1557 2687 1688 2726 carm.

951 2744 991 2794 5,
1008 2746 1064 2786 29
1099 2743 1242 2782 Condit
1262 2745 1430 2796 quisque
1446 2744 1555 2783 diem
1569 2746 1689 2783 oolli-

951 2801 1024 2840 bus
1051 2803 1094 2841 ιή
1113 2803 1223 2850 suis;
1254 2816 1331 2854 pro
1357 2802 1543 2854 vulgari,
1573 2803 1689 2843 videt

952 2859 1058 2898 diem
1087 2859 1219 2899 condi.
1281 2860 1406 2908 Quod
1431 2861 1479 2899 fit
1511 2861 1554 2899 in
1581 2867 1689 2900 tem—

948 2931 1069 2970 pore,
1106 2918 1306 2957 tribuitur
1334 2919 1451 2958 alteri
1480 2925 1690 2971 tamquam

950 2976 1077 3016 actio:
1109 2976 1233 3029 exigit
1255 2976 1361 3015 diem
1371 3007 1390 3027 ,ὁ
1412 2977 1589 3030 peragit,
1620 2977 1689 3016 su-

949 3040 1037 3086 gat,
1063 3034 1174 3085 finit,
1197 3034 1378 3087 adeoque
1395 3044 1568 3088 quoque,
1588 3048 1689 3084 con-

1117 1695 1214 1734 Eius
1255 1707 1354 1734 vero
1393 1694 1532 1732 stellae
1573 1700 1689 1734 ortus
