1768 3320
123 935 126 938 ,
182 904 226 938 cf.
244 903 289 936 ad
308 904 446 936 Lueret.
462 904 523 944 IV,
543 904 600 938 78.

180 219 300 268 150-
503 217 559 266 P.
595 204 952 265 V1RG1L11
995 211 1373 263 MARONIS

178 338 299 393 Sive‘
316 349 469 391 antro
493 341 671 408 potius
693 339 1041 390 succedimus,
1114 336 1344 405 Adspice
1359 379 1372 403 ‚
1399 347 1469 390 ut*
1485 348 1702 391 antrum

179 411 438 462 Silvestris
457 412 586 461 raris
609 411 797 478 sparsit
813 410 1054 459 labrusca
1072 409 1313 460 racemis,

176 499 265 534 ME.
301 482 578 533 Montibus
601 481 657 531 in
681 481 875 530 nostris
895 478 1037 528 solus
1055 478 1153 528 tibi
1176 487 1341 528 certat
1363 480 1629 543 Amyntas,

176 567 271 604 Mo,
287 551 445 616 Quid,
462 552 502 601 si
516 551 663 602 idem
675 559 841 600 certet
851 548 1140 599 Phoebum
1151 565 1405 616 superare
1420 548 1664 599 canendo
1679 556 1702 601 ?

250 651 296 697 8.
336 660 538 695 CERTET

181 760 406 797 motantibus
428 775 504 796 esse
533 758 760 796 moventibus
782 772 831 793 se.
877 758 994 793 Etiam
1010 758 1083 793 Ecl,
1102 760 1163 803 VI,
1186 761 1232 797 28
1262 761 1406 809 rigidas
1423 769 1565 796 motare
1590 774 1705 797 eacu-

180 811 279 843 mina
304 822 468 855 quercas.
515 811 616 843 Nunc
635 820 712 841 cum
738 807 887 840 alterum
916 813 953 839 et
975 806 1090 851 ipsum
1108 806 1224 841 locum
1250 808 1343 842 tueri
1366 809 1504 853 possit,
1529 809 1705 844 retinetur

180 856 286 896 illud,
312 868 356 889 ne
374 856 499 889 iterum
523 855 635 889 variet
653 854 796 898 vulgata
814 853 935 887 lectio.
984 854 1135 887 Mutavit
1153 860 1273 888 tamen
1292 855 1418 890 iterum
1437 856 1581 891 Wakef.
1601 869 1704 902 quem

650 899 901 946 (Mutantibus
921 900 1027 933 etiam
1044 898 1078 935 4.
1104 903 1158 937 11.
1188 902 1284 947 quod
1309 902 1403 936 tueri
1420 902 1559 936 videtur
1578 903 1703 938 Lach-

181 962 295 984 mann.
324 950 369 982 ad
389 951 494 994 Prop.
514 951 557 991 11,
585 951 628 984 10
647 948 701 993 [9]
714 974 723 990 ,
743 949 800 983 33.
826 959 940 993 neque
965 947 1052 989 hoc,
1087 954 1127 980 ut
1147 949 1294 982 Vossius
1307 975 1316 991 ,
1340 949 1538 995 Spohnius‚
1561 951 1703 985 Iahnius

182 1003 356 1038 statuunt,
390 995 544 1030 deterius
574 995 618 1028 ad
645 1007 795 1029 sensum.
842 994 925 1036 Vid,
957 995 1111 1028 Gronov,
1134 995 1216 1029 Obs.
1247 996 1271 1030 1.
1294 998 1360 1039 ΙΙΙ,
1387 1009 1416 1030 c-
1438 999 1471 1033 1.
1505 997 1629 1032 Heius.
1658 999 1705 1033 ad

183 1043 283 1077 Ovid.
305 1045 388 1076 Met,
409 1045 504 1084 XIII,
531 1043 612 1078 937.
662 1041 816 1075 Restitui
841 1048 958 1075 tamen
986 1041 1227 1084 motantibus,
1260 1050 1335 1077 tum
1363 1043 1458 1089 quod
1480 1056 1500 1078 a
1516 1045 1639 1080 Servio
1668 1052 1705 1079 et

182 1090 324 1135 potiore
347 1090 504 1123 codicum
527 1096 629 1134 parte
655 1089 834 1130 firmatur3
868 1096 962 1131 tum,
988 1089 1083 1133 quod
1105 1089 1180 1122 fere
1199 1090 1328 1136 ubique
1347 1102 1414 1135 pro
1438 1091 1574 1125 rariore
1592 1093 1703 1127 verbo

183 1146 324 1171 motare
347 1137 455 1181 magis
477 1137 599 1170 tritum
617 1145 759 1169 mutare
776 1135 814 1168 in
837 1135 941 1169 codd.
964 1135 1198 1170 substituitur.
1247 1138 1317 1171 Cfr.
1337 1138 1412 1172 Ecl,
1430 1139 1497 1181 VI,
1521 1139 1580 1176 28.
1615 1142 1702 1174 Aen.

182 1186 242 1224 ΙΙΙ,
264 1184 343 1219 581.
393 1186 607 1229 Quamquam
626 1183 730 1216 etiam
749 1191 893 1216 mutare
914 1182 951 1216 in
972 1191 1114 1216 motare
1138 1195 1157 1218 a
1175 1183 1329 1218 librariis
1351 1184 1528 1219 interdum
1545 1186 1705 1222 conuerti

184 1231 314 1264 docent
332 1232 486 1264 Gronov.
515 1238 550 1264 et
568 1230 688 1264 Heins.
716 1229 740 1262 l.
763 1230 789 1262 l.
822 1229 915 1274 Wr.)
1012 1231 1034 1265 6
1059 1238 1173 1264 antra
1191 1232 1353 1266 Parthas.
1382 1231 1612 1268 subsedimus
1630 1236 1704 1269 Zu-

182 1277 265 1311 lich.
361 1278 382 1313 7
402 1279 534 1324 paucis
557 1277 657 1311 Leid.
686 1289 705 1310 e
735 1277 865 1321 glossa.
898 1277 1016 1311 variis
1044 1276 1135 1311 coni.
1168 1278 1354 1313 Schrader.
1404 1280 1580 1325 Opposita
1603 1288 1704 1316 sunt:

184 1337 310 1358 rarum
339 1344 383 1349 —-
411 1326 634 1358 continuum.
737 1325 759 1359 8
790 1332 910 1357 certat
937 1323 1151 1369 antiquiores
1179 1325 1255 1359 fere
1282 1338 1401 1360 omnes
1429 1339 1506 1360 cum
1531 1328 1704 1363 Arusiano

187 1371 330 1404 Messio.
354 1383 386 1404 v.
405 1371 496 1405 Pier.
522 1378 555 1404 et
574 1370 708 1413 Heius„
734 1371 829 1416 quod
847 1371 1007 1416 equidem
1027 1372 1234 1416 praeferam.
1276 1374 1579 1409 Accommodatius
1598 1375 1706 1410 etiam

184 1417 235 1451 sic
255 1430 305 1451 vs,
324 1430 375 1463 sq.
401 1418 597 1452 sententiae
616 1418 758 1451 dictum.
802 1419 830 1452 E
850 1418 981 1452 nostris
1002 1417 1095 1452 idem
1113 1419 1225 1453 habet
1243 1421 1350 1455 Goth.
1369 1433 1439 1455 sec.
1451 1447 1461 1463 ‚
1483 1422 1604 1470 sicque
1623 1423 1704 1457 edd.

183 1465 286 1498 Aldd.
307 1471 343 1498 et
364 1465 446 1498 hinc
468 1465 571 1499 aliae.
623 1473 738 1498 certet
753 1471 873 1498 tamen
891 1465 1106 1510 praesidium
1126 1466 1235 1501 habet
1251 1467 1288 1501 in
1309 1468 1470 1513 Oblongo
1488 1469 1610 1513 Pierii,
1632 1477 1706 1504 tum

183 1511 220 1545 in
239 1511 357 1545 multis
379 1511 467 1546 aliis.
517 1514 556 1545 In
577 1512 656 1546 edd.
682 1512 836 1556 praeivit
852 1513 948 1546 Flor.
980 1525 1023 1547 ex
1043 1514 1177 1548 emend.
1198 1515 1357 1560 Angelii:
1381 1522 1454 1550 tum
1471 1517 1607 1552 Fabric.
1641 1529 1706 1552 so·-

185 1559 259 1592 lum
279 1557 344 1592 tibi
361 1568 476 1592 certet
493 1560 616 1593 Franc.
666 1559 803 1603 (Certen
829 1572 848 1593 e
870 1560 1038 1594 Parisinis
1056 1562 1133 1597 3us.
1180 1564 1305 1596 Certat
1333 1562 1440 1597 etiam
1460 1567 1558 1599 Serv.
1578 1565 1706 1599 Dresd.

185 1607 300 1646 Bene;
324 1618 403 1638 nam
421 1614 534 1639 certet
553 1619 571 1639 e
590 1606 751 1651 proximo
772 1619 821 1641 vs.
840 1607 1031 1652 repetitum
1059 1607 1172 1642 videri
1194 1609 1318 1651 debet;
1351 1617 1424 1644 tum
1453 1619 1571 1645 certet
1591 1612 1705 1660 foret:

185 1652 359 1686 iudicio
393 1664 487 1686 meo
521 1654 649 1687 solus
674 1656 889 1699 Amyntas
924 1662 1159 1688 certamen
1189 1663 1339 1692 tecum
1372 1656 1498 1691 inire
1523 1661 1706 1703 pote·'st;

187 1706 308 1732 contra
328 1707 447 1733 certat
469 1707 522 1733 est
541 1700 748 1745 simpliciter
775 1701 980 1735 affirmantis
993 1728 1002 1744 ‚
1036 1702 1149 1736 solum
1170 1705 1356 1749 Amyntam
1379 1717 1456 1739 cum
1471 1706 1602 1750 Mopso
1625 1718 1707 1740 cer—

186 1745 283 1779 tandi
312 1746 472 1779 fiduciam
501 1747 643 1781 habere.
686 1748 798 1789 Quod
824 1749 905 1790 ille,
937 1750 1101 1794 Mopsus,
1135 1749 1186 1784 sic
1213 1750 1443 1796 interpretari
1466 1759 1632 1797 poterat,
1665 1760 1707 1787 ut

186 1792 367 1826 Menalcae
390 1800 424 1826 et
442 1801 636 1827 ceterorum
655 1802 836 1839 pastorum
856 1796 950 1830 hanc
972 1809 1047 1830 esse
1069 1798 1275 1831 sententiam
1295 1798 1520 1832 existimaret.
1567 1799 1613 1833 Et
1637 1800 1707 1834 hoc

188 1839 448 1873 convenientius
478 1841 605 1874 usitato
631 1842 833 1886 pastoribus
862 1843 1050 1877 cavillandi
1069 1844 1196 1878 studio.
1247 1845 1338 1879 Hinc
1357 1847 1525 1891 MopsUS,
1558 1859 1707 1892 carpens

188 1886 403 1929 Menalcam,
434 1893 596 1933 tanquam
622 1889 781 1933 perversi
808 1890 988 1924 hominem
1012 1890 1153 1934 iudicii,
1185 1891 1283 1926 iubet
1309 1905 1359 1927 vs·
1382 1893 1437 1929 15.
1470 1896 1654 1939 Amyntam
1671 1894 1708 1928 in

189 1940 363 1967 certamen
392 1946 507 1967 secum
534 1935 659 1968 deduci
688 1949 707 1970 a
727 1937 899 1971 Menalca.
947 1939 980 1971 Is
1008 1950 1093 1972 vero
1121 1940 1290 1984 proximis
1318 1940 1501 1983 versibus,
1536 1943 1707 1983 16—18‚

189 1979 364 2022 declarat,
391 1980 473 2025 quid
492 1982 536 2014 de
555 1985 702 2027 Amynta
720 1982 797 2028 ipse
821 1984 958 2019 sentiat.
992 1986 1112 2031 Itaque
1132 1997 1203 2019 non
1222 1984 1402 2021 Menalcae
1421 1987 1490 2022 hoc
1512 1994 1585 2030 est,
1612 1989 1708 2034 quod

189 2038 240 2060 vs.
262 2029 294 2062 8.
323 2028 548 2071 proponitur,
572 2029 758 2073 iudicium,
784 2032 847 2065 sed
866 2034 1037 2078 Amyntae
1060 2033 1105 2066 de
1131 2045 1169 2066 se
1192 2033 1326 2078 opinio.
1375 2036 1469 2079 Ergo
1499 2034 1707 2070 indicativus

191 2081 311 2106 certat
337 2074 535 2118 requiritur.
573 2076 667 2120 lVr.)
763 2079 785 2114 9
811 2087 926 2112 certet
947 2079 1150 2120 Phoebum3
1181 2081 1251 2114 hoc
1274 2081 1398 2115 ordine
1418 2081 1538 2126 plures
1559 2082 1651 2116 Pier.
1673 2089 1710 2117 et

190 2119 331 2162 Heius„
357 2128 392 2154 et
406 2120 499 2155 inter
515 2123 593 2157 edd,
616 2124 695 2158 Ald.
713 2130 795 2158 tert.
815 2133 850 2159 et
869 2125 951 2160 hinc
971 2126 1070 2161 aliae.
1106 2126 1177 2161 Alii
1195 2127 1380 2162 Phoebum
1398 2137 1524 2163 certet.
1568 2130 1708 2174 (Phoe-

190 2226 437 2279 rumimago.
496 2229 560 2268 Sic
590 2230 752 2269 umbrae
773 2240 922 2271 tremu-

192 2285 256 2323 lae
285 2286 394 2337 apud
422 2286 608 2339 Calpurn.
635 2289 717 2327 Ecl,
746 2290 795 2340 V,
826 2294 920 2333 101.

192 2344 231 2384 7.
261 2341 445 2382 labrusca
465 2345 559 2383 vitis
577 2346 779 2397 silvestris,
811 2344 922 2403 ἄγρι-

193 2395 380 2450 dunel-09.
419 2415 458 2440 v.
486 2402 583 2441 Plin.
612 2404 768 2454 XXIII,
804 2409 839 2447 1.
871 2407 921 2445 cf.

191 2456 355 2496 Martin.
394 2458 551 2498 Vitibus
590 2461 789 2501 obductae
826 2478 918 2516 spe—

192 2515 358 2566 luncae,
389 2522 533 2569 utpote
556 2532 655 2569 quae
679 2522 919 2560 amoenitate

193 2585 234 2611 se
255 2574 558 2624 commendant,
588 2578 732 2628 passim
748 2579 921 2618 laudan-

192 2635 275 2670 tur.
334 2631 496 2671 Habent
526 2633 673 2672 scilieet
702 2642 845 2687 poetae
871 2651 922 2676 ex

193 2688 358 2727 Homeri
400 2690 610 2742 splendida
657 2692 923 2746 descriptione

195 2746 303 2785 antri
333 2747 526 2799 Calypsus
558 2748 700 2801 odyss.
729 2766 758 2800 s,
781 2755 846 2794 68.
875 2755 923 2792 cf.

195 2806 262 2846 63,
291 2806 395 2843 raris
413 2812 547 2844 autem
573 2805 640 2844 hic
672 2821 754 2846 non
775 2822 924 2861 urgen-

195 2860 314 2912 dum,
343 2863 407 2901 uti
432 2863 570 2902 Burm.
597 2870 638 2902 et
668 2864 831 2905 Martin.
860 2869 923 2906 fa-

195 2918 328 2970 ciunt3
370 2921 464 2959 alias
495 2921 539 2959 in
567 2921 667 2960 vitio
705 2921 785 2961 hoc
810 2932 922 2976 esset,

195 2977 306 3030 quod
316 2978 399 3018 rari
420 2984 516 3018 sunt
538 2979 708 3030 racemi3
737 2981 807 3020 sed
825 2983 922 3022 sim-

978 2234 1136 2287 pliciter
1165 2241 1285 2274 notat
1314 2241 1502 2275 naturam
1522 2250 1709 2276 racemo-

977 2306 1092 2342 rum,
1137 2293 1221 2333 sive
1257 2307 1433 2333 uvarum
1451 2324 1462 2345 ,
1511 2296 1657 2348 passim
1686 2308 1708 2334 e

978 2350 1210 2403 palmitibus
1229 2364 1302 2403 per
1324 2352 1432 2391 antri
1454 2353 1603 2393 ostium
1621 2366 1708 2392 ser—

978 2409 1168 2461 pentibus
1197 2410 1483 2462 pendentium,
1522 2417 1572 2450 ut
1608 2411 1708 2450 adeo

975 2480 1048 2519 per
1067 2467 1283 2507 intervalla
1301 2468 1384 2507 dies
1402 2469 1540 2509 intret.
1587 2469 1651 2508 Ita
1669 2475 1710 2508 et

976 2524 1058 2563 Ecl,
1087 2525 1171 2575 VH,
1199 2524 1255 2567 46
1305 2528 1361 2564 Et
1392 2541 1496 2579 quae
1522 2542 1593 2566 vos
1613 2541 1709 2566 rara

977 2583 1118 2622 viridis
1136 2585 1235 2635 tegit
1245 2583 1410 2622 arbutus
1426 2584 1579 2624 umbra.
1599 2583 1710 2639 (Ad-

979 2642 1088 2691 spice.
1103 2671 1112 2689 ‚
1146 2649 1190 2678 ιιι
1209 2643 1358 2692 sparsit
1370 2658 1382 2679 .·
1414 2642 1498 2682 vid.
1528 2643 1575 2683 V.
1593 2643 1636 2682 L.
1657 2643 1710 2682 ad

981 2698 1064 2737 Ecl.
1082 2699 1148 2748 IV,
1170 2698 1238 2741 52.
1274 2697 1387 2754 Wr.)

1041 2759 1079 2798 9.
1116 2757 1228 2807 Quid
1256 2759 1293 2795 εἰ
1320 2757 1427 2795 idem
1458 2767 1586 2798 certet.
1626 2757 1712 2798 Aut

984 2813 1138 2852 dictum
1149 2813 1228 2852 hoc
1240 2828 1332 2853 cum
1351 2829 1470 2855 sensu
1479 2816 1710 2865 modestiae,

981 2878 1030 2910 ut
1047 2871 1267 2925 Amyntam
1285 2886 1414 2912 unum
1435 2888 1572 2913 omnes
1591 2887 1712 2928 supe-

980 2943 1072 2968 rare
1110 2930 1239 2981 dicat,
1281 2945 1357 2970 nec
1392 2933 1543 2972 mirum
1574 2932 1713 2984 itaque

982 2986 1054 3035 sit,
1096 3001 1136 3026 se
1163 2988 1213 3026 ab
1240 3002 1288 3028 eo
1324 3003 1485 3041 quoque
1514 2991 1713 3044 superari;
