1734 3320
185 197 288 248 526
527 195 583 244 P.
632 191 1000 245 VIRGILII
1048 190 1429 243 MARONIS

182 320 517 388 Invalidique
540 329 755 387 patrum
773 316 1012 369 referant
1035 317 1231 368 ieiunia
1255 317 1379 367 nati.

183 395 303 460 Ipsa
331 400 511 442 autem
536 391 707 440 macie
729 398 957 440 tenuant
979 398 1220 438 armenta
1241 387 1509 450 volentes;

183 466 388 532 Atque,
444 462 539 512 ubi
581 460 898 511 concubitus
948 460 1156 527 primos
1219 459 1327 509 iam
1377 465 1506 507 nota
1552 455 1706 507 volu-

974 539 1091 596 ptas
1614 532 1712 579 130

186 604 469 668 Sollicitat,
516 600 839 668 frondisque
871 609 1091 665 negant3
1140 607 1193 648 et
1224 596 1466 649 fontibus
1502 595 1711 661 arcent3

186 677 359 742 Saepe
382 674 540 724 etiam
564 689 720 722 cursu
746 670 1015 737 quatiunt,
1055 679 1107 719 et
1132 668 1246 718 sole
1266 667 1503 734 fatigant,

185 749 368 809 Quum
390 745 618 809 graviter
635 742 803 791 tunsis
826 741 995 806 gemit
1017 757 1136 790 area
1155 737 1423 804 frugibus,
1462 748 1519 789 et
1542 756 1712 808 quum

185 818 510 881 Surgentem
534 812 602 863 ad
625 811 934 878 Zephyrum
953 810 1140 878 paleae
1162 810 1424 860 iactantur
1442 810 1641 863 inanes,

1304 941 1371 977 129
1395 941 1479 987 Ipsi
1495 940 1597 977 Leid.
1616 952 1714 1024 81ῐὲιὸ

233 947 300 982 128
324 946 416 980 nati.
451 942 727 979 Per„Pulmann.
754 941 834 975 edd.
864 940 1058 987 irrepserat
1085 941 1205 988 gnati.

184 1006 253 1028 sec.
272 993 409 1038 recepit
430 994 481 1028 W
484 991 575 1025 akef.
626 998 734 1024 nocte
750 1001 817 1035 pro
836 991 950 1023 macie
972 989 1027 1022 ed.
1046 991 1205 1033 Argent„
1230 993 1378 1021 notante
1397 988 1555 1022 Reiskio.

183 1054 269 1076 nam
289 1049 383 1075 nata
411 1041 586 1086 voluptas
613 1037 835 1072 coniectabat
860 1038 995 1080 Burm„
1021 1043 1058 1070 et
1086 1035 1137 1069 sic
1166 1035 1388 1080 Cantabrig.,
1422 1036 1486 1069 sed
1516 1036 1597 1070 vide
1623 1036 1711 1069 Not.

134 1126 135 1134 ἵ
182 1090 232 1122 Ιο.
260 1087 446 1122 Schrader.
481 1086 656 1120 tentabat:
694 1083 756 1118 ubi
782 1083 1000 1118 concubitus
1026 1085 1140 1131 primi
1165 1085 1237 1117 iam
1259 1092 1358 1117 mota
1385 1084 1573 1130 voluptas.
1605 1082 1663 1117 vel
1681 1095 1711 1116 c.

176 1137 320 1183 primos
337 1136 471 1169 innata
491 1134 667 1180 voluptas
680 1132 732 1177 (ut
743 1133 791 1166 IV
813 1133 943 1176 Georg.
966 1133 1031 1167 177
1051 1133 1207 1165 innatus
1225 1143 1340 1173 amor,
1359 1130 1459 1164 Ovid.
1471 1132 1520 1165 VI
1536 1132 1621 1165 Met.
1641 1130 1711 1166 458

183 1189 219 1216 et
238 1182 358 1227 saepe)
377 1182 434 1216 vel
452 1183 584 1228 ignota
602 1194 637 1214 ν.
665 1178 787 1225 (Nulla
807 1179 843 1212 in
862 1190 939 1212 voc.
958 1187 1050 1213 nota
1077 1178 1286 1219 difficultas,
1319 1177 1384 1211 sed
1408 1178 1443 1210 in
1460 1189 1536 1212 voc.
1552 1180 1711 1225 primo-33

181 1229 271 1263 nihil
292 1230 384 1263 enim
405 1229 535 1271 refert,
559 1225 738 1273 primusne
761 1226 806 1260 sit
828 1226 1054 1269 concubitus,
1085 1237 1215 1267 necne3
1247 1237 1314 1259 nec
1331 1225 1420 1269 hoc,
1454 1225 1550 1270 quod
1568 1224 1712 1270 praeci-

181 1277 236 1324 pit
254 1283 380 1324 poeta,
412 1277 520 1310 modo
548 1283 631 1309 ante
663 1274 816 1321 primum
847 1273 1091 1317 concubitum,
1127 1273 1191 1306 sed
1220 1279 1302 1306 ante
1328 1272 1484 1318 quemvis
1512 1272 1712 1307 faciendum

182 1332 269 1359 erat.
318 1324 440 1358 Verba
468 1325 542 1357 iam
571 1331 664 1357 nota
697 1322 874 1368 voluptas
897 1321 1044 1367 proprie
1068 1320 1292 1366 accipienda;
1328 1318 1391 1353 ubi
1405 1321 1544 1367 primos
1568 1319 1711 1366 poetica

185 1372 273 1406 dixit
304 1371 449 1405 licentia
474 1383 541 1417 pro
567 1370 629 1404 ubi
643 1371 825 1418 primum,
857 1382 967 1415 qaum
988 1370 1171 1416 primum,
1205 1374 1244 1401 ut
1264 1371 1350 1401 Aen.
1368 1368 1394 1410 1,
1419 1368 1520 1403 723*
1551 1369 1712 1410 „Post—

181 1432 201 1465 q
216 1432 308 1454 uam
334 1419 479 1466 prima
506 1418 606 1463 quies
627 1417 785 1463 epuliS.“'
824 1417 894 1450 cfr.
915 1415 1057 1450 omnino
1077 1418 1119 1458 Q.
1142 1417 1187 1451 V.
1207 1415 1378 1457 XXVIII,
1402 1415 1436 1457 3,
1461 1415 1496 1449 b.
1514 1421 1551 1448 et
1565 1414 1600 1450 4.
1615 1414 1710 1460 Wr.)

182 1468 247 1503 131
277 1476 314 1501 et
323 1465 530 1514 frondibus
548 1474 677 1500 arcent
698 1464 859 1499 nonnulli
879 1477 934 1510 ap.
964 1463 1129 1498 Pierium.
1178 1463 1235 1497 Sic
1255 1462 1454 1508 Philargyr.
1470 1462 1650 1506 habebat,
1674 1468 1711 1496 et

181 1515 289 1548 Goth.
317 1527 386 1548 sec.
493 1514 562 1549 133
591 1515 684 1547 Tam
703 1512 741 1546 in
762 1512 816 1546 ed.
843 1512 945 1546 Cerd.
995 1513 1136 1555 tonsis,
1162 1512 1275 1554 tusis,
1301 1509 1383 1554 alii,
1409 1515 1448 1543 ut
1465 1512 1616 1557 semper.

178 1623 290 1663 unde
331 1619 446 1673 ἄνθη
489 1617 669 1676 χνοώδή.
743 1623 837 1663 127.
865 1619 922 1660 Ut
979 1633 1069 1673 que.
1110 1619 1168 1658 Ea
1192 1619 1381 1673 voluptas
1402 1620 1595 1658 sollicitat
1612 1633 1710 1658 con—

178 1682 335 1735 possint
367 1681 548 1721 sufficere
587 1680 832 1719 admissurae
843 1701 922 1730 ,--
978 1678 1155 1728 cubitus,
1195 1680 1321 1731 magis
1355 1678 1538 1732 poetice,
1588 1691 1711 1729 quam

180 1747 222 1779 et
239 1754 290 1779 ne
306 1740 407 1793 pulli
430 1739 612 1792 prodant·
637 1745 804 1792 patrum
828 1753 919 1777 ma-
976 1737 1184 1787 sollicitat,
1215 1738 1420 1788 stimulat,
1450 1750 1515 1776 eas
1533 1736 1586 1775 ad
1608 1750 1710 1776 con—-

180 1799 281 1838 ciem
310 1804 350 1836 et
374 1798 666 1837 infirmitatem.
699 1797 919 1836 Columella

179 1857 245 1907 VI,
276 1860 353 1908 27,
381 1859 407 1898 8
447 1871 572 1909 eoque
602 1865 800 1908 tempore,
835 1870 913 1908 quo

178 1924 347 1956 vocatur
376 1930 403 1953 a
420 1915 622 1967 seminis,
668 1914 915 1953 roborandas

179 1983 235 2012 est
271 1975 390 2025 largo
420 1973 505 2011 cibo
518 1989 534 2021 ;
576 1981 614 2011 et
631 2004 642 2023 ,
687 1974 915 2024 appropin-

179 2041 327 2086 quante
355 2046 462 2081 vere,
503 2031 619 2070 ordeo
651 2046 819 2084 ervoque
841 2045 914 2069 sa-

175 2090 386 2143 ginandos
426 2087 523 2144 (hoc
568 2096 627 2128 est
675 2090 913 2144 γραστίζειν.

177 2149 262 2188 vid.
285 2148 338 2187 ad
356 2149 535 2202 Geopon.
548 2149 656 2199 XVI,
673 2148 752 2201 I,p.
769 2146 913 2202 1106),

178 2215 222 2246 ut
261 2209 308 2247 V
303 2209 410 2246 enen'
438 2210 611 2259 supersit
627 2222 643 2255 ;
685 2214 914 2260 quantoque

164 2265 320 2317 sortior
351 2267 505 2315 inierit,
538 2266 731 2314 firmiora
757 2266 913 2303 semina

170 2323 368 2375 praeheat
399 2324 575 2375 flaturae
623 2326 752 2375 stirpi.
808 2323 912 2362 conf.

177 2382 298 2421 eund.
323 2382 391 2431 VI,
412 2380 480 2423 24.
501 2382 617 2421 Varr.
636 2383 683 2432 ΙΙ,
708 2382 747 2432 5,
780 2381 849 2434 qui
867 2387 908 2420 et

141 2452 145 2453 ⁷
177 2440 236 2490 ΙΙ,
258 2443 306 2491 2,
331 2442 383 2482 13
416 2440 578 2478 ordeum
605 2443 643 2478 si
670 2448 726 2478 est
747 2440 905 2490 datum,

167 2498 492 2547 firmioresfiant
508 2499 567 2536 ad
585 2498 763 2537 laborem
781 2501 909 2537 susti-

176 2556 365 2595 nendam.
401 2557 450 2596 cf.
470 2571 594 2609 supra
617 2557 670 2595 ad
688 2570 726 2596 v.
748 2559 816 2598 97.

238 2640 333 2679 129.
374 2637 484 2689 Ipsas
535 2644 672 2676 autem
721 2638 911 2688 seminas,

177 2708 298 2747 equas
325 2702 365 2734 et
391 2709 553 2746 vaccas,
596 2702 690 2734 ante
713 2696 914 2734 admissu-

176 2768 264 2794 ram
295 2754 345 2792 de
371 2753 560 2793 instituto
597 2761 816 2793 extenuare
846 2768 914 2792 so-

175 2813 274 2852 lent.
340 2813 603 2864 Voluptatem
629 2812 698 2851 hic
715 2812 912 2861 stimulos,

179 2870 422 2910 desiderium
441 2871 678 2923 volupfatis,
698 2884 793 2921 esse,
808 2871 912 2909 conf.

176 2930 259 2970 Ecl.
286 2930 336 2979 II,
359 2929 427 2972 65.
461 2928 559 2968 Aen.
580 2930 632 2978 X,
658 2927 742 2971 846
758 2959 768 2979 ,
799 2936 910 2968 recte

175 2988 283 3028 vidit
303 2987 525 3039 Martinus3
563 2987 719 3040 reliqua
741 3002 825 3027 non
842 3001 911 3026 ae-

977 1796 1148 1835 cubitus.
1198 1805 1295 1835 nola
1330 1788 1518 1847 voluptas
1539 1825 1551 1845 ,
1594 1795 1710 1834 cuius

972 1854 1054 1893 iam
1077 1868 1239 1893 sensum
1263 1854 1440 1905 habent,
1473 1867 1595 1906 quam
1616 1867 1711 1902 sen-

972 1913 1050 1952 tire
1070 1912 1280 1966 incipiunt.
1342 1914 1503 1952 Notum
1522 1913 1629 1952 enim
1645 1913 1710 1952 la-

971 1971 1124 2010 tissime
1152 1978 1267 2024 patet
1298 1971 1429 2025 poetis
1465 1971 1518 2010 ad
1545 1985 1592 2010 ea
1623 1985 1710 2011 non

971 2029 1117 2080 modo,
1149 2030 1294 2082 quibus
1315 2030 1598 2081 adsuevimus,
1632 2043 1708 2070 ve—

970 2102 1065 2128 rum
1086 2089 1219 2139 etiam,
1239 2089 1281 2128 in
1302 2088 1448 2142 quibus
1468 2103 1560 2128 cum
1578 2089 1709 2129 maxi-

971 2160 1036 2186 me
1062 2161 1295 2198 versamur,
1340 2160 1443 2200 quae
1483 2148 1677 2187 sentimus
1692 2177 1704 2197 ‚

972 2219 1148 2258 quorum
1181 2206 1332 2245 conscii
1355 2219 1517 2258 sumus,
1545 2213 1586 2246 et
1604 2218 1708 2258 quae

972 2278 1228 2317 quocumque
1249 2264 1325 2304 alio
1346 2264 1470 2304 modo
1489 2279 1563 2304 nos
1584 2264 1707 2304 attin-

969 2329 1083 2375 gunt.
1125 2322 1228 2376 (sed
1259 2323 1343 2363 vid.
1382 2336 1484 2375 quae
1519 2323 1564 2363 in
1587 2323 1636 2364 V.
1662 2323 1706 2362 L.

971 2381 1187 2435 disputavi.
1223 2383 1295 2422 W
1288 2379 1343 2435 r.)

1030 2465 1125 2505 132.
1159 2464 1366 2516 quatiant,
1398 2462 1570 2515 agitant,
1604 2475 1706 2501 con-

969 2521 1114 2560 ficiunt
1129 2550 1140 2571 ,
1191 2527 1240 2560 ut
1294 2521 1401 2560 vires
1455 2521 1704 2560 relaxentur.

971 2580 1092 2631 Nam,
1125 2592 1226 2631 quae
1253 2579 1518 2631 quatiuntur,
1557 2580 1705 2619 laxan-

972 2644 1054 2677 tur.
1099 2638 1271 2677 Versum
1297 2640 1378 2680 132
1402 2639 1600 2691 expressit
1616 2638 1703 2678 val.

972 2696 1102 2735 Flacc.
1125 2696 1191 2745 ΙΙΙ,
1208 2698 1260 2737 21
1294 2696 1510 2749 Dindyma
1527 2718 1584 2726 —
1603 2694 1704 2735 dum

970 2756 1125 2793 volucri
1159 2755 1290 2807 quatit
1325 2770 1446 2807 asper
1480 2769 1594 2808 equo.
1636 2753 1704 2793 Ad

970 2826 1009 2852 v.
1031 2815 1111 2854 133
1145 2813 1193 2851 ef.
1218 2812 1286 2851 Ge.
1309 2813 1352 2863 I,
1382 2816 1464 2856 192
1483 2819 1524 2851 et
1544 2815 1643 2863 298,
1659 2812 1701 2852 h.

968 2870 1101 2910 medio
1137 2876 1262 2910 aestu.
1331 2871 1467 2910 Mense
1494 2871 1597 2911 Iulio
1625 2870 1702 2910 ad-

968 2929 1193 2969 mittuntur
1228 2929 1368 2981 tauri3
1411 2936 1455 2969 at
1497 2931 1589 2982 equi
1620 2929 1701 2969 iam

968 2987 1063 3027 inde
1095 2988 1144 3027 ab
1182 2988 1437 3040 aequinoctio
1465 3001 1607 3029 verno.
1648 2988 1699 3027 cf.
