1734 3320
156 216 258 266 516

485 211 938 264 P.·V1RG1L11
972 208 1350 260 MARONIS

157 342 368 393 Primus
395 348 447 388 et
468 339 545 389 ire
567 339 733 404 viam,
774 346 826 387 et
846 335 1039 387 fluvios
1064 347 1270 388 tentare
1295 337 1532 387 minaces

158 411 361 475 Audet,
402 418 454 459 et
478 410 662 474 ignoto
693 425 809 458 sese
835 410 1156 459 conmittere
1183 409 1364 476 ponti;

156 487 269 535 Nec
296 497 460 531 vanos
483 480 673 529 horret
697 479 960 545 strepitus,

1031 479 1113 529 Illi
1139 479 1303 545 ardua
1327 477 1520 540 cervix,

98 578 100 580 ·
158 557 532 618 Argutumque
556 559 726 616 caput,
747 549 924 599 brevis
945 548 1104 617 alvus,
1128 550 1402 616 obesaque
1426 556 1599 612 terga3
1617 552 1683 598 80

157 623 516 689 Luxuriatque
540 620 671 669 toris
693 620 998 669 animosum
1022 630 1222 688 pectus.

1294 617 1522 669 Honesti

162 693 440 762 Spadices,
479 690 786 757 glaucique3
826 690 976 739 color
1006 691 1328 741 deterrimus
1350 688 1496 753 albis,
1531 688 1536 691 “

206 827 253 862 77
278 827 426 859 Primus
443 825 538 857 inire
558 825 656 857 viam
676 835 733 868 ap.
755 826 878 857 Senec.
901 836 957 868 ep.
976 824 1033 860 95.
1060 826 1235 871 (minaces
1252 825 1380 859 Medic.
1414 825 1569 859 minacis
1584 824 1685 857 Rom.

166 873 262 917 Wr.)

356 873 403 907 78
420 879 538 917 ponto
564 871 690 904 Medic.
716 883 736 904 a
763 883 808 904 m.
830 884 883 916 pr.
913 872 1003 905 Gud.
1031 886 1108 907 cum
1134 873 1315 919 plerisque
1347 871 1489 917 scriptis
1525 877 1561 904 et
1593 871 1687 912 edd„

162 921 266 954 etiam
285 922 418 953 Seneca
439 930 494 962 ep.
516 918 572 953 95.
623 918 680 952 Sic
702 924 738 951 et
755 925 902 963 uterque
921 920 1028 953 Goth.
1047 928 1082 954 et
1100 921 1176 954 Erf.
1204 921 1268 966 (sic
1291 920 1397 954 etiam
1419 919 1560 965 quidam
1583 918 1687 952 codd.

161 971 257 1002 Serv.
290 968 345 1001 W
341 965 385 1010 r.)

434 967 487 998 Ita
532 973 642 999 ontus
665 965 806 1010 quaevis
825 978 915 1011 aqua
937 974 1042 1001 esset.
1071 968 1151 1001 vide
1174 974 1292 1002 tamen
1312 967 1448 1009 Heius„
1482 966 1540 1012 qui
1558 966 1688 999 defen-

162 1015 216 1048 dit
229 1015 355 1061 ponti3
383 1012 478 1057 quod
525 1013 608 1045 abet
627 1014 729 1046 Rom.
746 1013 910 1057 Longob.
931 1014 1039 1048 Pierii
1062 1028 1138 1049 cum
1163 1015 1243 1048 aliis
1256 1042 1265 1058 ‚
1305 1015 1410 1049 etiam
1431 1013 1518 1047 edit.
1538 1012 1687 1047 Mediol.

163 1063 218 1107 (ea
248 1067 301 1094 est
316 1061 428 1093 altera
446 1059 576 1093 Medic.
594 1059 723 1101 lecti03
749 1061 874 1093 eadem
894 1068 1007 1095 exstat
1020 1063 1061 1097 in
1079 1066 1176 1097 Serv.
1199 1063 1323 1096 Dresd.
1344 1069 1381 1096 et
1400 1062 1434 1098 3.
1454 1061 1488 1097 5.
1510 1058 1564 1097 14.
1591 1059 1687 1103 Wr.)

161 1109 295 1142 Colum.
315 1109 376 1149 VJ,
401 1108 458 1149 29,
485 1108 503 1141 1
518 1105 721 1153 ‘sifus-sam
737 1109 817 1140 sine
835 1111 1070 1144 cunctacione
1091 1109 1286 1152 transibit,
1308 1118 1459 1156 pontem
1470 1110 1689 1155 flumenque

162 1165 335 1190 transcen
342 1155 406 1188 dit.

504 1154 549 1189 79
574 1155 702 1188 varios
723 1155 802 1188 edd.
820 1155 899 1188 Ald.
921 1156 989 1200 (pr.
1011 1157 1110 1202 puta)
1129 1164 1165 1190 et
1183 1159 1272 1191 Iunt.
1293 1163 1329 1190 et
1356 1157 1466 1198 aliae,
1492 1155 1598 1189 Goth.
1619 1167 1689 1200 pr.,

162 1203 233 1236 duo
263 1201 418 1234 Martini.
475 1201 663 1235 Interiecta
690 1202 778 1235 haec
808 1209 843 1235 et
876 1204 1080 1246 parenthesi
1111 1217 1186 1238 esse
1212 1204 1442 1238 includenda:
1476 1203 1543 1237 Illi
1568 1201 1690 1236 ardua

164 1250 288 1283 cervix
306 1268 351 1273 -
371 1252 422 1282 Et
442 1249 542 1295 gilvo
560 1248 646 1281 dixit
666 1249 833 1290 Quinctil.
856 1251 940 1284 Inst.
970 1254 1029 1285 Or.
1051 1254 1144 1293 VIII,
1168 1254 1202 1293 2,
1230 1251 1285 1293 15,
1318 1251 1414 1297 quod
1435 1256 1552 1284 tamen
1570 1250 1689 1283 faeere

163 1308 308 1331 necesse
329 1308 401 1329 non
421 1302 487 1329 est.
524 1296 722 1340 (Fecerunt
748 1303 867 1329 tamen
895 1298 1044 1332 Bothius
1074 1306 1110 1332 et
1138 1299 1299 1339 Iahnius3
1333 1298 1429 1344 quod
1449 1297 1613 1344 improbo
1642 1296 1688 1329 ob

161 1357 210 1378 vs.
229 1345 285 1379 86.
299 1356 376 1388 sqq.
406 1342 501 1387 W'r.)

607 1344 653 1378 82
677 1344 885 1390 glaucoque
909 1346 1056 1379 Mentel.
1083 1353 1165 1379 tert.
1202 1359 1221 1379 a
1248 1359 1292 1379 m.
1316 1359 1371 1392 pr.
1421 1344 1504 1379 albo
1525 1344 1687 1378 Parrhas.

163 1390 259 1425 albis
275 1399 311 1423 et
327 1391 427 1438 gilvo
444 1389 588 1424 iunctim
602 1417 610 1432 ‚
644 1398 682 1423 ut
701 1390 773 1423 siut
798 1389 992 1438 albogilvi,
1031 1393 1101 1427 iam
1128 1393 1165 1426 in
1182 1392 1358 1427 Servianis
1379 1391 1503 1438 pannis
1533 1391 1688 1436 legitur3

162 1438 214 1472 ita
233 1444 352 1472 tamen
369 1435 452 1471 albo
475 1446 512 1471 et
526 1438 628 1485 gilvo
649 1444 875 1484 expectareS‚
900 1447 960 1474 aut
980 1440 1075 1475 albis
1094 1454 1113 1474 e
1130 1441 1244 1488 gilvo.

162 1547 354 1598 rectisque
385 1545 565 1584 cruribus
579 1561 596 1594 ,⁴
637 1559 714 1586 nec
741 1546 793 1585 ad.
812 1546 907 1600 spi--

162 1604 290 1644 ritum
315 1610 354 1642 et
377 1604 607 1656 superbiam
642 1620 752 1644 nunc
788 1606 897 1644 refe-

162 1662 347 1702 rendum.
407 1662 570 1702 Monuit
598 1664 720 1702 etiam
749 1663 897 1703 Marti-

163 1735 252 1760 nus
281 1721 423 1759 mollia
443 1736 561 1760 crura
583 1725 762 1773 reponit,
796 1735 897 1775 poe-

162 1779 244 1818 tica
260 1779 417 1818 ratione
438 1793 514 1832 pro
531 1780 708 1819 molliter
720 1797 733 1819 ;,
750 1780 799 1819 fit
821 1795 897 1819 au-

163 1843 247 1876 tem
276 1836 376 1887 hoc,
432 1837 531 1876 dum
569 1852 690 1877 crura
729 1845 769 1877 et
810 1839 898 1891 ipsa

165 1901 262 1934 sunt
282 1895 440 1946 mollia,
470 1895 511 1935 h.
533 1910 635 1948 quae
652 1897 768 1936 facile
789 1897 899 1935 flecti

166 1959 207 1992 et
225 1954 433 1992 incurvari
473 1955 643 2006 possint.
710 1955 837 2004 Quod
865 1956 898 1994 si

165 2026 230 2051 ars
263 2012 494 2062 accesserit,
534 2019 624 2051 tum
659 2015 796 2052 sinuat
830 2015 898 2052 al-

165 2078 277 2108 terna
309 2070 519 2109 volumina
550 2086 710 2109 crurum
734 2086 773 2111 v.
802 2075 897 2114 192.

164 2127 226 2167 Ab
243 2129 374 2167 Ennio
392 2134 570 2168 sumtum
583 2129 898 2180 hemistichium,

167 2195 205 2225 et
223 2187 368 2225 mollia
386 2202 504 2226 crura
523 2191 680 2239 reponit
691 2219 702 2239 ,
736 2189 899 2229 notavit

165 2245 341 2285 Servius.
372 2248 511 2286 πῶλον
538 2245 674 2301 ὑγρῶς
697 2244 899 2301 κάμπτειν

165 2300 214 2344 vo?
237 2299 384 2358 γόνατα
413 2303 518 2342 dixit
539 2305 727 2358 Xenoph.
749 2305 844 2345 ibid.
866 2320 898 2344 e.

169 2364 206 2411 1,
231 2363 269 2404 6.
299 2361 505 2400 Imitatum
526 2376 608 2401 esse
627 2364 769 2403 Silium
792 2364 899 2415 XVI,

165 2418 251 2461 444
267 2419 456 2459 observat
464 2421 685 2462 Burmann.
705 2432 791 2462 tum
801 2426 900 2463 mol-

166 2478 226 2516 lia
244 2492 361 2516 crura
387 2478 546 2530 superbi
565 2481 766 2520 Attollens
782 2497 902 2535 gres-

166 2550 245 2574 sus.
281 2536 454 2575 Versum
473 2538 592 2576 etiam
609 2539 652 2577 in
673 2540 805 2579 animo
823 2540 901 2579 ha-

166 2593 255 2633 buit
279 2594 442 2633 Gratius
470 2596 615 2648 Cyneg.
644 2597 728 2640 503
766 2600 900 2638 ardua

153 2652 310 2705 fitndet
339 2655 382 2690 in
414 2668 539 2692 aurcis
574 2655 715 2694 Crura.
760 2657 900 2707 (Mol-

168 2711 252 2760 lia,
286 2710 469 2762 mobilia,
509 2718 556 2750 ut
585 2727 708 2765 supra
732 2714 779 2765 ΙΙ,
801 2717 898 2757 389.

173 2766 308 2823 Voss.)

227 2829 296 2869 80.
327 2826 533 2880 Argutum
557 2836 696 2880 caput.
762 2830 809 2867 Si
828 2845 904 2868 ea-

159 2893 242 2937 put
268 2884 389 2924 habet
415 2900 496 2923 non
532 2900 733 2938 magnum
770 2888 902 2927 Varro

169 2943 196 2981 l.
214 2943 239 2982 l.
263 2941 306 2996 ᾗ.
323 2943 361 2987 5.
393 2946 586 2996 exiguum
605 2953 731 2996 eaput
748 2946 903 2987 Colum.

169 3001 234 3051 VI,
255 3005 323 3053 29,
346 3005 390 3044 2.
418 3001 530 3042 breve
550 3002 693 3043 Horat.
716 3005 799 3044 Sat.
814 3005 844 3056 I,
861 3009 901 3056 2,

362 3193 383 3220 0

956 1551 1023 1591 89.
1063 1549 1167 1601 Ergo
1198 1547 1312 1587 notio
1337 1547 1476 1587 subest
1495 1552 1690 1587 venusta-

954 1607 1006 1646 tis
1026 1608 1195 1647 alicuius
1216 1620 1309 1646 cum
1327 1606 1531 1646 brevitate
1545 1611 1587 1644 et
1604 1605 1691 1644 ala-

956 1666 1101 1705 critate
1115 1681 1125 1717 3
1156 1665 1189 1704 si
1210 1666 1262 1704 ad
1292 1665 1471 1705 animum
1490 1665 1691 1704 transser—

954 1730 1048 1775 tur,
1099 1724 1327 1777 ingeniosae
1369 1722 1602 1763 subtilitatis
1651 1728 1692 1760 et

955 1783 1162 1821 acuminis.
1194 1782 1364 1835 Uargula
1377 1783 1511 1832 solea,
1547 1781 1691 1821 catull.

955 1842 1061 1893 Eleg.
1084 1841 1136 1880 ad.
1168 1841 1289 1880 Manl.
1323 1855 1382 1881 VS.
1407 1843 1476 1883 72.
1507 1837 1690 1893 Jacobs.)

957 1899 1084 1938 brevis
1106 1900 1245 1950 alvus,
1286 1898 1327 1938 h.
1348 1907 1493 1938 venter
1516 1898 1693 1938 substria

957 1963 1059 1997 ctus.
1119 1958 1250 1997 Varro
1281 1957 1379 1996 ibid.
1407 1965 1539 1996 ventre
1557 1957 1692 1995 modi-

955 2030 1001 2054 co
1029 2046 1040 2066 ‚
1092 2015 1237 2054 lumbis
1297 2015 1483 2054 deorsum
1534 2029 1694 2056 versum

951 2076 1117 2126 pressis.
1172 2075 1223 2113 Et
1241 2073 1465 2112 Nemesian.
1486 2071 1572 2116 244
1602 2075 1693 2112 Im—

958 2132 1238 2185 modicumque
1270 2133 1379 2172 latus
1392 2163 1403 2182 ,
1454 2146 1693 2184 parvaeque

958 2190 1186 2243 ingentibus
1218 2191 1319 2230 alvi.
1384 2193 1454 2232 81.
1484 2191 1693 2231 Luxuriat

958 2252 1053 2287 toris
1088 2251 1319 2288 animosum
1349 2257 1492 2301 pectus
1503 2279 1514 2298 ,
1548 2254 1692 2288 ornate

956 2322 1031 2361 pro
1045 2338 1055 2358 ,
1085 2314 1227 2360 pectus
1247 2314 1307 2346 est
1327 2313 1511 2346 torosum
1536 2313 1577 2346 et
1593 2307 1694 2345 emi-

958 2379 1058 2405 nens
1079 2366 1238 2418 pulpis,
1272 2372 1321 2405 ut
1345 2365 1510 2405 Servius
1538 2366 1615 2416 ait,
1650 2365 1692 2404 h.

959 2424 1091 2463 latum
1118 2435 1172 2463 ‘ac
1191 2425 1386 2476 plenum,
1434 2430 1482 2463 ut
1502 2422 1694 2464 'Varroni

960 2483 1056 2521 ibid.
1080 2483 1235 2522 colum.
1258 2489 1414 2523 autem:
1444 2483 1528 2521 lato
1547 2491 1584 2520 ec
1601 2497 1693 2521 mu·
1732 2526 1734 2529 f

959 2542 1163 2579 seulorum
1179 2543 1274 2580 toris
1291 2555 1498 2579 numeroso
1514 2549 1688 2592 pectore.

959 2599 1110 2638 Pallad.
1120 2608 1263 2651 pectus
1278 2600 1359 2637 tate
1360 2607 1524 2650 patens.
1542 2600 1692 2637 Luxu-

957 2659 1059 2695 riari
1086 2671 1185 2696 vero
1217 2670 1268 2695 ex
1295 2670 1408 2695 more
1437 2656 1486 2695 de
1510 2657 1694 2696 laetiori—

958 2714 1034 2754 bus
1055 2715 1329 2755 incrementis.

1021 2775 1087 2815 82.
1127 2773 1240 2812 Inter
1282 2773 1446 2826 pulcros
1495 2787 1695 2826 equorum

962 2831 1116 2870 colores
1154 2833 1282 2870 refert
1315 2833 1524 2883 spadieem
1562 2833 1693 2885 glau-

959 2903 1142 2943 cumque.
1202 2891 1462 2942 Quamquam
1492 2890 1543 2929 de
1580 2891 1694 2929 colo-

959 2961 1054 2986 rum
1096 2948 1206 3001 apud
1254 2955 1412 2988 veteres
1462 2949 1695 2988 nominibus

961 3005 1133 3047 difficilis
1166 3013 1226 3047 est
1256 3007 1499 3061 disputatio,
1531 3019 1583 3046 ex
1603 3007 1693 3046 loco
1732 3036 1734 3038 -
