1734 3320
162 196 264 244 486

160 319 331 385 Felix,
370 322 461 388 qui
482 322 660 389 potuit
679 339 865 373 rerum
889 339 1216 389 cognoscere
1243 338 1472 389 caussas;

490 196 545 247 P.
581 197 941 247 VIRGILII
974 198 1352 250 MARONIS

1588 332 1691 381 490

160 392 337 458 Atque
360 401 538 442 metus
560 394 737 442 omnis
765 403 818 443 et
839 394 1167 445 inexorabile
1192 393 1367 446 fatum

206 494 275 530 491
301 496 541 531 ineluctabile
549 495 677 545 satum
698 500 875 533 Romanus
895 497 1025 543 Pierii,
1050 511 1093 533 ex
1108 502 1194 534 Aen.
1216 502 1311 545 VIII,
1336 499 1408 537 334
1425 499 1574 536 scilicet.

158 597 239 641 tes;
270 592 449 631 subiecta
463 593 509 631 iis
529 595 676 646 Sparta
698 602 739 633 et
763 594 895 634 Euro-

158 654 219 687 tas
252 651 391 690 amnis.
439 650 639 690 bacchata
660 682 671 702 ‚
713 653 894 705 passive,

158 720 260 758 quae
291 708 527 748 bacchando
566 710 893 761 frequentantur,

156 765 200 803 in
220 766 364 816 quibus
385 768 556 819 virgines
574 768 776 807 Lacaenae
795 769 894 807 bac—

158 822 295 874 chari,
340 826 448 877 orgia
488 825 636 864 Bacchi
677 827 892 877 celebrare,

157 882 299 920 solent.
369 884 434 922 Sic
493 883 694 923 bacclzala
742 886 894 923 Naxos

156 940 256 978 Aen.
283 941 359 991 ΙΙΙ,
386 942 479 984 1525.
542 943 640 981 Erat
663 949 799 981 autem
819 943 893 982 sub

157 998 335 1050 Taygeto
357 999 504 1038 Bacchi
524 1001 740 1053 templum,
782 1002 895 1053 quod

157 1056 293 1094 adhuc
322 1058 542 1097 Pausaniae
573 1066 705 1098 aetate
730 1059 893 1099 viseba-

154 1121 242 1163 tur3
264 1114 317 1153 ad
332 1115 376 1154 id
395 1117 487 1155 solis
504 1117 739 1157 mulieribus
760 1118 894 1158 aditus

154 1173 341 1225 patebat,
373 1180 412 1212 et
439 1176 626 1215 mulieres
653 1177 759 1215 solae
779 1191 894 1216 sacra

153 1231 195 1268 in
216 1238 357 1283 operto
379 1233 591 1273 faciebant.
618 1234 698 1274 vid.
721 1236 892 1275 Pausan.

153 1288 221 1339 ΙΙΙ,
234 1293 304 1332 20.
344 1291 407 1330 Ita
424 1293 648 1345 explicatus
668 1294 780 1332 locus
800 1295 893 1347 pla-

155 1361 245 1386 cere
264 1355 413 1401 potest.
459 1353 651 1389 Haemus
671 1358 809 1390 autem
823 1353 890 1390 in-

152 1405 290 1458 primis
307 1407 415 1448 silvis
430 1409 683 1448 abundabat:
702 1409 798 1449 hinc
810 1425 889 1450 vss,

153 1464 250 1506 488.
269 1464 367 1508 489.

209 1521 293 1565 490
310 1547 356 1553 --
369 1523 467 1567 493.
498 1527 622 1564 Beata
637 1532 708 1576 est,
740 1526 888 1578 inquit,

152 1580 239 1620 vita
270 1582 525 1636 philosophi,
580 1591 623 1624 at
648 1599 724 1623 nec
754 1585 888 1624 minus

151 1639 271 1677 beata
296 1641 379 1680 vita
396 1643 551 1682 rustici.
585 1644 634 1682 cf.
653 1644 704 1681 ad
717 1657 776 1682 vs.
789 1642 887 1685 477.

152 1698 373 1737 Columella
394 1701 437 1738 in
461 1702 586 1753 praef.
613 1702 694 1740 iam
714 1716 737 1739 a
757 1701 888 1740 Cerda

150 1756 341 1795 laudatus
361 1773 369 1796 :
411 1760 495 1797 Res
530 1762 682 1798 rustica
704 1781 763 1790 --
783 1774 888 1812 qaae

150 1816 235 1852 sine
254 1815 503 1854 dubitatione
511 1821 706 1868 proxima
719 1826 754 1855 et
766 1819 888 1870 quasi

151 1876 456 1925 consanguinea
474 1878 701 1927 sapientiae
721 1884 791 1913 est.
820 1876 888 1913 Ci-

153 1943 245 1969 cero
267 1932 309 1970 in
330 1933 415 1972 Cat.
435 1934 527 1972 mai.
543 1935 595 1977 15
632 1935 761 1974 Venio
780 1948 888 1971 nunc

150 1990 209 2026 acl
228 1990 456 2042 voluplates
478 1993 772 2044 agricolarum,
794 1994 888 2044 qui-

150 2046 223 2084 bus
256 2062 332 2100 ego
371 2051 655 2089 incredibiliter
689 2050 883 2099 delector,

151 2119 255 2157 qaae
286 2121 358 2145 nec
392 2109 481 2147 lilla
516 2109 794 2160 impediantur
819 2122 884 2146 se-

149 2172 314 2215 nectate,
347 2173 384 2203 et
407 2167 511 2204 milii
531 2169 589 2205 ad
606 2168 803 2218 sapienti-s·
822 2167 889 2204 vi-

150 2230 237 2259 lam
259 2226 447 2273 proxime
478 2226 663 2263 videntur
687 2224 886 2262 accedere.

149 2279 432 2333 Philosophiae
463 2290 598 2322 autem
626 2282 891 2321 Lucretianae

150 2338 282 2390 capita
302 2338 370 2378 hic
387 2342 561 2393 proferri
581 2356 629 2380 ex
651 2340 789 2394 primis
803 2347 890 2379 sta—

148 2396 223 2434 tim
241 2397 418 2437 Lucretii
448 2401 600 2452 paginis
627 2399 887 2438 manifestum

148 2454 207 2492 fit.
250 2455 333 2494 vid.
363 2458 521 2497 Lucret.
557 2459 596 2507 1,
629 2458 684 2500 49
718 2470 803 2508 sqq.
834 2456 888 2495 ad

126 2554 131 2557 ,
152 2514 246 2560 150,
269 2514 338 2564 qui
359 2529 498 2554 versus
513 2517 653 2569 optimi
672 2515 794 2554 huius
822 2515 887 2553 le-

150 2571 186 2608 ci
225 2575 504 2612 commentarii
535 2581 641 2613 sunt.
693 2574 815 2611 Forte
847 2579 887 2611 et

149 2629 326 2668 Graecus
343 2639 463 2684 poeta
485 2633 649 2683 utrique
671 2637 765 2670 ante
787 2644 887 2669 ocu-

146 2688 207 2725 los
244 2695 343 2729 erat.
413 2691 623 2729 Laudatur
654 2704 705 2727 ex
737 2690 887 2742 Empe-

149 2746 282 2785 docle:
301 2744 476 2801 ’Ὄλβιος
491 2782 501 2799 ,
547 2746 592 2797 ὃς
622 2749 753 2789 θείων
773 2763 887 2800 πρα-

146 2806 283 2845 πίδων
298 2804 495 2859 ἐκτήσατο
518 2810 696 2847 πλοῦτον
721 2818 784 2856 ap.
797 2806 886 2842 Cle-

146 2870 270 2902 ment.
280 2863 499 2904 Alexandr.
522 2867 711 2903 Stromat.
731 2863 764 2901 V
783 2871 887 2902 extr.

145 2921 262 2960 Veris
295 2929 431 2962 autem
466 2923 515 2962 de
544 2929 693 2962 natura
722 2934 886 2970 rerum,

147 2980 319 3020 deorum
350 2988 391 3033 et
428 2981 582 3021 animae
604 3013 615 3032 ,
660 2978 888 3020 rationibus

955 593 1004 631 ab
1043 594 1220 647 Epicuro
1255 596 1500 650 propositi3‚
1544 603 1689 648 metus,

953 657 1145 703 terrores,
1178 667 1225 692 ac
1245 655 1489 707 cupiditates
1508 654 1688 695 homini-

951 709 1028 748 bus
1052 710 1253 750 detractas
1275 718 1316 751 et
1332 713 1386 751 ad
1403 727 1544 754 veram
1560 714 1690 753 felici-

952 773 1079 806 tatem
1127 769 1235 808 viam
1287 771 1532 823 patefactam
1581 785 1688 823 esse,

952 838 1069 878 saepe
1115 841 1138 864 a
1184 828 1372 868 Lucretio
1417 830 1689 883 praedicatur.

954 884 1066 923 Conf.
1088 885 1167 924 Cic.
1187 886 1274 925 Fin.
1292 887 1323 937 Ι,
1351 890 1403 929 13
1438 886 1541 942 (vid.
1561 889 1690 928 Bent-

953 942 1020 980 leii
1054 943 1254 982 Remarks
1289 959 1401 997 upon
1433 961 1461 985 a
1489 947 1571 985 late
1602 947 1690 986 dis-
1722 963 1727 966 ¹

952 1014 1089 1038 course
1110 1002 1461 1056 ofIVreetliinking
1475 1006 1518 1043 in
1539 1020 1568 1044 a
1585 1006 1689 1044 Let-

952 1066 1011 1096 ter
1039 1058 1088 1111 by
1116 1060 1437 1100 Phileleutlienis
1461 1064 1691 1114 Lipsiensis

952 1130 1070 1169 segm.
1092 1117 1179 1173 20).
1218 1119 1354 1172 Ipsum
1371 1120 1606 1160 Lucretium
1624 1120 1689 1160 his

950 1175 1141 1215 laudibus
1219 1178 1449 1230 praedicari
1517 1180 1689 1232 putabat

951 1233 1146 1286 Spencius
1161 1234 1359 1288 Polymet.
1380 1236 1483 1284 Dial.
1505 1238 1553 1287 ΙΙ,
1565 1252 1604 1290 p.
1620 1237 1686 1288 14,

951 1292 1064 1343 quod
1090 1307 1174 1332 non
1207 1294 1363 1346 placet3
1401 1309 1487 1334 non
1524 1295 1688 1347 quidem

949 1356 1188 1403 propterea,
1221 1353 1332 1404 quod
1362 1353 1482 1392 nimis
1503 1354 1688 1406 magnifi-

950 1422 1015 1446 cas
1029 1439 1039 1458 ‚
1071 1423 1192 1461 quam
1219 1424 1295 1463 pro
1320 1411 1495 1450 Lucretii
1521 1412 1686 1463 meritis,

948 1466 1090 1506 laudes
1134 1481 1216 1506 esse
1260 1469 1415 1521 dicam3
1453 1484 1549 1509 nam
1583 1483 1687 1523 quae

950 1531 1060 1563 secta
1092 1540 1174 1565 non
1206 1541 1325 1566 suum
1361 1528 1586 1582 principem
1627 1529 1687 1567 ita

948 1584 1107 1622 extollit
1116 1585 1135 1623 ¹?
1166 1585 1280 1624 Fecit
1298 1585 1378 1625 hoc
1392 1586 1503 1625 idem
1525 1587 1567 1625 in
1588 1587 1687 1640 Epi-

947 1655 1046 1681 curo
1074 1657 1147 1681 suo
1164 1643 1387 1684 Lucretius.
1428 1645 1579 1685 Verum
1601 1660 1686 1684 non

946 1700 1013 1739 hic
1043 1701 1179 1740 locum
1208 1702 1385 1742 habebat
1403 1704 1524 1742 unius
1548 1704 1686 1743 cuius-

947 1772 1069 1811 quam
1090 1760 1188 1798 certi
1206 1760 1380 1800 hominis
1398 1762 1486 1800 laus
1506 1768 1547 1799 et
1563 1776 1685 1815 prae—

948 1817 1109 1857 dicatio.
1168 1819 1259 1858 Non
1280 1820 1385 1857 male
1403 1821 1601 1872 expressit
1620 1821 1685 1859 lo-

947 1889 1042 1913 cum
1077 1878 1228 1915 Seneca
1257 1876 1396 1930 Agam.
1425 1877 1683 1921 604—608.

947 1933 1133 1972 Colorem
1163 1936 1356 1975 orationis
1380 1942 1593 1975 mutuatus
1623 1943 1685 1975 est

946 1990 1046 2030 hinc
1075 1993 1311 2044 gravissimo
1341 1995 1430 2033 loco
1448 1994 1597 2034 Lucan.
1616 1995 1682 2046 IV,

949 2051 1034 2091 394
1065 2051 1185 2089 Felix
1209 2055 1283 2104 qui
1291 2055 1429 2104 potuit
1444 2053 1589 2091 mundi
1603 2068 1682 2091 mi·-

949 2116 1059 2146 lante
1095 2111 1242 2160 raina',
1295 2111 1385 2162 Quo
1425 2112 1560 2149 iaceat
1596 2113 1683 2150 iam

949 2168 1048 2204 scire
1070 2169 1184 2205 loeo!
1215 2167 1256 2207 h.
1275 2181 1308 2209 e.
1330 2169 1469 2218 novit,
1508 2169 1554 2208 in
1569 2170 1682 2208 tenui

949 2224 1026 2263 hac
1054 2225 1241 2277 fortuna,
1281 2226 1426 2266 humili
1461 2226 1542 2266 hoc
1577 2228 1680 2279 loco,

949 2297 1131 2323 securam
1153 2285 1227 2323 sibi
1245 2285 1332 2324 sore
1350 2286 1498 2336 vitan13
1524 2299 1575 2324 ex
1591 2300 1682 2324 ma·-

947 2355 1025 2393 gna
1045 2343 1211 2381 fortuna
1232 2357 1273 2382 se
1301 2344 1417 2383 deiici
1436 2358 1523 2382 non
1543 2358 1679 2397 posse3

949 2407 1093 2439 contra
1115 2408 1301 2453 potentes
1323 2409 1364 2441 et
1386 2403 1532 2442 divites
1548 2409 1680 2442 metus

945 2458 1013 2496 hic
1042 2459 1165 2510 agitat
1190 2461 1427 2511 continuus,
1458 2474 1510 2499 ne
1537 2461 1680 2513 opibus

946 2518 1026 2554 suis
1047 2518 1251 2560 excidant.
1310 2514 1675 2571 490.‘quipotza·t,
1722 2514 1723 2518 ¹

946 2574 999 2612 ad
1014 2575 1187 2615 formam
1205 2576 1356 2627 aoristi,
1377 2577 1446 2628 qui
1464 2583 1679 2629 potest.—

946 2632 1043 2674 492.
1083 2643 1210 2672 metus
1244 2648 1295 2673 ex
1323 2635 1678 2688 superstitionibus

945 2690 1132 2743 falsisque
1162 2693 1416 2745 opinionibus
1443 2700 1578 2744 natos,
1611 2694 1678 2732 in—

946 2749 1086 2802 primis
1108 2750 1158 2788 de
1175 2752 1259 2790 fato
1282 2758 1323 2790 et
1345 2752 1395 2790 de
1412 2752 1562 2791 inseris.
1592 2753 1677 2791 Lu-

948 2814 1046 2846 eret.
1073 2808 1114 2858 Ι,
1135 2812 1189 2851 79
1229 2810 1364 2861 Quare
1391 2811 1558 2863 Religio
1588 2809 1677 2865 (su-

946 2867 1068 2918 persti
1076 2867 1146 2920 tio)
1165 2868 1337 2919 pedibas
1356 2869 1534 2907 subiecta
1551 2871 1676 2908 vici-s·-

946 2926 1025 2961 sim
1053 2924 1263 2964 Obteritur.
1318 2929 1459 2965 Metus
1484 2926 1676 2965 subiectos

946 2982 1040 3022 vide
1069 2983 1167 3022 ibid.
1199 2987 1255 3027 67
1270 2998 1355 3036 sqq.
1392 2987 1473 3027 103
1503 2998 1588 3036 sqq.
1618 2985 1673 3035 V,
