1734 3320
206 183 309 233 366

202 309 272 359 Et
291 324 392 375 pro
415 324 694 375 purpureo
717 326 921 376 poenas
946 310 1036 361 dat
1066 311 1234 377 Scylla
1258 312 1478 380 capillo;

537 181 593 232 P.
639 182 995 234 VIRGILII
1042 184 1416 237 MARONIS

1600 342 1602 344 ·
1633 319 1734 370 405

206 381 562 446 Quacumque
583 378 668 429 illa
693 379 872 430 levem
888 379 1099 447 fugiens
1120 392 1262 432 secat
1284 382 1502 434 aethera
1525 388 1734 453 pennis,

202 451 343 501 Ecce
367 449 638 514 inimicus,
679 459 849 516 atrox,
886 468 1084 518 magno
1112 453 1343 504 stridore
1367 471 1468 521 per
1495 472 1645 507 auras

202 520 512 587 Insequitur
531 521 712 572 Nisus:
752 538 856 589 qua
881 539 937 572 se
962 521 1070 572 sert
1091 524 1251 575 Nisus
1274 523 1342 574 ad
1371 542 1539 592 auraS,

201 591 295 642 Illa
320 590 499 641 levem
522 589 734 656 fugiens
757 593 954 659 raptim
978 602 1120 643 secat
1146 593 1362 644 aethera
1387 597 1594 661 pennis,

204 665 349 712 Tum
375 660 603 728 liquidas
627 662 773 711 corvi
795 679 982 728 presso
1008 672 1092 713 ter
1113 673 1330 729 gutture
1355 681 1517 716 voces

1631 671 1734 720 410

200 736 308 783 Aut
330 741 519 800 quater
538 732 899 796 ingeminant3
937 742 990 782 et
1012 750 1173 800 saepe
1197 734 1459 787 cubilibus
1485 735 1615 802 altis,

200 803 393 856 Nescio
421 820 524 869 qua
552 811 767 869 praeter
790 802 1010 853 solitum
1035 803 1322 855 dulcedine
1346 804 1494 872 laeti,

247 920 456 958 406—409
481 921 517 954 in
537 921 608 954 Ciri
625 927 852 965 repetuntur:
887 922 957 958 538
976 934 1029 967 sq.
1080 925 1341 969 Quamcunque
1356 924 1447 958 Gud.
1460 949 1469 966 ‚
1493 923 1596 958 male.
1643 937 1734 959 aera

200 982 288 1004 unus
305 968 471 1003 Arundel.
503 970 634 1014 pinnis·
649 968 777 1002 Medic.
801 969 892 1002 Gud.
913 970 1001 1014 Reg.
1023 982 1043 1003 a
1060 983 1105 1003 m.
1128 982 1181 1015 pr.
1194 970 1352 1014 Mentel.,
1373 971 1432 1007 hic
1452 977 1489 1004 et
1507 971 1590 1007 409.

709 1015 780 1052 409
806 1024 954 1062 raptum
967 1016 1098 1053 Medic.
1117 1030 1137 1050 a
1156 1030 1200 1051 m.
1222 1029 1276 1062 pr.
1298 1026 1334 1052 et
1352 1019 1444 1052 alter
1461 1018 1603 1063 Menag.
1632 1031 1733 1066 par-

200 1031 274 1064 qua
285 1017 369 1064 fert
389 1029 428 1049 se
444 1016 615 1049 Rottend.

1661 971 1733 1007 408

200 1066 265 1099 tim
286 1064 420 1098 Probus
443 1063 477 1096 in
498 1063 743 1097 Grammatica.
792 1064 935 1110 rapidis
953 1065 1057 1099 vose.
1083 1064 1172 1098 alter
1198 1071 1234 1098 et
1258 1065 1370 1100 Goth.
1396 1078 1467 1100 sec.
1516 1074 1617 1100 secat
1640 1078 1734 1099 aera

198 1112 360 1145 Parthas.
410 1111 572 1144 Ceterum
603 1110 670 1144 hos
701 1117 774 1144 tres
803 1123 924 1144 versus
949 1110 1157 1150 4o7÷4o9
1186 1113 1514 1158 ταυτολογοῦντας
1535 1120 1570 1147 et
1592 1113 1731 1159 spurios

200 1159 385 1192 damnabat
404 1157 566 1191 Reiskius
588 1165 622 1191 et
639 1158 682 1191 ab
702 1158 786 1191 edit.
807 1162 951 1202 Argent.
972 1159 1096 1192 abesse
1117 1160 1279 1193 notabat.
1317 1162 1443 1194 Essent
1459 1160 1594 1194 idcirco
1614 1168 1732 1194 trans—

197 1206 261 1240 lati
282 1219 300 1240 e
320 1205 391 1239 Ciri
408 1205 567 1250 putandi.

200 1257 286 1287 Cum
304 1253 466 1299 liquidas
482 1254 572 1287 Ven.
617 1265 750 1300 presso
775 1254 879 1286 corvi
894 1253 1023 1287 Moret.
1046 1265 1115 1287 sec.

584 1300 655 1335 412
678 1300 874 1333 dulcedine
899 1302 1001 1348 capti
1022 1302 1164 1346 Menag.
1194 1307 1231 1335 et
1260 1302 1367 1336 Goth.
1392 1301 1547 1348 primus,
1582 1308 1622 1335 ut
1644 1302 1730 1336 alias

197 1302 285 1346 Reg.
317 1313 338 1334 a
360 1313 405 1333 m.
435 1311 489 1344 pr.

196 1354 338 1394 poetae.
385 1348 456 1382 Sed
476 1347 547 1382 vid.
568 1346 630 1381 inf.
649 1347 711 1390 IV,
730 1347 788 1382 55.

196 1456 342 1495 infesto
377 1456 522 1495 volatu
549 1455 817 1508 persequitur.
877 1455 934 1493 De

196 1515 350 1568 Scylla,
382 1527 484 1566 quae
504 1520 665 1566 patrem
686 1514 827 1552 Nisum
853 1513 933 1552 Mi-

196 1574 265 1613 noi
293 1573 535 1627 prodiderat
557 1603 567 1622 ,
609 1572 652 1611 in
691 1586 808 1612 avem
849 1585 934 1611 una

196 1646 290 1671 cum
307 1638 423 1685 patre
441 1637 598 1670 mutata
611 1661 621 1681 ,
652 1632 739 1684 ipsa
757 1631 800 1670 in
819 1631 932 1681 cirin,

194 1697 312 1745 pater
339 1691 383 1731 in
419 1690 697 1740 haliaeetum;
736 1689 805 1741 qui
845 1702 933 1728 eam

194 1763 306 1788 nunc
328 1749 523 1802 pertinaci
545 1748 638 1788 odio
660 1748 931 1800 persequitur,

195 1808 228 1847 si
248 1808 524 1860 conspexerit3
555 1807 640 1846 vid.
660 1806 770 1845 Cirin
793 1812 833 1844 et
856 1805 934 1844 Ar·-

193 1872 444 1919 gumentum.
511 1865 667 1903 Fabula
710 1878 772 1917 ap.
811 1864 932 1904 Ovid.

138 1953 140 1955 ·
193 1925 290 1966 Met.
314 1925 416 1964 VIII.
441 1925 544 1962 conf.
569 1937 656 1976 sup.
686 1923 739 1961 ad
759 1923 841 1961 Eel.
865 1923 930 1972 VI,

194 1982 262 2026 74.
301 1983 481 2036 liquidus
514 1982 636 2021 etiam
667 1981 769 2020 aeris
807 1987 932 2020 natu-

191 2056 282 2081 ram
304 2042 497 2080 mobilem
517 2041 698 2080 denotat.
740 2038 931 2082 407.im·-

192 2102 321 2139 micus
335 2131 346 2150 ,
382 2109 498 2139 atrox
507 2115 524 2148 ,-
556 2105 693 2153 potest
713 2098 772 2137 ita
792 2098 931 2151 accipi,

191 2165 241 2198 ut
279 2159 453 2198 alterum
495 2173 571 2211 pro
620 2157 814 2197 adverbio
854 2157 930 2196 sit:

192 2224 315 2257 atrox
341 2218 460 2256 Nisus
490 2217 651 2256 inimice
680 2215 932 2268 insequitur:

193 2275 525 2328 quandoquidem
544 2275 691 2314 docent
706 2274 787 2314 viri
806 2273 929 2324 docti,

191 2349 275 2374 non
315 2335 417 2373 bene
459 2334 540 2373 duo
581 2333 762 2387 epitheta
797 2333 929 2384 iungi;

192 2393 267 2432 nisi
286 2393 460 2432 alterum
480 2392 739 2446 participium
763 2391 826 2430 sit.
843 2390 928 2430 vid.

192 2452 334 2504 Georg.
357 2451 424 2501 III,
449 2450 542 2493 149.
563 2452 628 2501 IV,
653 2453 717 2493 19.
740 2448 838 2488 Aen.
859 2449 927 2499 III,

191 2513 260 2552 70.
291 2510 370 2548 Ubi
392 2516 529 2548 tamen
549 2509 723 2548 orationi
743 2503 928 2560 δεινότης

190 2568 325 2620 aliqua
342 2569 447 2607 inest
459 2597 469 2617 ,
502 2582 586 2607 non
616 2568 719 2606 male
738 2573 826 2605 tum
844 2565 926 2604 duo

190 2626 369 2679 epitheta
387 2626 613 2678 iunguntur
633 2626 685 2664 ad
703 2624 928 2677 augendam

189 2686 248 2725 rei
277 2685 538 2738 gravitatem,
578 2684 662 2723 sive
681 2683 926 2722 adiectivum

190 2743 276 2783 sive
297 2743 560 2796 participium
591 2743 659 2781 sit:
699 2747 746 2780 ut
776 2741 820 2779 in
840 2740 923 2790 illo,

190 2802 303 2854 quod
335 2802 441 2840 infra
470 2800 538 2839 lib.
571 2799 741 2849 111,149
777 2799 922 2850 A-s‘per,

190 2859 334 2899 acerba
355 2874 519 2898 sonans.
559 2858 672 2896 Idem
694 2857 812 2896 etiam
837 2862 923 2895 tum

189 2918 325 2958 locum
342 2917 488 2966 habet3
519 2930 611 2967 cum
632 2929 697 2954 res
717 2928 789 2968 per
805 2915 924 2968 plura

191 2977 388 3016 attributa
405 3006 416 3027 ,
457 2975 650 3014 adjuncta
671 3005 682 3024 ,
723 2980 796 3012 aut
825 2973 922 3022 alia,

616 1209 661 1239 At
683 1204 734 1239 sic
750 1206 822 1240 406
843 1208 1076 1252 Quacumque
1097 1206 1199 1240 simul
1220 1207 1286 1240 erit
1305 1207 1570 1242 rescindendus.

1211 1253 1279 1289 411
1305 1258 1430 1302 Atque
1449 1262 1507 1288 ter
1527 1208 1732 1302 ing-emittite

992 1469 1095 1507 quae
1129 1456 1190 1495 rei
1218 1455 1384 1508 propria
1423 1461 1542 1505 sunt,
1593 1455 1730 1495 decla-

990 1514 1122 1553 randa
1164 1528 1211 1553 ac
1250 1513 1516 1553 describenda
1549 1519 1628 1553 est:
1666 1515 1730 1554 uti

991 1571 1089 1612 Aen.
1111 1573 1179 1622 VI,
1200 1575 1286 1614 283
1323 1573 1469 1610 Ulmus
1490 1587 1637 1625 opaca,
1661 1575 1728 1611 in-

987 1645 1089 1683 gens
1105 1661 1115 1680 ,
1149 1645 1276 1684 quam
1293 1636 1368 1670 etc.
1427 1631 1490 1670 Ita
1513 1631 1545 1670 si
1559 1637 1727 1682 statuas,

991 1704 1151 1728 caussas
1169 1703 1220 1728 ex
1238 1690 1324 1742 ipsa
1339 1689 1398 1728 rei
1414 1695 1564 1728 natura
1579 1690 1729 1742 petitas

991 1754 1142 1787 teneas.
1187 1747 1316 1787 Multo
1336 1748 1611 1800 frequentiora
1627 1747 1729 1787 haec

991 1813 1089 1846 sunt
1123 1806 1167 1845 in
1206 1806 1443 1845 Homericis.
1485 1800 1726 1860 (Wunderl.

990 1865 1106 1903 malit
1123 1864 1234 1916 iungi
1253 1866 1444 1902 inimicus
1463 1865 1598 1903 Nisus
1621 1868 1726 1903 inse-

991 1925 1127 1975 quitur
1146 1931 1261 1961 atrox
1276 1953 1286 1972 ,
1321 1921 1361 1961 h.
1374 1936 1406 1961 e.
1420 1923 1627 1973 atrociter,
1651 1937 1726 1963 ve-

988 1980 1212 2031 hementer,
1234 1978 1368 2030 δεινὸς
1390 1978 1461 2022 ὤν.
1504 1981 1629 2031 Quod
1647 1981 1725 2021 h.l.

988 2040 1121 2079 minus
1139 2040 1288 2092 placet.
1327 2041 1398 2079 W
1392 2038 1449 2094 r.)
1587 2048 1590 2052 ’

1046 2097 1144 2140 410.
1154 2098 1304 2137 Aratus
1317 2097 1414 2136 ibid.
1424 2112 1465 2138 v.
1480 2100 1560 2140 271
1569 2100 1723 2149 -277,

988 2156 1059 2196 sed
1080 2157 1284 2207 disertius,
1312 2162 1353 2195 et
1368 2157 1527 2198 Lucret.
1548 2156 1596 2207 V,
1611 2159 1724 2199 1077

987 2216 1183 2259 —1085.
1207 2229 1349 2267 presso
1378 2223 1565 2267 gutture,
1600 2227 1723 2254 coar-

989 2280 1099 2313 ctato
1112 2304 1122 2324 ,
1166 2279 1286 2312 acuto
1327 2279 1473 2323 cantu,
1523 2273 1721 2325 clangore,

989 2331 1333 2387 λιγαινομένοισιν
1361 2330 1497 2384 ὁμοῖα.
1537 2346 1654 2371 voce-5·
1672 2332 1722 2369 li-

987 2391 1136 2444 quidue
1178 2404 1325 2444 oppon.
1361 2389 1496 2430 raucis
1517 2405 1526 2428 :
1575 2389 1721 2442 quibus

987 2462 1134 2488 corvus
1166 2449 1315 2488 imbres
1349 2449 1445 2487 alias
1487 2447 1720 2487 denuntiat:

987 2508 1035 2546 cf.
1053 2508 1152 2546 Plin.
1172 2507 1198 2546 l.
1219 2521 1251 2546 o.
1268 2529 1326 2536 ——
1356 2507 1454 2548 412.
1483 2506 1654 2560 Χαίρειν
1675 2503 1722 2548 κέ

985 2580 1046 2615 τις
1067 2562 1254 2606 ὥΐσσοιτο
1270 2563 1366 2603 ibid.
1381 2563 1478 2606 274.
1508 2564 1720 2603 dulcedine

986 2624 1099 2673 laeti,
1126 2622 1167 2661 h.
1188 2622 1422 2675 voluptate,
1448 2622 1606 2674 gaudio.
1653 2622 1718 2662 Si-

982 2681 1087 2720 milis
1114 2682 1227 2720 locus
1244 2681 1314 2719 inf.
1332 2681 1397 2730 IV,
1419 2681 1487 2724 55.
1529 2679 1717 2719 imbribus

983 2742 1111 2789 actis,
1146 2739 1320 2790 exactis,
1351 2739 1496 2790 finiu‘s,
1529 2739 1717 2778 desinen-

982 2797 1089 2836 tibus
1115 2828 1125 2847 ,
1172 2798 1430 2837 Burmannus
1467 2797 1716 2850 exponebat:

981 2869 1146 2906 vereor,
1174 2869 1224 2894 ne
1245 2855 1341 2896 hinc
1359 2856 1492 2895 tenuis
1511 2855 1628 2895 nimis
1646 2869 1716 2894 ra·-

980 2914 1038 2953 tio
1061 2914 1283 2954 exoriatur.
1341 2914 1484 2954 Melius
1506 2916 1621 2964 actis,
1641 2914 1716 2952 ab—

981 2972 1102 3023 actis,
1145 2973 1281 3026 pulsis.
1322 2971 1442 3027 (actis
1474 2986 1550 3024 pro
1577 2971 1734 3011 actis<
