1734 3320
196 241 298 301 626
535 247 591 298 P.
628 246 984 298 VIRGILII
1027 246 1403 299 MARONIS

196 376 310 425 Stat
331 374 572 424 Fortuna
594 372 817 437 domuS,
857 381 910 423 et
937 373 1013 423 avi
1041 383 1399 424 numerantur
1425 391 1665 428 avorum.

193 448 479 496 Praeterea
507 459 696 509 regem
721 460 835 493 non
868 444 940 493 sic
966 447 1236 512 Aegyptos
1262 453 1316 495 et
1339 445 1530 511 ingens
1630 444 1734 500 210

193 514 373 580 Lydia,
404 531 507 564 nec
527 513 720 582 populi
741 513 1085 580 Parthorum,
1118 524 1207 566 aut
1224 515 1421 567 Medus
1440 515 1734 584 HydaspeS‚

196 586 517 639 Observant.
574 587 725 650 Rege
751 584 1015 635 incolumi
1035 603 1194 636 mens
1218 586 1473 637 omnibus
1500 604 1608 638 una
1631 596 1734 648 est3

194 657 405 708 Amisso
429 672 629 723 rupere
659 654 859 720 fidem,
899 665 1316 725 constructaque
1339 657 1506 707 mella

241 776 313 812 210
336 787 404 809 nec
423 774 476 808 sic
491 773 565 808 Erf.
611 775 808 821 Aegyptos
823 786 842 808 e
859 774 989 810 Medic.
1006 774 1144 818 Heius„
1169 787 1272 821 quem
1293 775 1388 810 vide.
1435 778 1635 823 Aegyptus
1653 775 1734 809 vul-

193 835 251 869 go.
299 824 366 858 211
392 821 517 856 Ludia
535 822 637 854 Rom.
686 819 806 866 Lybia
833 822 926 855 male
959 822 1029 856 duo
1060 823 1156 868 apud
1181 824 1297 857 Burm.
1354 823 1479 868 Lydia
1507 823 1734 857 Parthorum

187 871 327 919 populi
343 875 455 915 quart.
476 868 630 910 Moreti;
664 869 761 902 forte
793 869 906 903 India
925 869 1138 915 legendum,
1171 870 1286 916 inquit
1304 872 1538 914 Burmannus,
1564 883 1653 916 quae
1672 882 1734 904 re-

193 918 282 952 ctius
304 918 438 964 ingens
457 915 596 950 dieitur.
645 919 693 951 At
712 915 795 950 vide
813 918 958 951 Notam.
1008 919 1121 951 Porro
1151 927 1188 952 et
1215 918 1353 952 Medus
1378 917 1531 961 Medic.,
1556 918 1620 952 sed
1647 931 1667 952 a
1688 931 1734 952 m.

191 978 258 1012 pr„
283 964 379 1010 quod
397 963 519 997 Heius.
536 962 653 997 firmat
682 963 741 997 hic
761 969 798 996 et
827 964 873 998 ad
893 968 981 998 Aen.
1010 967 1072 1008 VI,
1097 966 1178 1001 327.
1228 966 1367 999 Medus
1387 966 1636 1013 Hydaspesve
1653 965 1734 1007 alii3

192 1013 256 1046 sed
271 1019 368 1045 recte
386 1010 506 1045 reiicit
525 1012 642 1046 Burm.
670 1018 705 1045 et
721 1010 793 1044 vid.
813 1013 898 1046 Not.
947 1013 1092 1058 Lydia,
1129 1014 1357 1047 Parthorum
1378 1021 1446 1047 aut
1459 1013 1612 1067 populi,
1647 1015 1734 1047 Me-

192 1061 311 1093 dusve
330 1059 514 1105 Choaspes
533 1058 624 1093 coni.
641 1058 787 1094 Nodell.
805 1060 892 1093 Not.
911 1060 991 1094 crit.
1015 1074 1050 1107 p.
1069 1061 1128 1096 76.
1154 1061 1296 1106 (Metus
1315 1060 1431 1106 primo
1453 1067 1625 1106 scrlptum
1650 1061 1734 1094 fue—

190 1113 247 1140 rat
273 1107 310 1139 in
342 1106 472 1140 Medic.
503 1108 558 1141 W
555 1106 600 1151 r.)
695 1107 766 1141 212
793 1105 1003 1141 observant
1030 1121 1153 1155 regem
1183 1108 1273 1142 Gud.
1303 1119 1371 1153 pro
1393 1121 1468 1142 var.
1491 1107 1597 1150 lect.‚
1629 1108 1734 1142 male.

191 1155 304 1202 (Regi
327 1153 456 1187 Medic.
479 1166 499 1187 a
517 1166 563 1187 m.
583 1166 638 1199 pr.
670 1156 722 1188 W
722 1153 765 1197 r.)
813 1152 927 1188 Porro
952 1156 1126 1189 incolomi
1152 1155 1313 1189 scribunt
1334 1162 1486 1201 quatuor
1507 1156 1602 1202 apud
1616 1157 1733 1189 Burm.

191 1210 248 1235 est
266 1201 433 1235 omittunt
456 1208 606 1247 quatuor
625 1201 721 1247 apud
738 1201 862 1236 Heius.
892 1209 927 1236 et
952 1214 1039 1237 unus
1057 1203 1177 1237 Mead.

192 1249 367 1283 Rottend.
386 1248 536 1285 vratisl.

190 1360 311 1385 casus
325 1346 524 1384 deiectam
539 1346 712 1397 coniuge
731 1352 844 1384 tanto
864 1359 931 1384 ex-

189 1405 322 1456 cipit?
369 1404 432 1442 Ita
463 1403 513 1442 de
541 1402 814 1457 philosophis:
856 1417 931 1443 ex-

190 1463 296 1516 cepit
326 1461 506 1502 scholam
534 1463 734 1514 Crantor3
775 1468 816 1501 et
830 1461 930 1502 Aen.

189 1522 219 1572 Ι,
237 1524 324 1564 276
354 1522 559 1560 Romulus
576 1523 748 1573 excipiet
755 1529 931 1574 gentem,

187 1593 323 1633 regem
369 1593 463 1619 eum
509 1579 720 1619 habebunt
768 1578 930 1619 Albani.

188 1638 271 1677 Nec
292 1639 470 1678 multum
490 1638 653 1678 diversa
683 1639 868 1692 exempla
888 1639 932 1677 in

187 1697 315 1736 Livio.
346 1699 521 1749 septima
544 1705 679 1736 aestas
695 1713 707 1735 .·
729 1697 814 1737 vid.
832 1696 931 1736 Ari-

188 1762 284 1795 stot.
301 1755 407 1795 Hist.
430 1755 563 1795 Anim.
582 1756 630 1805 V,
647 1758 716 1797 22.
739 1756 841 1795 Plin.
859 1756 931 1807 XI,

188 1817 258 1856 20.
279 1815 435 1853 Colum.
457 1814 530 1863 IX,
553 1816 592 1863 3,
614 1816 653 1856 3.
678 1815 802 1866 plus,
838 1815 932 1868 plus

189 1886 323 1924 quam.
383 1875 481 1915 209.
502 1873 684 1911 Fortuna
705 1872 849 1911 domus
869 1887 933 1911 or-

189 1930 325 1970 natius
340 1961 350 1980 ,
390 1945 514 1983 quam
561 1929 725 1980 domus,
782 1937 824 1969 et
853 1930 934 1970 hoc

187 2003 264 2043 pro
286 2003 409 2042 apum
426 2001 582 2040 genere.
633 1989 778 2028 Subire
797 1995 934 2043 potest

189 2047 370 2086 animum
399 2049 582 2087 Fortuna
609 2046 755 2086 domus
775 2052 931 2101 Augu-

188 2114 274 2144 stae
301 2137 311 2156 ,
356 2107 638 2159 Augustorum
654 2135 664 2155 ‚
717 2105 925 2159 Augusti,

187 2164 355 2217 proprio
390 2179 437 2203 ac
467 2164 637 2203 sollenni
668 2179 782 2203 more
801 2165 929 2204 dicta:

186 2223 374 2276 inprimis
395 2223 439 2262 in
473 2223 629 2273 numis3
666 2230 856 2276 respectu
875 2223 930 2263 ad

187 2287 341 2320 statum
384 2288 425 2320 et
478 2281 756 2320 conditionem
797 2282 928 2335 gentis

187 2340 301 2378 fatali
333 2340 468 2392 aliqua
509 2340 748 2379 necessitate
780 2354 929 2395 perpe-

186 2404 302 2437 tuam
338 2404 380 2437 et
423 2411 672 2452 perennem:
733 2399 847 2451 quod
888 2406 930 2439 et

188 2456 460 2496 Ruhnkenius
488 2457 531 2495 in
548 2457 786 2497 memoriam
803 2471 930 2498 revo-

187 2515 325 2554 cabat:
370 2515 421 2554 cf.
450 2514 717 2569 Oudendorp.
742 2516 795 2555 ad
818 2518 929 2556 Suet.

186 2571 287 2625 Aug.
302 2573 369 2616 65.
392 2573 622 2613 Markland.
643 2575 695 2612 ad
706 2576 809 2614 Stat.
831 2575 929 2615 Silv.

186 2630 241 2681 V,
259 2634 299 2680 2,
320 2634 389 2673 76.
444 2631 638 2670 Dubitare
664 2639 803 2672 tamen
822 2634 928 2684 licet,

186 2702 238 2727 an
257 2689 326 2728 illo
353 2689 435 2728 iam
464 2697 670 2743 tempore,
711 2705 791 2743 quo
812 2692 928 2731 Maro

186 2747 381 2800 Georgica
397 2748 625 2787 condidisse
643 2750 840 2800 traditur,
860 2750 928 2788 illa

184 2805 298 2845 notio
319 2807 578 2858 frequentata
601 2807 652 2846 sit
672 2814 711 2846 et
730 2809 926 2860 frequen-

184 2864 267 2903 tari
285 2865 479 2917 potuerit.
532 2865 724 2905 Nondum
744 2867 925 2918 Augusta

185 2922 330 2962 domus
352 2937 398 2962 ea
427 2923 659 2976 dignatione
687 2931 774 2964 tum
796 2924 924 2964 habe-

183 2980 326 3020 batur:
357 2988 622 3035 spectantque
651 2983 709 3022 illi
737 2983 850 3022 tituli
871 2983 925 3022 ad

184 3039 336 3079 seriora
363 3046 569 3094 tempora:
610 3040 663 3080 ad
692 3055 795 3094 quae
821 3041 923 3082 adeo

1271 1204 1342 1240 213
1368 1204 1643 1250 constrictaque
1662 1215 1733 1238 sec.

989 1353 1031 1386 et
1048 1345 1093 1386 hi
1125 1346 1315 1386 carminis
1345 1359 1490 1387 versus
1509 1353 1643 1387 essent
1663 1359 1728 1386 re-

988 1406 1166 1446 vocandi
1183 1412 1394 1458 tamquam
1421 1405 1550 1445 serius
1573 1406 1733 1446 inserti:

990 1465 1102 1517 quod
1124 1464 1283 1518 opinari
1308 1464 1429 1516 licet,
1462 1464 1631 1519 probari
1656 1478 1732 1504 ne·-

990 1523 1094 1576 quit.

1047 1585 1147 1624 210.
1167 1584 1264 1624 211.
1297 1581 1470 1620 Cerdam
1492 1587 1534 1620 et
1562 1581 1660 1620 alios
1679 1580 1733 1621 ad

988 1654 1120 1680 unum
1154 1641 1370 1679 Persarum
1398 1652 1554 1693 regem,
1596 1640 1662 1680 cui
1687 1639 1732 1680 hi

989 1699 1131 1753 populi
1163 1712 1301 1738 omnes
1327 1699 1547 1751 parebant,
1578 1699 1732 1738 referre

989 1758 1125 1798 video.
1172 1757 1252 1797 Sed
1269 1757 1391 1797 viden
1398 1764 1466 1797 tur
1484 1757 1622 1812 potius
1634 1758 1732 1811 plu-

989 1830 1054 1856 res
1074 1816 1215 1870 populi
1232 1816 1461 1865 memorari,
1478 1830 1619 1869 regum
1635 1831 1730 1856 suo·

990 1889 1086 1914 rum
1114 1874 1301 1927 inprimis
1333 1875 1607 1916 observantes.
1638 1877 1731 1928 Ly-

991 1934 1064 1972 dia
1101 1935 1246 1986 ingens
1262 1963 1273 1983 ‚
1327 1947 1412 1972 non
1448 1940 1640 1987 respectu
1677 1933 1731 1974 ad

988 1992 1147 2044 reliqua
1183 1991 1354 2045 imperia
1376 1991 1538 2043 habito,
1577 1992 1650 2031 sed
1673 1992 1732 2033 ad

990 2050 1128 2089 Croesi
1149 2050 1341 2090 victorias
1363 2057 1404 2089 et
1421 2063 1529 2104 opes.
1574 2052 1730 2091 Medus

987 2109 1229 2162 Hydaspes,
1250 2109 1459 2161 negotium
1478 2110 1576 2149 facit
1593 2109 1728 2164 Intpp.

986 2168 1058 2206 Est
1076 2167 1182 2206 enim
1205 2167 1344 2206 Indiae
1360 2167 1526 2218 fluvius,
1561 2168 1626 2208 cui
1641 2169 1729 2222 epi-

986 2225 1134 2266 theton
1164 2226 1319 2265 Medus
1343 2241 1490 2280 parum
1509 2228 1728 2267 convenire

986 2285 1166 2324 videtur.
1234 2285 1376 2337 Itaque
1409 2291 1503 2340 post
1539 2286 1728 2327 Servium

986 2343 1030 2382 in
1051 2343 1187 2382 Media
1208 2344 1444 2395 quaesivere
1471 2344 1626 2384 flumen
1643 2344 1727 2385 hu-

987 2402 1051 2441 ius
1071 2402 1261 2452 nominis,
1294 2402 1344 2442 de
1360 2416 1441 2454 quo
1460 2408 1594 2442 tamen
1617 2404 1725 2444 Geo-

988 2460 1133 2514 graphi
1157 2461 1287 2500 silent.
1344 2461 1467 2500 Haud
1483 2461 1605 2501 dubie
1623 2476 1726 2516 poe-

987 2525 1054 2569 ta,
1085 2520 1191 2558 sorte
1215 2519 1362 2559 Graeci
1389 2519 1559 2559 alicuius
1581 2528 1725 2574 poetae

989 2578 1187 2630 exemplo,
1221 2578 1444 2630 designasse
1462 2578 1629 2619 videtur
1644 2580 1726 2620 im-

986 2636 1144 2688 perium
1160 2642 1347 2676 veterum
1365 2636 1592 2688 Persarum,
1609 2639 1724 2679 cuius

986 2694 1087 2732 fines
1106 2694 1159 2733 ad
1177 2694 1316 2733 Indiae
1332 2695 1441 2734 illam
1456 2703 1615 2749 partem
1626 2711 1723 2751 per-

985 2752 1195 2802 tinebant,
1225 2752 1269 2791 in
1292 2767 1371 2805 qua
1390 2753 1603 2808 Hydaspes
1622 2762 1722 2795 erat.

983 2811 1074 2862 Egit
1103 2825 1214 2850 nune
1246 2811 1296 2850 de
1325 2811 1404 2851 hac
1439 2813 1578 2853 Indiae
1604 2821 1722 2867 parte

982 2869 1112 2908 Persis
1137 2869 1317 2910 subiecta
1349 2877 1537 2910 accurate
1561 2872 1721 2912 Heeren

982 2933 1122 2966 noster
1151 2928 1262 2967 P.11.
1293 2928 1342 2966 de
1374 2932 1622 2970 commerciis
1639 2945 1720 2970 an-

982 2987 1054 3038 tiq.
1077 2987 1329 3038 populorum
1346 3001 1384 3040 p.
1410 2990 1495 3030 300
1517 3002 1601 3041 sqq.
1639 2990 1719 3028 Pro

981 3044 1141 3084 Persico
1160 3044 1297 3096 itaque
1311 3075 1321 3095 ‚
1352 3057 1424 3085 seu
1444 3046 1586 3097 Persa,
1618 3050 1720 3087 Me-
