1734 3320
153 159 255 208 564
491 158 546 207 P.
583 156 940 208 VIRGILII
974 155 1351 207 MARONIS

155 283 297 334 Talis
317 284 674 350 Hyperboreo
702 285 926 349 Septem
951 283 1189 333 subiecta
1210 282 1373 333 trioni

155 357 300 405 Gens
326 352 533 404 effrena
555 355 732 404 virum
755 353 1003 420 Rhipaeo
1029 353 1276 404 tunditur
1295 355 1460 417 Euro,

151 427 220 475 Et
241 424 517 492 pecudum
540 424 697 475 fulvis
720 423 925 474 velatur
950 441 1178 491 corpora
1201 425 1369 476 saetis,

227 495 282 545 Si
303 495 399 545 tibi
423 495 667 546 lanitium
690 511 871 546 curae:
907 495 1147 562 primum
1171 511 1355 563 aspera
1375 491 1527 556 silva,

132 684 134 689 f
199 649 267 685 381
296 648 392 692 Quin
417 655 454 681 et
482 649 530 681 H.
564 646 683 680 Schol.
717 647 843 680 Horat.
879 646 944 680 od.
975 647 1007 680 11
1036 653 1138 690 extr„
1173 646 1237 680 sed
1266 645 1411 692 vulgata
1438 643 1533 689 apud
1555 643 1685 676 Donat.

151 696 319 730 Priscian.
351 696 492 729 Bedam.
515 702 519 706 “
542 693 796 740 Hyperboreis
829 694 925 727 Toll.
954 693 1186 741 (Yperboreo
1212 693 1363 735 Medic.‚
1397 693 1421 727 Ῐι
1449 690 1558 725 minio
1580 701 1686 735 supra

152 743 304 789 appicta.
332 744 389 777 W
385 743 430 787 r.)
502 743 572 777 382
593 736 746 776 Ῥιπαῖα
767 736 838 786 ὅρη
861 741 1038 775 scribitur.
1065 742 1125 785 (cf.
1148 747 1273 775 notata
1289 741 1335 774 ad
1353 741 1417 775 Ge.
1432 737 1551 781 1,240.
1585 739 1638 773 W
1638 736 1684 781 r.)

152 791 223 825 385
248 791 398 823 velatur
412 796 508 822 recte
530 788 651 822 Heius.
674 789 854 835 reposuit,
889 796 1067 834 tamquam
1089 788 1286 836 elegantius
1306 800 1373 834 per
1397 785 1639 832 graecismum‚
1666 796 1685 817 e

152 838 332 878 Romano,
360 843 396 869 et
415 836 485 870 alio
506 835 671 869 Pieriano
702 849 722 869 a
744 849 789 869 m.
812 848 877 881 pr„
902 836 989 869 item
1010 836 1186 870 Gudiano.
1235 835 1402 870 vellatur
1420 835 1510 868 Ven.
1559 832 1686 867 valla-

122 900 125 902 >
153 893 216 918 tur
242 884 386 919 Wakef.
416 884 471 917 ad.
491 884 634 917 Lucret.
666 884 738 925 IV,
772 884 852 918 591.
885 883 946 916 ubi
975 885 1096 917 Pinea
1127 882 1293 930 semtseri
1318 882 1453 930 copiti-5
1481 880 1687 914 vallamina

153 943 338 978 quassans
356 943 423 975 pro
443 931 629 964 velamina
656 930 851 964 intulerant
874 931 941 964 viri
962 931 1079 974 docti,
1111 931 1319 964 recordatus
1342 929 1446 962 huius
1468 927 1539 962 loci
1558 927 1686 960 valla-

153 988 216 1012 tur
233 978 440 1023 reponendo
467 977 609 1022 egregie
629 977 746 1011 locum
767 990 910 1012 sanasse
938 991 976 1012 se
1002 978 1220 1024 pronuntiat.
1269 980 1316 1011 At
1332 975 1531 1021 Naugerius
1555 974 1687 1008 dudum

151 1026 222 1059 hoc
252 1026 347 1058 idem
375 1032 596 1070 expresserat
625 1025 704 1059 Ald.
737 1032 840 1066 tert.;
872 1025 1056 1059 redierant
1079 1032 1197 1059 tamen
1225 1024 1401 1066 editores,
1436 1029 1476 1056 ut
1493 1021 1686 1055 innumeris

152 1072 230 1106 aliis
249 1072 285 1105 iu
302 1071 391 1105 locis
406 1099 415 1115 ‚
440 1072 486 1105 ad
507 1072 688 1117 vulgarem
705 1072 895 1106 lectionem
915 1073 1104 1115 velantur,
1130 1084 1218 1118 quae
1236 1071 1369 1105 insidet
1389 1069 1536 1115 reliquis
1558 1068 1684 1110 codd.;

153 1120 259 1153 etiam
277 1119 405 1153 Medic.
423 1121 562 1166 fluviis
580 1126 612 1158 (a
631 1132 685 1165 pr.
705 1119 765 1164 m.)
791 1120 978 1154 velantur.
1029 1121 1084 1162 (V
1082 1120 1207 1154 elatur
1230 1126 1338 1153 notae
1358 1117 1472 1152 Servii
1491 1129 1548 1162 ap.
1569 1117 1685 1150 Burm.

150 1167 377 1213 praefigitur3
403 1167 467 1200 sed
490 1167 579 1200 aliae
599 1168 702 1200 editt.
725 1179 802 1200 cum
833 1167 913 1201 cod.
937 1168 1063 1201 Dresd.
1089 1167 1287 1208 velantur,
1310 1166 1368 1200 vel
1381 1165 1433 1200 sic
1455 1163 1555 1198 salvo
1578 1175 1686 1208 grae-

151 1214 282 1257 cismo,
317 1214 347 1247 si
369 1227 410 1248 ex
434 1226 647 1259 praegresso
668 1214 790 1248 virum
814 1214 1002 1260 repet³eris
1031 1216 1115 1248 viri.
1164 1216 1210 1247 At
1231 1213 1378 1260 pluralis
1403 1211 1503 1246 verbi
1533 1211 1686 1245 debetur

150 1261 354 1307 propinquo
382 1262 513 1308 plurali
540 1274 716 1308 corpora;
750 1261 821 1295 vid.
848 1265 890 1304 Q.
921 1263 965 1296 V.
996 1263 1091 1304 VIII,
1115 1263 1157 1303 2,
1184 1274 1213 1295 a.
1243 1267 1332 1294 extr.
1379 1258 1551 1294 Defendit
1568 1265 1686 1292 tamen

149 1310 326 1343 velantur
355 1309 451 1343 Cort.
472 1309 516 1342 ad
534 1310 664 1343 Lucan.
686 1311 747 1351 IV,
772 1310 853 1345 367.
894 1309 992 1350 Wr.)
1042 1311 1193 1343 Versum
1212 1308 1382 1353 languere
1409 1305 1515 1341 facile
1541 1304 1686 1347 sentias,

150 1356 181 1390 si
198 1356 409 1390 sententiam
429 1356 636 1390 excusseris.
678 1358 872 1402 Tamquam
891 1356 1054 1390 inutilem
1078 1350 1281 1390 rescindere
1300 1367 1440 1401 quoque
1454 1353 1599 1387 volebat
1616 1353 1684 1387 Iac.

149 1405 281 1449 Bryant
299 1404 406 1437 modo
426 1416 446 1438 a
467 1416 524 1437 me
545 1403 722 1438 laudatus.
770 1404 901 1438 Pedem
921 1404 1046 1438 fixerat
1063 1410 1174 1450 poeta
1197 1403 1235 1436 in
1254 1403 1336 1436 loco
1357 1401 1508 1436 lubrico.
1534 1401 1684 1440 *Narra-

148 1451 238 1485 tioni
257 1451 433 1485 finiendae
450 1451 663 1485 sententiam
682 1451 856 1485 subiicere
874 1452 1021 1485 volebat
1040 1452 1150 1486 hanc:
1176 1452 1231 1484 Ita
1248 1450 1372 1485 vivunt
1389 1447 1515 1496 populi
1526 1455 1685 1494 septem-

149 1498 353 1532 trionalium
371 1505 558 1532 terrarum.
607 1500 707 1541 Hoc,
733 1506 772 1532 ut
793 1505 920 1546 poeta,
946 1511 1075 1533 ornare
1097 1497 1232 1532 debuit.
1281 1498 1363 1540 Pro,
1387 1497 1440 1531 ita
1458 1495 1591 1538 vivunt,
1616 1494 1685 1529 hac

147 1547 219 1580 vita
238 1553 399 1589 utuntur,
437 1546 605 1580 adversus
625 1546 694 1580 vim
722 1546 868 1591 frigoris
888 1547 1044 1593 pellibus
1063 1545 1172 1588 tecti3
1205 1544 1358 1579 subiecit
1378 1543 1561 1578 ornatiora
1591 1550 1684 1576 tun-

149 1594 252 1627 ditur
270 1597 373 1627 Euro
392 1606 488 1641 gens
506 1602 542 1627 et
558 1594 708 1627 velatur
726 1595 841 1628 saetis
860 1595 1064 1643 pecudum:
1089 1593 1235 1639 frigoris
1253 1592 1323 1626 vim
1341 1590 1532 1638 experitur,
1559 1596 1597 1623 et
1616 1589 1685 1623 ad—

148 1653 269 1674 versus
294 1640 393 1673 illam
416 1640 609 1674 velleribus
635 1641 790 1674 serarum
817 1653 960 1687 corpus>
975 1641 1096 1675 munit.

1208 1639 1280 1677 384
1313 1640 1490 1674 lanicium
1518 1637 1683 1672 Parthas.

149 1687 271 1722 scribit
287 1700 364 1722 cum
385 1687 474 1721 aliis.
523 1689 636 1722 Aliter
652 1689 831 1723 meliores.
880 1690 941 1723 Sic
961 1688 1030 1723 tibi
1045 1689 1188 1735 quidam
1210 1687 1314 1722 codd.
1334 1700 1392 1734 ap.
1411 1689 1510 1721 Serv.
1529 1687 1616 1720 Aen.
1640 1686 1683 1727 11,

150 1736 219 1771 140
238 1742 273 1769 et
290 1735 347 1768 ed.
367 1735 529 1769 Norimb.

135 1843 238 1892 fieri
254 1842 457 1893 traditur,
498 1850 536 1880 et
562 1851 735 1881 acetum.
797 1842 886 1882 Me-

145 1907 282 1940 morat
308 1906 444 1940 tamen
473 1900 623 1939 Plinius
648 1901 756 1939 inter
786 1901 887 1941 reli-

147 1973 227 2012 qua
247 1959 334 1999 vini
358 1959 492 1999 fictitii
520 1973 664 2012 genera
682 1959 790 2011 XIV,
821 1963 886 2010 16,

146 2032 177 2057 s.
204 2020 269 2067 19,
292 2020 330 2059 3.
390 2018 461 2056 Est
489 2024 626 2056 autem
650 2017 787 2057 sorbas
809 2032 888 2057 no-

145 2076 206 2115 bis
226 2075 516 2128 Sperberhaum
528 2106 539 2126 ,
581 2075 802 2116 Arlesbeer.
838 2077 888 2116 cs.

144 2134 245 2173 Plin.
265 2134 354 2185 XV,
375 2137 444 2184 21,
465 2149 494 2173 S.
515 2137 584 2177 23.

146 2205 151 2231 ·,
204 2194 302 2235 381.
342 2193 577 2244 Septemtrio
615 2206 688 2231 seu
731 2201 883 2245 septem

145 2253 314 2300 triones,
345 2250 387 2289 h.
405 2251 548 2301 boves,
581 2251 695 2302 quasi
715 2254 882 2290 teriones

146 2323 167 2347 a
187 2308 358 2348 terendo
377 2308 476 2348 dieti
495 2307 595 2363 (vid.
619 2311 750 2349 Varro
775 2311 818 2349 L.
839 2311 880 2349 L.

145 2367 211 2418 VI,
237 2366 277 2415 4,
298 2374 339 2406 et
359 2367 458 2406 Gell.
475 2367 523 2417 II,
544 2365 631 2422 21),
663 2368 787 2419 sidus,
807 2383 883 2408 an—

145 2425 270 2477 tiquis
288 2426 450 2464 Graecis
471 2423 605 2478 ἆμαξα
622 2428 882 2480 appellatum,

145 2483 338 2536 quoniam
358 2484 433 2523 sub
463 2484 635 2536 plaustri
663 2486 792 2538 specie
817 2499 882 2524 se-

144 2548 258 2595 ptem
304 2555 446 2581 versus
494 2542 635 2596 polum
684 2545 881 2584 arcticum

146 2600 285 2639 stellas
304 2601 667 2652 repraesentabant
678 2616 689 2653 3
709 2610 758 2642 ut
776 2604 882 2642 forte

145 2661 372 2710 septemtrio
402 2659 455 2697 sit
490 2667 641 2710 septem
672 2661 882 2699 stellarum

145 2718 241 2755 terio
261 2730 332 2756 seu
360 2730 525 2767 currus3
564 2717 606 2755 in
624 2718 796 2770 plaustri
816 2720 880 2758 10-

146 2789 239 2814 cum
268 2788 366 2814 mox
393 2775 495 2814 Ursa
515 2775 645 2814 maior
676 2783 716 2815 et
732 2777 878 2828 minor,

145 2839 217 2873 aut
228 2834 355 2873 altera
373 2839 479 2872 certe
491 2831 673 2888 (Homer.
689 2835 834 2887 Odyss
848 2851 876 2886 ε,

144 2890 248 2946 273)
279 2891 481 2932 suecessit.
509 2891 592 2932 vid.
615 2891 727 2933 Arat.
745 2893 877 2932 Phae-

945 1845 1042 1886 382.
1077 1843 1188 1882 Gens
1216 1842 1455 1896 effienorum
1480 1842 1678 1891 'viromm‚

944 1901 1103 1954 vulgari
1131 1901 1314 1952 ratione3
1360 1898 1401 1938 h.
1430 1898 1681 1949 immanium,

944 1961 1137 1999 ferorum.
1205 1961 1365 1998 Eurum
1407 1957 1560 1997 iterum
1603 1970 1681 2010 pro

947 2031 1192 2071 quocunque
1223 2023 1347 2057 vento
1378 2016 1503 2067 dixit5
1544 2016 1683 2067 itaque

946 2078 1138 2129 Rlzzpaeo
1175 2075 1344 2126 adiecit,
1393 2081 1440 2114 ut
1477 2074 1682 2114 borealem

940 2150 988 2174 ac
1016 2135 1210 2188 frigidum
1242 2135 1486 2185 declararet3
1518 2133 1616 2183 etsi,
1648 2132 1679 2171 si

941 2194 1139 2246 arguteris
1161 2224 1171 2244 ,
1219 2192 1391 2246 Rhipaei
1428 2197 1588 2231 montes
1630 2190 1680 2230 ab

941 2253 1107 2292 Oriente
1154 2251 1346 2305 Scythiae
1389 2250 1511 2304 positi
1549 2249 1681 2289 videri

939 2317 1133 2365 possunt:
1174 2310 1224 2349 <le
1251 2310 1397 2363 quibus
1422 2315 1472 2348 ut
1500 2308 1550 2347 de
1569 2307 1680 2346 omni

942 2369 1241 2423 Septemtrione
1267 2383 1344 2422 pro
1377 2367 1546 2408 diversis
1571 2372 1678 2405 tem-

939 2429 1109 2482 poribus
1139 2433 1178 2466 et
1208 2427 1446 2481 opinionum
1472 2424 1679 2464 vicissitu-

942 2487 1036 2525 dine
1067 2486 1198 2525 multa
1235 2499 1283 2525 ae
1321 2485 1437 2525 varia
1474 2483 1678 2522 fabulatos

942 2558 1024 2583 esse
1054 2551 1233 2594 veteres,
1274 2556 1391 2596 saepe
1420 2548 1461 2581 et
1489 2556 1511 2580 a
1537 2541 1677 2580 multis

940 2603 1039 2642 viris
1068 2602 1198 2641 doctis
1226 2601 1426 2641 monitum
1459 2614 1505 2639 ac
1535 2599 1677 2654 ‹lispu-

940 2667 1075 2700 tatum
1106 2666 1185 2710 est,
1230 2659 1537 2699 ariolationibus
1570 2672 1677 2710 quo-

939 2732 1018 2771 que
1050 2718 1100 2757 (le
1126 2717 1267 2757 iisdem
1303 2718 1425 2757 rebus
1459 2715 1676 2770 interposi-

937 2777 1002 2816 tis.
1042 2775 1127 2833 (—-
1146 2777 1203 2814 De
1231 2791 1290 2816 vs,
1320 2779 1418 2819 383.
1445 2775 1529 2816 vid.
1556 2775 1607 2824 Q.
1626 2774 1674 2815 V.

936 2834 1145 2885 XXXIHI,
1165 2838 1204 2877 3.
1240 2834 1360 2888 Wr.)
1466 2854 1469 2859 ·

995 2892 1081 2936 384
1107 2916 1155 2922 —
1180 2896 1277 2936 393.
1306 2894 1526 2946 Praecepta
1553 2903 1675 2944 super

144 2964 252 2989 nom.
275 2953 344 2993 27.
374 2951 477 2990 conf.
511 2950 566 2990 ad
593 2950 693 2991 Aen.
722 2952 752 3005 Ι,
779 2951 875 2995 744.
933 2952 1120 2992 lanarum
1140 2951 1288 2992 studio.
1308 2951 1392 2992 vid.
1412 2952 1566 2991 Colum.
1587 2949 1672 2999 VH,
