1768 3320
319 255 831 305 AD-GARMINA
869 255 1284 306 BUCOLICA
1495 264 1558 310 31

41 383 300 453 originem
330 398 482 432 suam
514 382 748 449 tempori
782 382 988 451 potiuS,
1027 399 1189 450 quam
1222 382 1438 446 ingenio
1468 381 1560 433 de-

38 453 206 505 benet.

176 524 494 588 Propterea,
531 529 592 570 ut
620 529 781 587 poeta
810 520 1112 584 bucolicUS,
1147 519 1246 569 sub
1267 519 1563 587 Daphnidis

38 608 269 660 persona
302 593 585 642 Caesarem
619 590 837 641 induxit.
928 590 1169 657 Daphnis
1216 589 1380 639 heros
1425 591 1565 639 inter

38 662 431 731 antiquissimos
463 670 703 728 pastores
736 677 867 711 aevo
894 658 1161 711 fabuloso,
1237 662 1381 725 Ergo
1411 676 1565 724 argu—

38 742 287 783 mentum
317 740 516 798 aptum.
557 733 635 781 Ita
667 731 1031 798 temperabat,
1076 740 1137 781 ut
1172 735 1275 796 (1)
1315 730 1563 780 dolorem

39 803 108 853 de.
119 801 417 870 Daphnidis
441 801 594 851 obitu
620 802 965 868 exprimeret3
987 818 1149 869 quam
1173 801 1420 851 carminis
1442 818 1563 867 par-

36 883 150 924 tem
195 871 606 941 quodammodo
650 872 941 922 alienam
990 871 1076 921 alii
1117 871 1303 920 tribuit
1337 871 1561 937 pastori3

36 950 138 1009 (2)
175 942 429 993 laetitiam
473 942 542 992 de
579 942 866 1009 Daphnide
906 942 1077 992 heroe
1102 942 1243 991 inter
1285 941 1436 990 divos
1475 958 1562 990 re-

38 1022 213 1081 cepto„
267 1015 384 1063 Hoc
410 1013 458 1062 ei
480 1013 681 1079 pastori
703 1013 945 1075 retinuit,
968 1013 1116 1062 cuius
1136 1028 1368 1079 persona
1391 1010 1561 1061 latens

37 1084 151 1151 ipse
185 1100 279 1133 sua
300 1099 454 1132 sensa
477 1082 693 1132 volebat
721 1081 1032 1147 significare.

176 1155 433 1205 Ceterum
466 1169 584 1202 non
616 1153 822 1218 singula
844 1153 1058 1220 quaevis
1097 1151 1165 1202 ad
1196 1152 1449 1201 amussim
1474 1168 1560 1201 ex-

37 1223 254 1289 igenda,
291 1224 360 1272 ita
381 1231 443 1272 ut
471 1222 661 1273 leones
698 1222 812 1273 Afri
847 1224 951 1272 sint
983 1221 1085 1272 feri
1117 1221 1306 1289 populi
1335 1220 1560 1283 Africae,

36 1302 125 1344 aut
158 1293 363 1345 similia.
455 1292 566 1342 Sed
598 1302 659 1342 ut
698 1294 752 1342 in
795 1294 975 1360 quavis
1022 1293 1254 1357 imagine
1295 1291 1558 1359 quaedam

38 1363 311 1414 adduntur
340 1361 407 1412 ad
440 1362 810 1413 exornandum
845 1379 959 1412 non
989 1363 1307 1426 necessaria,
1353 1361 1452 1411 sed
1483 1370 1560 1410 ta-

33 1450 164 1484 men
183 1434 355 1497 utilia,
390 1442 452 1482 ut
475 1432 770 1493 delectent,
807 1433 876 1482 ita
908 1433 962 1482 in
985 1432 1085 1482 hac
1121 1433 1353 1497 imagine
1382 1440 1559 1480 totum

37 1505 183 1567 eiUS,
233 1504 325 1570 qui
369 1519 488 1552 eam
531 1502 800 1565 exhibuit,
861 1502 1146 1552 consilium
1182 1511 1422 1569 spectare
1465 1501 1559 1550 de-

36 1574 256 1634 bemus3
303 1589 429 1621 nam
459 1574 550 1640 qui
575 1573 779 1637 singula
810 1574 1026 1640 quaevis
1057 1590 1157 1639 per
1181 1570 1558 1638 metaphoram

38 1643 175 1693 dicta
207 1643 481 1709 sumserit,
518 1644 573 1693 iu
600 1644 854 1693 maximas
884 1642 1085 1693 incidet
1107 1642 1347 1709 ineptias

663 1758 821 1824 (Ecl.
856 1761 930 1826 Ι.)

173 1851 284 1902 Sed
312 1869 425 1902 non
457 1853 526 1902 ita
553 1852 729 1902 multo
758 1862 881 1919 post
910 1852 1063 1903 novis
1094 1851 1265 1901 turbis
1296 1866 1559 1918 conquas-

43 1931 151 1972 sata
195 1932 275 1972 est
313 1922 627 1989 respublica.
707 1923 973 1974 Antonius
1007 1931 1060 1973 et
1096 1921 1417 1972 Octavianus
1453 1929 1557 1970 tra-

33 1993 216 2043 iiciunt
238 1993 294 2042 in
305 1993 596 2048 Graeciam.
630 1996 871 2044 Exeunte
893 2002 1183 2043 auctumno
1202 2000 1470 2059 pugnatur
1491 1990 1558 2040 ad

32 2062 325 2130 Philippos.
402 2066 641 2114 Pereunt
683 2073 903 2114 cruenta
941 2063 1105 2113 caede
1134 2061 1407 2112 clarissimi
1435 2061 1557 2121 viri3

33 2149 155 2200 spes
211 2133 573 2184 restituendae
628 2134 957 2202 reipublicae
1011 2142 1065 2183 et
1124 2132 1558 2183 Triumvirorum

35 2203 467 2253 amovendorum
494 2205 708 2270 penitus
736 2203 852 2254 fere
876 2203 1067 2255 deleta.
1136 2203 1409 2253 Exercitus
1431 2203 1557 2253 Cas-

35 2274 95 2323 sii
127 2282 182 2323 et
207 2274 383 2337 Bruti,
418 2283 654 2342 utroque
686 2274 823 2324 duce
841 2283 1087 2338 mortun,
1124 2274 1321 2340 partim
1350 2271 1556 2322 solutus

35 2359 92 2392 se
124 2341 335 2393 confert
363 2343 431 2393 ad
451 2346 587 2396 Sext.
608 2345 959 2412 Pompeium,
994 2344 1214 2412 partim,
1251 2342 1556 2393 auctoribus

37 2422 92 2462 et
116 2413 421 2464 suasoribus
444 2414 670 2465 Messala
706 2424 759 2464 et
792 2414 1012 2477 Bibulo,
1047 2431 1104 2464 se
1135 2412 1285 2463 dedit
1302 2413 1555 2463 Antonio,

35 2485 298 2534 Antonius
330 2485 385 2533 in
418 2485 598 2534 Asiam
627 2485 736 2534 abit
765 2494 818 2535 et
847 2486 1076 2550 Syriam,
1109 2493 1172 2534 ut
1203 2483 1418 2533 illarum
1446 2492 1554 2532 ter-

35 2570 216 2603 rarum
252 2571 340 2604 res
378 2564 670 2621 componat
712 2564 766 2604 et
801 2555 1088 2622 pecuniam
1134 2562 1300 2618 cogat.
1393 2554 1555 2603 Octa-

37 2623 218 2673 vianus
244 2625 299 2674 in
327 2624 539 2691 proelio
560 2624 891 2692 Philippensi
917 2626 1086 2675 victus
1108 2641 1210 2690 per
1237 2622 1479 2673 triduum
1498 2623 1553 2671 in

36 2690 235 2758 palude
265 2694 563 2747 delituerat.
640 2695 803 2760 Inde,
840 2712 1011 2763 quum
1040 2695 1147 2745 iam
1177 2703 1332 2743 antea
1362 2691 1553 2742 affecta

40 2769 179 2810 esset
194 2763 524 2829 valetudine,
561 2766 615 2813 in
644 2781 861 2830 gravem
877 2765 1147 2815 morbum
1179 2763 1377 2814 incidit.
1447 2763 1552 2813 Diu

39 2839 276 2895 aegrotat
303 2834 612 2899 Brundusii,
657 2835 794 2885 adeo
831 2845 893 2886 u't
928 2838 1137 2887 Romae
1170 2835 1277 2883 iam
1303 2841 1551 2881 mortuus

38 2899 342 2950 haberetur.
369 2960 376 2965 ‚
444 2907 572 2953 Post
634 2905 908 2971 proelium
972 2905 1318 2971 Philippense
1391 2903 1549 2950 Octa-

22 2970 221 3019 2vianus
255 2979 307 3020 et
343 2974 902 3044 Antoniusbemeritos
939 2974 1136 3024 milites
1188 2983 1241 3023 et
1286 2989 1314 3019 e
1353 2971 1458 3019 suis
1497 2976 1546 3016 et
