1734 3320
113 209 215 260 518
441 208 497 258 P.
532 205 885 258 VIRGILII
927 203 1303 255 MARONIS

111 338 290 386 Densa
311 333 460 396 iuba3
499 342 552 383 et
581 332 767 383 dextro
793 331 977 381 iactata
1001 332 1271 382 recumbit
1291 332 1347 381 in
1374 349 1540 385 armo.

112 409 182 456 At
215 403 412 471 duplex
434 404 604 469 agitur
626 420 726 470 per
749 401 967 451 lumbos
995 403 1171 469 spina3
1211 411 1468 470 cavatque

115 474 398 526 Tellurem
422 484 474 525 et
498 473 672 524 solido
698 473 927 538 graviter
951 482 1106 523 sonat
1128 473 1329 538 ungula
1353 490 1537 526 cornu,

115 545 256 597 Talis
277 545 546 610 Amyclaei
570 544 807 594 domitus
829 543 1062 593 Pollucis
1084 543 1310 594 habenis

116 615 375 682 Cyllarus,
423 624 498 679 et,
538 631 774 682 quorum
797 614 939 664 Graii
961 615 1266 665 meminere
1289 622 1501 682 poetae,

112 687 295 739 Martis
319 687 443 754 equi
468 687 699 751 biiugeS,
738 693 791 734 et
810 686 989 750 magni
1015 701 1200 735 currus
1224 683 1431 736 Achilli.

1575 619 1643 667 90

115 817 247 852 mendo
265 815 332 850 sub
349 814 521 859 naribus,
545 823 582 849 ut
601 826 678 849 cum
695 814 831 860 impetu
852 813 954 847 illum
979 813 1152 859 exspiret;
1178 814 1314 872 spiritu
1330 827 1407 849 cum
1421 813 1576 857 fremitu,
1602 826 1644 847 ac

115 864 146 898 si
165 864 373 897 interclusus
397 870 502 906 esset,
528 862 676 897 subinde
698 862 832 905 ducto,
859 861 1011 895 diductis
1031 862 1185 897 naribus.
1221 859 1372 908 εὖρύνει
1391 873 1485 902 τους
1503 861 1644 916 μγκτῆ-

115 923 187 957 ρας
207 924 262 957 ap.
281 911 452 956 Xenoph.
475 911 501 945 l.
533 923 561 944 c.
610 911 790 943 Hactenus
822 908 999 954 exquisita
1029 917 1083 943 est
1108 910 1236 951 lecti03
1271 910 1384 944 altera
1414 909 1580 943 usitatior
1609 915 1647 943 et

115 959 161 993 ad
177 958 489 1012 interpolationem
516 969 589 991 non
614 965 686 991 tam
716 956 899 1002 proclivis.
947 957 1017 990 Pro
1048 957 1161 991 altera
1189 964 1307 991 tamen
1329 957 1484 991 lectione
1504 955 1646 1002 gravior

117 1013 170 1039 est
187 1006 379 1039 auctoritas
395 1031 404 1048 ,
440 1005 536 1050 quod
556 1004 747 1038 manifeste
776 1011 832 1038 est
854 1016 1020 1049 expressa
1044 1017 1087 1038 ex
1113 1017 1217 1039 versu
1245 1004 1458 1038 Lucretiano
1478 1006 1523 1047 V,
1553 1005 1646 1040 1076

116 1052 364 1099 Ecsremztam.
371 1053 528 1107 patulis
554 1051 621 1086 sab
647 1050 804 1086 naribus
832 1052 908 1085 edtt
933 1051 983 1084 ad
1012 1065 1127 1086 arma.
1176 1054 1377 1097 Receperat
1403 1052 1473 1086 iam
1499 1051 1644 1087 Wakef.

117 1107 150 1134 et
177 1100 282 1134 Voss.
313 1099 380 1133 etsi
409 1111 536 1133 vereor
566 1099 624 1134 vel
653 1099 724 1141 sic,
749 1099 829 1133 fore
855 1098 915 1144 qui
943 1098 1075 1132 factum
1103 1099 1317 1144 improbent.
1406 1101 1452 1136 87
1472 1103 1552 1135 Aut
1572 1105 1646 1132 tres

114 1149 229 1181 Burm.
278 1150 327 1180 Et
351 1147 515 1180 Parrhas.
564 1150 621 1182 Ac
648 1146 722 1181 Erf.
820 1147 866 1182 88
899 1154 1021 1192 quant
1042 1148 1186 1194 ungula
1210 1149 1311 1181 Rom.
1331 1146 1461 1186 Pierii;
1496 1159 1540 1180 ex
1556 1149 1645 1180 Aen.

115 1196 181 1236 XI,
218 1194 296 1230 875.
330 1196 423 1237 VIII,
458 1194 529 1230 596
552 1200 589 1228 et
617 1193 731 1227 Ennio
764 1206 822 1239 ap.
841 1194 999 1227 Macrob.
1031 1197 1102 1228 Sat.
1132 1195 1202 1236 V,I
1229 1195 1261 1229 1.
1297 1193 1368 1228 vid.
1389 1171 1513 1228 Heius.
1562 1194 1647 1228 Cum
1712 1196 1713 1199 ’

116 1221 236 1276 sol'ido
268 1254 386 1275 cornu
412 1242 536 1275 melius
567 1241 744 1275 consentit
774 1249 896 1275 sonat.
945 1243 1116 1288 graviter
1142 1221 1262 1276 solzdo
1285 1242 1424 1288 Menag.
1451 1255 1506 1288 pr.
1601 1242 1646 1278 89

115 1289 329 1333 Amyclaei-s·
357 1287 513 1323 habenis
536 1289 688 1323 Mentel.
718 1294 754 1321 et
781 1289 919 1333 Menag.
950 1300 1005 1332 pr.
1032 1289 1157 1334 fragm.
1193 1290 1322 1323 Moret.
1348 1290 1515 1324 Rottend.
1544 1289 1647 1332 alter,

116 1338 204 1381 Reg.
253 1339 348 1381 Amy
351 1336 410 1370 cla
441 1344 477 1369 et
506 1338 608 1370 Rom.
704 1337 752 1371 90
774 1336 868 1370 Grai
896 1335 1053 1370 scribunt
1077 1336 1177 1370 multi
1204 1337 1309 1371 codd.
1340 1337 1581 1383 antiquiores,
1607 1343 1647 1370 ut

117 1390 151 1417 et
173 1383 270 1417 alibi.
315 1383 626 1429 (quemadmodum
654 1383 759 1417 etiam
776 1382 906 1417 Medic.
940 1391 974 1417 et
993 1387 1090 1418 Serv.
1109 1384 1236 1418 Dresd.
1266 1385 1362 1428 Wr.)
1395 1385 1465 1419 vid.
1483 1384 1648 1418 Pieriam.

115 1432 160 1466 91
188 1431 329 1465 Achilli
357 1430 479 1465 Heius.
509 1444 527 1465 e
557 1431 705 1464 Mentel.
728 1442 782 1475 pr.
812 1431 904 1464 Gud.
940 1437 977 1464 et
1001 1431 1138 1465 duobus
1171 1431 1264 1466 aliis.
1308 1432 1411 1466 Adde
1436 1432 1546 1466 Goth.
1576 1444 1647 1466 sec.

115 1479 281 1513 Achilles
298 1479 427 1512 Medic.
443 1491 462 1512 a
479 1492 524 1512 m.
539 1491 595 1523 pr.
615 1491 682 1523 pro
704 1479 873 1512 Achillei.
922 1480 967 1512 At
984 1479 1144 1513 Achillis
1163 1481 1264 1513 Rom.
1283 1492 1360 1513 cum
1379 1479 1423 1513 al.
1439 1492 1471 1514 v.
1491 1480 1537 1514 ad
1560 1483 1647 1514 Aen.

116 1527 142 1567 1,
167 1526 224 1561 30.
274 1526 416 1571 (Medic.
444 1527 610 1561 Aclzzlles
639 1532 676 1559 et
703 1538 810 1572 supra
841 1526 1021 1571 scriptai3
1061 1527 1202 1561 Achilli
1222 1539 1241 1560 e
1267 1525 1486 1563 Parisinis2.
1514 1528 1549 1563 3.
1574 1526 1646 1562 vid.

115 1574 161 1607 V.
179 1574 220 1606 L.
240 1573 285 1606 ad
308 1576 394 1607 Aen.
415 1575 457 1615 II,
481 1574 565 1609 476.
613 1574 776 1607 Formam
796 1574 959 1608 Achillei
986 1572 1135 1607 alienam
1160 1586 1237 1607 esse
1262 1587 1283 1608 a
1306 1574 1451 1620 Virgilii
1481 1573 1663 1609 carmini-⁷

117 1620 204 1663 bus,
235 1620 329 1653 infra
346 1621 480 1655 dicetur
498 1624 584 1654 Aen.
605 1622 631 1663 Ι,
657 1621 714 1656 30.
764 1621 927 1654 Ceterum
950 1619 987 1653 in
1014 1621 1141 1654 eodem
1161 1620 1290 1655 Medic.
1311 1624 1438 1656 Marce
1461 1624 1566 1669 Sequi
1589 1622 1649 1655 le-

118 1667 232 1712 gitur,
267 1674 303 1701 et
319 1667 354 1700 in
375 1679 451 1701 voc.
474 1667 616 1715 biiuges
636 1667 749 1702 altera
767 1669 782 1702 i
802 1674 946 1722 puncto,
974 1674 1013 1701 ut
1034 1667 1198 1711 delenda,
1221 1675 1377 1712 notatur,
1401 1669 1537 1704 scilicet
1556 1669 1648 1703 male

116 1714 298 1749 intellecta
316 1715 498 1749 literarum
513 1715 745 1749 insidentium
761 1715 921 1759 ratione,
958 1715 1002 1749 de
1018 1727 1087 1762 qua
1105 1716 1175 1750 alio
1194 1716 1276 1751 loco
1298 1717 1447 1751 dicetur.
1478 1717 1576 1763 Wr.)

117 1834 249 1874 Multo
279 1834 404 1887 magis
429 1847 494 1874 res
519 1834 564 1873 in
595 1834 758 1874 Graecis
779 1835 855 1874 ob-

118 1894 210 1934 via:
240 1896 323 1944 πῦρ
340 1894 562 1941 πνείοντες.

171 1954 246 1994 87.
285 1952 456 2002 Duplex·
480 1953 601 2003 spina
639 1950 689 1989 ab
720 1949 856 1989 omni—

119 2010 197 2049 bus
215 2010 422 2049 veteribus
439 2010 483 2048 in
507 2010 616 2048 bono
638 2023 742 2061 equo
762 2009 856 2048 lau-

122 2068 258 2107 datur.
289 2068 374 2107 vid.
404 2068 534 2107 Varro
561 2068 617 2117 II,
639 2071 680 2118 7,
704 2067 742 2110 5.
775 2068 855 2106 Co-

120 2127 219 2166 lum.
236 2126 302 2176 VI,
331 2129 401 2176 29,
419 2130 459 2168 2.
491 2127 671 2179 Geopon.
690 2126 798 2175 XVI,
820 2128 857 2167 1.

121 2184 206 2225 vid.
229 2184 327 2224 alios
344 2185 454 2237 apud
470 2185 654 2224 Cerdam.
684 2184 859 2223 Innuere

121 2243 318 2283 videntur
352 2243 509 2296 spinam
548 2244 695 2293 latam,
745 2257 858 2282 cras-

123 2315 231 2352 sam,
269 2307 319 2340 ut
347 2302 523 2340 maxime
546 2316 688 2341 versus
720 2302 858 2340 clunes

123 2365 331 2411 tamquam
361 2373 512 2399 vcavum
545 2360 703 2399 sulcum
721 2360 856 2410 saciat,

124 2431 201 2457 nec
221 2423 358 2456 tamen
385 2418 471 2470 ipsa
500 2419 614 2471 spina
651 2424 856 2471 appareat.

124 2476 346 2515 Nemesian.
370 2476 515 2528 Cyneg.
533 2475 617 2518 243
648 2478 741 2515 Illis
764 2491 858 2515 am-

120 2535 200 2587 pla
247 2536 347 2573 satis
393 2535 503 2573 laevi
551 2543 644 2573 sunt
680 2549 859 2587 aequora

126 2593 257 2632 dorso.
317 2591 430 2630 Idem
460 2592 651 2644 Calpurn.
678 2593 763 2632 Ecl.
792 2592 860 2643 VI,

127 2648 183 2694 54
204 2650 430 2703 expressit,
459 2652 592 2702 Terga
626 2651 789 2700 sedent;
822 2656 863 2689 et

126 2709 235 2748 forte
260 2707 357 2747 hine
377 2708 514 2747 Ovidii
540 2708 636 2748 Met.
660 2709 751 2759 XII,
776 2707 858 2750 401

130 2768 199 2806 Sic
236 2773 393 2819 tergum
437 2767 571 2804 sessile
592 2796 603 2817 ,
657 2769 715 2805 sie
754 2774 863 2805 stant

129 2826 300 2863 Pectora
318 2825 426 2863 celsa
445 2826 553 2863 toris.
601 2825 862 2863 Contrarium

128 2883 298 2934 vitium,
326 2891 466 2922 extans
486 2882 598 2935 spina
627 2883 737 2935 apud
754 2883 861 2922 Var-

130 2954 296 2993 ronem,
338 2947 379 2981 et
408 2942 522 2981 Grat.
552 2942 698 2994 Cyneg.
721 2941 805 2984 526
826 2942 863 2979 si

132 3002 261 3040 tenuis
309 3000 424 3039 dorso
482 3007 674 3040 curentur
719 3000 856 3051 spina.

915 1837 983 1877 88.
1015 1835 1143 1873 solido
1175 1850 1322 1884 cornu5
1361 1837 1455 1876 vult
1479 1838 1650 1890 ungulas

915 1893 1039 1931 duras
1071 1906 1174 1944 esse3
1206 1900 1256 1933 ut
1288 1901 1460 1934 monent
1492 1896 1648 1947 Varro,

915 1951 1069 1990 Colum.
1091 1951 1176 2002 l.1.,
1205 1958 1256 1991 ut
1283 1953 1464 1992 sollenne
1490 1954 1651 2008 epithe-

912 2016 988 2049 ton
1008 2005 1211 2072 μώνυχες,
1247 2027 1550 2066 κρατερωνυχες
1571 2013 1650 2054 ἵπ-

916 2084 1002 2109 ποι.
1065 2068 1193 2106 Sonat
1214 2099 1225 2119 ,
1269 2075 1310 2108 et
1344 2069 1425 2109 1100
1463 2071 1651 2125 pimoplie5

915 2134 952 2165 et
981 2125 1116 2165 urbem
1145 2128 1284 2180 Eques
1310 2137 1477 2168 sonante
1514 2129 1651 2169 verbe-

915 2184 1021 2224 rabit
1050 2187 1211 2237 ungula
1242 2186 1387 2226 Horat.
1418 2187 1546 2241 Epod.
1583 2191 1649 2239 16,

918 2245 984 2285 12.
1006 2243 1090 2282 vid.
1112 2244 1300 2298 Xenoph.
1320 2245 1371 2285 de
1385 2259 1432 2286 re
1451 2260 1541 2298 equ
1565 2257 1651 2300 cap.

973 2362 1041 2402 90.
1076 2360 1260 2412 &llam
1279 2374 1406 2414 equus
1425 2363 1651 2402 communi-

914 2424 979 2457 ter
1011 2418 1167 2457 Castori
1207 2416 1283 2458 soli
1319 2421 1542 2472 tribuitur,
1582 2421 1652 2473 qui

918 2473 1152 2530 ἱππόδαμος
1167 2476 1249 2516 iam
1268 2478 1446 2518 Homero
1457 2479 1602 2532 Odyss
1614 2483 1650 2530 λ,

916 2537 1002 2576 299
1032 2534 1176 2574 dictus.
1244 2536 1327 2575 Nec
1353 2537 1486 2576 minus
1515 2544 1653 2577 tamen

916 2592 1126 2632 interdum
1160 2598 1331 2646 uterque
1373 2596 1501 2635 frater
1540 2596 1652 2648 equis

918 2650 1078 2690 insidet.
1139 2652 1245 2690 Sunt
1271 2653 1440 2692 tandem
1484 2661 1526 2694 et
1562 2655 1652 2693 loca

920 2709 970 2747 ab
1002 2708 1137 2762 Intpp.
1169 2709 1346 2767 excitata
1367 2741 1377 2760 ,
1423 2712 1467 2751 in
1505 2713 1652 2764 quibus

921 2767 1104 2819 Cyllarus
1130 2767 1284 2807 Polluci
1310 2770 1529 2821 tribuitur,
1567 2770 1650 2811 vid.

920 2825 1049 2863 Cerda
1088 2831 1128 2863 et
1155 2825 1366 2867 Martinus.
1433 2828 1648 2881 Amyclae,

918 2883 1136 2922 Laconicae
1155 2885 1275 2936 urbs,
1308 2885 1512 2939 Tyndarei
1531 2886 1651 2939 regia,

917 2941 962 2980 in
991 2955 1071 2994 qua
1094 2942 1256 2982 educati
1274 2944 1417 2984 Castor
1434 2951 1475 2984 et
1493 2945 1650 2984 Pollux.

917 3000 997 3039 Res
1023 3006 1132 3040 nota.
1193 3004 1262 3044 91.
1294 3005 1449 3042 Martis
1473 3005 1568 3057 equi
1599 3016 1651 3043 ex
