1734 3320
173 254 274 303 436
501 250 556 299 Ρ.
593 246 951 299 VIRGILII
987 244 1365 295 MARONIS

171 377 458 429 Discimus:
494 373 638 424 haud
660 390 924 439 umquam
950 371 1197 420 manibus
1221 371 1405 420 iactata
1429 368 1635 433 fatiscit,

176 447 283 498 Sed
303 446 433 514 picis
449 445 504 495 in
518 461 735 494 morem
752 442 819 491 ad
836 442 1027 507 digitos
1042 441 1285 491 lentescit
1298 439 1571 492 habendO.
1594 442 1697 493 250

172 517 406 569 Humida
425 516 658 565 maiores
680 512 876 563 ¹herbas
903 512 1017 576 alit,
1054 512 1274 578 ipsaque
1298 511 1437 560 iusto

173 589 400 640 Laetior.
451 585 535 636 Ah
562 585 793 634 nimium
822 600 892 632 ne
918 583 983 632 sit
1007 582 1142 632 mihi
1167 580 1354 631 fertilis
1381 580 1480 644 illa,

172 663 294 711 Neu
318 675 374 707 se
403 654 762 723 praevalidam
787 653 974 720 primis
1001 651 1250 702 ostendat
1275 651 1464 701 aristis!

178 733 327 793 Quae
352 726 521 793 gravis
550 733 650 788 est,
689 724 805 790 ipso
831 723 1044 772 tacitam
1066 738 1122 771 se
1146 721 1395 788 pondere
1420 718 1618 787 prodit,

178 803 439 865 Quaeque
479 795 622 846 levis,
694 797 980 844 Promtum
1023 800 1102 841 est
1149 790 1317 841 oculis
1364 789 1701 858 praediscere

968 862 1191 927 nigram,
1599 860 1703 913 255

245 939 362 991 252.
398 938 665 999 LAETIOR,
701 948 774 983 An

225 1067 295 1103 249
320 1074 387 1099 aut
407 1078 573 1112 umquam
588 1066 727 1109 Menag.
745 1076 800 1109 pr.
839 1061 1007 1097 manibus
1038 1070 1204 1096 tractata
1232 1060 1368 1094 emend.
1391 1060 1536 1095 Wakef.
1565 1059 1610 1092 ad
1629 1059 1704 1091 Lu-

178 1121 265 1149 cret.
282 1115 342 1155 IV,
367 1113 447 1148 231.
543 1112 614 1148 250
638 1112 687 1145 ad
715 1111 818 1144 deest
844 1112 969 1155 fragm.
996 1110 1123 1144 Moret.
1152 1116 1188 1143 et
1209 1122 1230 1142 a
1259 1120 1328 1141 sec.
1348 1121 1394 1141 m.
1417 1114 1542 1154 quarto
1561 1107 1702 1148 Mol-et„

178 1162 218 1196 it.
239 1161 350 1195 Goth.
372 1172 427 1204 pr.
522 1160 590 1195 251
618 1159 687 1192 alit
708 1157 844 1192 herbas
873 1157 1008 1191 Zulich.

179 1208 306 1243 solent.
331 1207 416 1253 (vid.
446 1206 518 1240 Ecl.
540 1208 591 1248 11,
616 1208 673 1242 60.
706 1206 802 1250 JVr.)
850 1217 898 1239 ne
924 1206 973 1238 sit
1001 1203 1067 1238 cibi
1093 1204 1166 1238 Erf.
1208 1202 1353 1250 fertilis
1377 1215 1453 1235 una
1473 1203 1612 1246 Menag.
1638 1212 1705 1245 pr.‚

178 1256 272 1290 unde
297 1255 419 1288 Heins.
443 1253 533 1288 coni.
557 1266 662 1287 uvae.
713 1253 793 1286 alla
815 1252 887 1285 Erf.
909 1265 928 1285 a
946 1264 990 1284 m.
1011 1263 1065 1296 pr.
1099 1252 1271 1297 (Laetior
1289 1250 1443 1282 sortasse
1465 1249 1555 1291 erit,
1589 1248 1648 1293 qui
1669 1247 1706 1280 in

179 1303 413 1348 suspicionem
431 1301 592 1335 adducat.
643 1300 736 1342 Quid
756 1299 847 1333 enim
867 1299 935 1332 sibi
953 1298 1028 1331 vult
1052 1300 1223 1346 ipsaque,
1261 1309 1366 1342 quum
1389 1296 1511 1330 eadem
1532 1294 1706 1329 sententia

178 1357 330 1396 utroque
357 1349 526 1382 orationis
552 1347 631 1382 colo
655 1347 830 1381 contineri
850 1345 1036 1380 videatur?
1068 1345 1159 1379 Hinc
1184 1343 1370 1385 coniicias,
1402 1343 1591 1388 Virgilium
1614 1341 1706 1376 scri-

178 1397 292 1443 psisse
316 1396 512 1437 lentior,
537 1401 575 1428 ut
592 1394 652 1428 hic
671 1395 821 1440 prodeat
840 1406 980 1427 sensus:
1005 1393 1082 1439 ipsa
1101 1404 1259 1438 quoque,
1285 1398 1322 1425 ut
1343 1390 1484 1436 pinguis
1504 1390 1586 1433 illa,
1611 1390 1707 1423 lenta

180 1451 253 1486 est,
277 1442 452 1477 lentescit.
501 1443 572 1476 cfr.
595 1447 670 1475 not.
690 1442 734 1476 ad
751 1442 823 1475 Ecl.
841 1442 925 1483 VII,
959 1440 1016 1476 48.
1067 1439 1188 1483 Quid?
1224 1438 1318 1484 quod
1339 1438 1520 1481 laetitior,
1555 1437 1651 1483 quod
1670 1436 1706 1469 in

179 1491 309 1525 Medic.
336 1504 356 1524 a
384 1503 429 1524 m.
459 1502 513 1535 pr.
536 1495 651 1523 exstat
666 1515 674 1531 ,
717 1501 736 1522 e
759 1488 873 1522 literis
904 1487 973 1521 adi.
1001 1488 1136 1522 lentior
1157 1506 1202 1511 —-
1221 1486 1362 1519 letitior
1384 1505 1429 1511 —
1452 1492 1568 1518 ortum
1594 1483 1708 1517 videri

179 1538 325 1584 potest?
373 1541 420 1571 At
439 1535 677 1583 explicatione
694 1536 794 1570 locus
819 1535 1047 1569 adiuvandus.
1095 1534 1216 1568 Verba
1235 1534 1318 1580 ipsa
1337 1533 1470 1566 laetior
1490 1532 1524 1566 h.
1546 1531 1570 1566 1.
1592 1531 1706 1578 signi-

180 1586 284 1620 ficant
298 1593 448 1625 terram,
475 1597 563 1630 quae
585 1584 661 1629 ipsa
679 1595 745 1628 per
763 1596 841 1617 sese
861 1582 989 1616 herbas
1019 1581 1188 1615 laetiores
1215 1579 1346 1625 gignit,
1370 1591 1442 1613 non
1462 1585 1620 1613 stercore
1642 1590 1707 1612 ro-

180 1634 308 1667 borata
335 1638 394 1667 aut
419 1632 504 1665 rivis
534 1631 698 1675 irrigata3
742 1631 813 1664 vid.
842 1632 885 1672 Q.
917 1631 960 1663 V.
993 1630 1137 1671 XVIII,
1160 1630 1194 1668 2,
1212 1641 1258 1661 m.
1286 1627 1381 1672 Wr.)
1478 1627 1550 1662 253
1572 1627 1651 1660 Nec
1669 1638 1708 1659 se

182 1687 329 1726 uterque
346 1679 474 1713 Medic.
498 1691 574 1713 cum
592 1680 751 1712 Romano
775 1685 810 1712 et
828 1677 905 1711 aliis
919 1703 927 1719 ,
957 1677 1061 1710 etiam
1083 1676 1178 1722 apud
1199 1674 1395 1708 Martinam.
1423 1674 1507 1719 (Sed
1524 1673 1706 1707 Mediceus

181 1727 243 1760 ille
262 1726 503 1773 Apronianeus
528 1738 595 1759 nec
619 1737 639 1758 a
664 1738 708 1759 m.
730 1737 796 1770 pr.‚
821 1738 893 1758 neu
915 1736 935 1757 a
956 1730 1091 1758 m.‘sec.
1116 1722 1185 1757 vid.
1199 1724 1241 1764 Q.
1260 1723 1304 1756 V.
1324 1722 1501 1763 XXXVI,
1528 1720 1583 1756 14.
1612 1720 1706 1764 Wr.)

183 1775 240 1809 Ne
267 1787 306 1808 se
337 1773 398 1807 alii
428 1773 522 1818 apud
544 1772 722 1814 Pieriam,
760 1779 797 1805 et
820 1772 981 1805 Parrhas.
1031 1773 1116 1804 Heu
1146 1782 1232 1803 unus
1258 1768 1425 1803 Arundel.
1469 1769 1708 1816 praeczpz'tem

1103 1156 1173 1192 252
1199 1169 1232 1197 α,
1257 1156 1317 1197 Ιια,
1343 1156 1495 1189 nimium
1519 1153 1642 1196 multi,
1666 1159 1706 1186 ut

182 1821 317 1855 Zulich.
369 1820 531 1854 ostendit
556 1821 647 1853 Ven.
698 1827 857 1853 ostentet
885 1818 988 1852 Aldd.
1018 1830 1073 1863 pr.
1103 1824 1139 1850 et
1164 1829 1234 1850 sec.
1266 1824 1301 1849 et
1329 1817 1441 1857 Iunt.‚
1476 1816 1571 1860 quod
1590 1815 1709 1860 placet

183 1870 398 1908 Burmanno3
424 1867 468 1900 de
486 1874 580 1900 terra
602 1866 701 1912 quasi
720 1865 907 1910 gloriante.

185 1922 222 1948 et
248 1915 371 1948 cerda.
421 1915 572 1948 tacitum
597 1913 692 1958 apud
720 1913 872 1946 Pierium
903 1919 957 1946 est
981 1912 1104 1946 vitium
1123 1911 1271 1944 Aldinae
1299 1922 1368 1943 sec.

1001 1863 1072 1901 254
1092 1865 1229 1912 prodet
1244 1863 1372 1896 Medic.
1416 1863 1556 1910 promit
1575 1862 1707 1906 Regius

1463 1909 1532 1945 255
1552 1909 1707 1957 praedi—

184 1975 266 1996 cere
282 1968 431 2007 quatuor
450 1961 543 2006 apud
564 1962 679 1993 Burm.
699 1967 734 1993 et
753 1960 861 1993 Goth.
878 1972 932 2004 pr.
957 1972 1032 1993 cum
1051 1958 1138 2002 Erit,
1163 1970 1229 1992 nec
1251 1969 1324 1991 non
1335 1958 1522 1991 Romanus.
1565 1969 1707 2003 cogno-
1722 1980 1734 1989 .

184 2022 285 2043 scere
306 2008 442 2042 Zulich.
491 2009 546 2041 Ita
566 2014 602 2041 et
623 2007 709 2041 alibi
730 2009 795 2041 Ge.
818 2009 845 2050 1,
867 2007 947 2050 252,
973 2008 1029 2042 51.

186 2105 270 2144 dies
289 2105 387 2143 Aen.
405 2104 470 2153 IV,
496 2106 610 2145 102:
639 2117 830 2155 regamus
835 2116 919 2154 po-

178 2163 328 2215 pulum
352 2176 625 2211 communem,
659 2167 701 2200 et
718 2161 804 2211 VII,
822 2158 918 2202 343.

186 2228 228 2260 et
242 2221 334 2260 infr.
357 2220 452 2263 352.
488 2219 632 2274 Wclz.)

244 2278 328 2320 248
350 2300 407 2307 -·-
427 2278 524 2321 250.
561 2278 710 2329 Pingue
737 2282 778 2315 et
796 2276 919 2328 gluti-

187 2351 332 2375 nosum
373 2334 574 2389 (idemque
615 2333 748 2389 dulce)
788 2334 920 2373 solum

188 2400 304 2433 tactu
323 2394 590 2446 cognoscitur.
632 2392 818 2431 manibus
851 2394 918 2430 ia-

188 2461 299 2494 ctata
313 2482 324 2501 ,
365 2458 547 2501 versata,
577 2457 774 2500 tractata,
805 2450 917 2500 trita,

186 2510 363 2560 fatiscit,
406 2510 614 2559 atteritur,
655 2515 704 2548 ut
731 2509 848 2547 abeat
875 2508 920 2546 in

191 2567 396 2616 arenulas,
438 2569 620 2607 solvatur
647 2568 690 2606 in
709 2567 919 2620 pulverem

193 2625 306 2666 arida
323 2626 442 2664 sacta.
473 2626 556 2665 vid.
584 2626 653 2664 Ge.
673 2625 703 2675 I,
730 2627 812 2666 180
841 2624 920 2663 ibi-

192 2697 269 2735 que
297 2683 388 2722 Not.
433 2683 492 2721 ad
538 2683 687 2734 digitos
733 2683 920 2731 lentescit,

191 2742 301 2780 lenta
324 2740 516 2779 adhaeret
537 2740 694 2792 digitis,
724 2739 919 2788 habendo,

194 2799 292 2838 dum
318 2799 500 2838 manibus
529 2797 720 2836 habetur:
750 2803 799 2836 ut
822 2795 920 2835 Aen.

193 2857 283 2907 XII,
302 2858 357 2899 88
386 2865 503 2912 aptot
531 2855 714 2894 habendo
743 2855 918 2892 Ensem:

194 2922 242 2955 ut
260 2914 400 2953 haberi
412 2914 539 2967 possit
557 2914 606 2952 ab
624 2927 690 2963 θος
719 2918 768 2950 ut
785 2912 922 2964 capia«

194 2979 264 3012 tur
291 2985 426 3012 manu.
455 2971 636 3011 habendo
665 2970 843 3023 passive,
875 2975 924 3008 ut

194 3031 352 3069 Lucret.
371 3030 402 3080 I,
433 3032 516 3072 313
545 3030 733 3068 Annutus
750 3030 793 3066 in
810 3028 921 3079 cligi-

977 2111 1015 2141 ιο
1036 2101 1351 2140 subtertenuatur
1368 2099 1551 2138 habendo
1563 2130 1574 2149 ,
1610 2099 1709 2138 dum

976 2161 1153 2200 habetur
1172 2189 1182 2209 ,
1230 2163 1446 2197 tractatur.
1523 2157 1587 2196 Ad
1621 2170 1708 2196 rem

978 2221 1025 2259 cf.
1048 2219 1148 2258 Plin.
1168 2217 1294 2266 XVII,
1312 2214 1352 2266 4,
1372 2230 1402 2255 5.
1426 2218 1464 2258 3.
1493 2216 1646 2255 Colum.
1660 2215 1707 2265 11,

977 2281 1018 2328 2,
1044 2280 1096 2319 18
1126 2275 1293 2315 laudato
1310 2273 1390 2313 hoc
1409 2274 1510 2313 loco.

1036 2335 1133 2378 251.
1151 2334 1247 2377 252.
1274 2332 1371 2375 253.
1401 2331 1623 2372 Humidum
1639 2346 1709 2370 so-

976 2394 1063 2433 lum
1099 2392 1238 2445 prodit
1279 2403 1320 2429 se
1358 2390 1494 2430 herbis
1537 2389 1709 2429 nimium

974 2450 1288 2490 luxuriantibus.
1336 2449 1393 2487 ali
1433 2450 1605 2489 nimium
1646 2462 1707 2487 ne.

977 2509 1142 2561 Egregia
1160 2507 1334 2548 variatio
1353 2507 1448 2557 eius,
1480 2506 1591 2558 quod
1610 2506 1709 2545 sim-

977 2567 1137 2620 pliciter
1153 2566 1342 2604 efferrent
1359 2565 1490 2614 nostri
1505 2564 1708 2604 homines:

978 2625 1088 2678 quod
1098 2633 1221 2663 terrae
1230 2637 1360 2675 genus
1370 2637 1485 2661 nemo
1502 2622 1580 2661 sibi
1588 2630 1707 2674 optet.

979 2682 1125 2721 Similis
1142 2681 1317 2720 inversio
1341 2680 1410 2720 Ge.
1431 2681 1462 2731 I,
1487 2681 1571 2724 456
1609 2682 1709 2719 Non

980 2741 1055 2778 itta
1079 2742 1295 2793 quisquam
1323 2753 1385 2776 me
1413 2747 1525 2778 nocte
1543 2753 1619 2790 per
1639 2739 1708 2776 al-

980 2807 1066 2836 tum
1096 2799 1161 2836 Ire
1187 2796 1346 2846 iubeat,
1394 2797 1466 2836 ubi
1497 2796 1579 2836 vid.
1614 2796 1707 2835 Not.
1728 2827 1734 2840 ,,

978 2856 1079 2893 Rem
1095 2855 1178 2894 vid.
1198 2854 1308 2907 apud
1335 2855 1434 2894 Plin.
1464 2855 1489 2893 l.
1510 2855 1537 2893 1.
1560 2856 1710 2906 primis

981 2915 1136 2962 aristis,
1170 2927 1258 2965 pro,
1288 2911 1422 2952 herbis
1442 2912 1709 2965 surgentibUS,
1728 2909 1734 2964 ζ

980 2977 1029 3010 ut
1046 2972 1158 3010 Serv.
1728 2965 1734 3020 ,s

1039 3027 1137 3071 254.
1160 3028 1257 3072 255.
1288 3028 1384 3071 256.
1424 3028 1563 3067 Solum
1589 3029 1734 3080 gravei
