1734 3320
287 145 778 257 eEoRfflcoN
811 200 953 250 Lm.
990 199 1040 262 1,
1077 203 1376 252 378-385
1471 186 1591 253 *361

66 334 183 384 Iam
204 327 572 397 variae-pelagi
594 326 863 388 volucreS‚
903 334 956 376 et
983 341 1120 392 quae
1144 325 1264 375 Asia
1290 326 1490 376 circum

65 400 322 454 Dulcibus
343 400 399 450 in
422 398 616 464 stagnis
640 398 905 447 rimantur
927 404 1075 463 prata
1097 395 1312 459 Caystri,

69 470 328 524 Certatim
347 469 522 534 largos
546 467 788 518 humeris
815 464 1106 517 infundere
1128 481 1297 530 rore5‚

137 569 254 617 383.
288 575 483 615 vimus

1493 467 1597 517 385

113 692 185 729 383
207 693 301 726 Turn
327 702 395 736 pro
423 690 504 724 Iam
533 689 625 724 alter
644 687 812 724 Arundel.
860 690 994 724 variae
1016 687 1145 723 Medic.
1176 694 1212 722 et
1237 687 1330 722 Gud.
1353 688 1455 722 Rom.
1477 685 1598 728 Pierii,

66 750 155 774 unus
173 738 342 773 Arundel.
362 743 399 772 et
414 736 552 771 Bodlei.
599 735 657 771 Sic
682 736 752 770 iam
770 739 868 771 Serv.
895 736 1025 770 lectum
1043 735 1153 770 fuisse
1174 741 1295 776 notat,
1330 741 1370 768 ut
1396 732 1601 781 infundere

66 798 134 832 pro
152 785 361 834 infundunt
379 784 512 819 dictum
528 783 732 829 accipiatur.
775 785 829 818 Ita
843 795 933 818 nova
953 783 1130 817 sententia
1146 782 1329 817 facienda:
1354 781 1469 816 Nunc
1486 788 1600 828 caput

68 832 250 869 obiectare
265 853 310 858 —
330 833 471 867 videas.
519 833 600 866 Iam
620 831 792 865 volucres
807 831 939 880 pelagi
955 832 1086 865 varias
1102 831 1139 864 in
1156 828 1335 864 nonnullis
1353 841 1411 874 ap.
1433 827 1598 862 Pieriam.

65 881 151 915 Mox
171 888 283 926 atque
303 881 398 915 Asia
417 877 545 913 Medic.
565 878 710 912 Mentel.
736 890 792 923 pr.
816 891 836 913 a
857 891 902 912 m.
930 889 985 923 pr.
1015 884 1051 910 et
1073 876 1233 911 nonnulli
1259 888 1316 922 ap.
1334 875 1449 917 Pier.;
1483 882 1598 920 putee,

66 935 136 962 aut
156 939 262 973 quae.
312 925 450 972 (Lectio
480 926 609 960 varias
628 931 688 959 aut
706 925 848 967 Servio,
882 932 941 959 aut
960 924 1021 959 alii
1041 924 1277 959 Grammatico
1291 950 1301 966 ,
1335 935 1440 968 quem
1459 930 1597 957 secutus

68 979 124 1008 est
141 974 302 1016 Servius,
326 973 451 1008 deberi
465 972 627 1014 videtur;
659 972 728 1006 vid.
750 974 792 1014 Q.
811 973 855 1007 V.
875 972 975 1014 XVI,
998 973 1032 1007 5.
1086 973 1224 1007 Variae
1249 971 1421 1005 volucres
1444 976 1498 1004 est
1515 970 1598 1004 No-

65 1020 255 1055 minativus
276 1019 480 1061 absolutus;
513 1019 673 1064 exempla
698 1031 717 1053 e
742 1019 976 1065 scriptoribus
992 1019 1072 1053 Lat.
1095 1019 1210 1064 petita
1232 1018 1303 1052 vid.
1322 1018 1417 1063 apud
1434 1017 1532 1050 Gort.
1554 1016 1599 1051 ad

66 1067 213 1103 Sallust.
238 1070 313 1115 Iug.
333 1080 411 1114 cap.
439 1068 498 1104 30.
530 1074 566 1101 et
594 1078 682 1112 quos
705 1066 769 1100 ille
797 1067 930 1100 laudat.
978 1066 1050 1100 Sed
1080 1066 1183 1100 etiam
1211 1065 1390 1099 Infinitivo
1419 1063 1597 1106 absoluto,

66 1115 154 1150 licet
171 1116 303 1150 videas
326 1114 420 1148 infra
449 1120 636 1160 sequatur,
667 1113 785 1148 locum
806 1126 883 1147 esse
910 1124 1018 1158 posse
1045 1125 1119 1147 non
1144 1112 1366 1159 negaverim3
1397 1111 1469 1145 vid.
1489 1113 1533 1153 Q.
1551 1112 1597 1147 V.

67 1163 195 1205 XXX,
217 1163 253 1198 3.
301 1161 395 1195 Illud
410 1160 536 1204 etiam,
560 1161 657 1215 quod
677 1167 732 1195 est
748 1160 785 1194 in
804 1160 969 1194 Mediceo
981 1187 991 1203 ,
1015 1168 1144 1207 atque,
1168 1160 1294 1194 testari
1310 1158 1450 1193 videtur
1469 1159 1599 1192 Gram-

66 1209 276 1243 maticorum
297 1215 443 1243 conatus
455 1234 465 1251 ,
489 1207 671 1251 orationis,
689 1207 779 1242 male
798 1208 991 1242 cohaerere
1009 1208 1124 1250 visae,
1146 1215 1320 1253 utcunque
1340 1205 1596 1240 emendandae:

69 1257 244 1291 volucres
260 1256 392 1304 pelagi
417 1264 531 1303 atque
554 1274 599 1281 —
624 1255 697 1289 vol
709 1267 730 1289 u
739 1268 757 1290 c
766 1267 784 1289 r
796 1267 814 1289 e
826 1268 842 1288 s
854 1281 863 1297 ‚
897 1267 920 1301 q
930 1267 953 1288 u
963 1268 984 1289 a
995 1267 1014 1288 e
1041 1267 1057 1288 s
1069 1267 1122 1288 un
1132 1261 1147 1288 t
1164 1275 1210 1281 —
1233 1257 1368 1289 circum
1387 1254 1482 1287 Asia
1501 1255 1598 1299 Cay-

71 1305 147 1338 stri
161 1311 286 1351 prata.
316 1303 414 1348 Wr.)

69 1421 206 1462 dinem
237 1434 458 1462 corvorum
483 1422 645 1461 referat.
703 1420 805 1460 Iun-

67 1480 199 1533 genda
230 1493 349 1519 vero:
388 1481 585 1531 increpuit
602 1480 682 1518 alis
702 1480 804 1518 den-

68 1541 150 1587 sis-5
181 1552 267 1577 non
296 1551 434 1589 vernt*
455 1539 649 1576 exercitus
671 1537 804 1576 densis

69 1596 161 1636 alis.
190 1596 451 1647 Plin.XVHI‚
476 1610 507 1635 s·
522 1598 577 1638 87
599 1595 705 1635 dixit
715 1610 805 1634 cor-

69 1656 114 1694 vi
120 1668 228 1693 -se
248 1656 527 1693 concutientes.
581 1654 806 1707 Simplicius

69 1711 237 1753 Homer.
264 1712 309 1752 Π.
332 1714 372 1767 β,
403 1712 488 1755 462
525 1708 710 1767 ὀρνίθων
738 1727 808 1753 πε-

69 1773 228 1822 τεηνῶν
249 1769 375 1812 ἔθνεα
393 1767 523 1812 πολλοὶ
536 1792 589 1799 -
613 1770 719 1812 ἔνθα
737 1768 807 1812 καὶ

71 1828 178 1870 ἔνθα
196 1831 402 1870 ποτῶνται
423 1823 691 1884 ἀγαλλόμεναι
715 1843 806 1870 πτε-

71 1882 248 1942 ρύγεσσι.
307 1887 494 1926 Ceterum
513 1886 566 1925 ad
590 1885 670 1926 hoc
686 1900 807 1940 prae-

71 1945 226 1997 sagium
253 1944 469 1984 referenda
495 1945 657 1984 Horatii
680 1945 807 1985 verba

72 2002 204 2042 carm.
223 2002 292 2054 III,
311 2006 419 2054 27‚9
449 2011 670 2056 antequam
689 2012 807 2042 stan-

71 2069 130 2100 tes
147 2069 300 2113 repetat
320 2061 500 2113 paludes
523 2061 721 2100 Imbrium
739 2061 807 2100 di-

72 2121 173 2158 vina
197 2121 288 2158 avis
305 2121 599 2157 imminentum.

133 2178 287 2218 388-
302 2179 400 2219 387.
429 2177 494 2215 Ex
522 2177 664 2216 avibus
680 2176 808 2217 mari-

73 2234 138 2274 nis
155 2240 197 2272 et
208 2235 345 2287 cygnis
362 2234 566 2287 praesagia
575 2235 808 2288 pluviarum

73 2298 285 2334 memorat.
353 2295 450 2332 lam
492 2293 634 2333 videas
668 2295 808 2333 varias

73 2351 320 2391 volucres—
335 2351 544 2404 infundere
568 2357 643 2390 etc.
683 2351 810 2404 Cygni

73 2407 142 2447 hic
162 2408 359 2448 dicuntur
387 2411 431 2447 in
446 2412 604 2461 stagnis
624 2410 809 2448 dulcibus

77 2466 236 2519 Caystri
254 2465 314 2521 (in
327 2467 488 2520 stagnis,
519 2481 621 2519 quae
642 2469 810 2521 Cayster

74 2524 116 2564 ss.
136 2537 314 2577 egressus
333 2526 454 2579 ripas,
483 2525 724 2565 inundando
743 2526 809 2565 vi-

77 2582 187 2633 cina,
225 2582 352 2638 facit)
381 2585 525 2623 rimari
543 2593 673 2635 prata
700 2584 808 2623 Asia

76 2641 334 2680 circumcirca
347 2658 359 2680 :
390 2656 466 2695 pro
495 2643 673 2696 vulgari,
711 2655 809 2682 ver-

77 2697 158 2736 sari
176 2698 220 2736 in
245 2699 306 2738 iis.
336 2702 480 2739 rimari
501 2707 637 2740 autem
657 2701 707 2740 de
735 2713 809 2753 cy-

76 2755 182 2808 gniS,
222 2757 415 2808 pabulum
449 2765 491 2797 et
515 2758 662 2799 herbas
684 2772 811 2812 quae-

77 2813 275 2853 rentibus.
312 2815 455 2869 Georg.
486 2817 542 2868 ΙΙ,
582 2820 664 2860 199
704 2817 811 2856 dixit

77 2871 274 2911 Mincium
301 2874 538 2914 Pascentem
563 2878 701 2915 niveos
716 2875 811 2914 her-

78 2929 172 2968 boso
203 2931 382 2981 flumine
433 2947 574 2985 cycnos
595 2950 608 2971 .·
659 2941 812 2985 stagna

78 2993 190 3027 recte
205 2987 361 3038 dulcia,
387 2995 531 3043 utpote
550 2990 636 3031 vivi
655 2996 697 3029 et
715 3004 812 3044 per-

509 1302 581 1338 384
605 1303 791 1337 mirantur
805 1304 894 1347 Reg.
913 1315 934 1336 a
953 1314 998 1336 m.
1018 1314 1074 1348 pr.
1092 1302 1231 1337 videtur
1251 1301 1433 1337 exhibere.

862 1421 976 1480 ermis
1023 1420 1164 1471 fluvii,
1214 1434 1299 1460 non
1335 1420 1418 1460 situ
1451 1424 1597 1473 putre-

862 1479 1009 1518 scentis
1033 1492 1171 1531 aquae.
1227 1479 1377 1518 Asiam
1396 1477 1599 1530 paludem

863 1537 970 1577 dixit
990 1536 1088 1577 Aen.
1111 1537 1198 1588 VII,
1215 1539 1313 1580 701.
1371 1536 1428 1576 At
1443 1537 1598 1576 Home-

861 1609 933 1635 rus
946 1593 1094 1637 ’Ἀσιον
1118 1598 1308 1649 λειμῶνα.
1356 1595 1428 1635 Est
1461 1590 1598 1634 autem

863 1656 970 1694 Asia
1002 1659 1194 1706 angustus
1231 1659 1392 1693 tractus
1415 1654 1598 1707 paluster

863 1712 1014 1765 Lydiae
1035 1712 1088 1751 ad
1106 1713 1346 1765 Caystrum,
1377 1726 1461 1751 non
1480 1712 1598 1763 longe
1633 1752 1639 1756 ,

866 1785 889 1809 a
913 1770 1075 1821 Tmolo,
1106 1770 1202 1810 satis
1219 1776 1342 1810 notus
1363 1783 1415 1809 ex
1432 1770 1597 1809 Homer.

864 1828 978 1868 Iliad.
999 1830 1038 1883 β,
1057 1827 1139 1871 461
1173 1825 1204 1883 ἢ
1223 1825 1390 1870 κύκνων
1416 1829 1598 1881 δουλιχο-
1644 1878 1646 1880 ¹

864 1888 1012 1941 δείρων
1036 1883 1157 1944 Ἀσίῳ
1194 1886 1238 1928 ἔν
1274 1889 1444 1941 λειμῶνι
1488 1886 1598 1927 Καϋ-

865 1947 1006 1999 στρίου
1034 1941 1142 1998 ἀμφὶ
1176 1943 1350 1999 ῥέεθρα·
1382 1958 1502 1996 quem
1523 1957 1599 1982 ex-

863 2004 1010 2057 pressit
1051 2003 1188 2056 virgil.
1235 2016 1314 2043 vss.
1364 2005 1462 2045 383.
1500 2001 1598 2045 384.

865 2062 971 2101 conf.
982 2060 1183 2101 Waltheri
1193 2060 1492 2101 Animadverss.
1502 2060 1598 2100 hist.

865 2125 907 2158 et
926 2119 1016 2159 crit.
1040 2134 1080 2159 n.
1098 2119 1164 2160 IV.
1210 2119 1382 2171 Reliqua
1402 2119 1554 2172 partim
1576 2132 1600 2157 a

865 2178 1049 2217 Varrone
1079 2177 1251 2216 Atacino
1280 2178 1442 2228 sumsit,
1485 2177 1599 2216 cuius

864 2236 1006 2288 fragm.
1038 2235 1081 2274 in
1103 2236 1315 2275 Catalectis
1343 2242 1427 2275 vet.
1455 2241 1600 2289 poeta-

864 2308 976 2333 rum:
1019 2296 1124 2333 Tum
1155 2295 1277 2334 liceat
1306 2295 1485 2333 volucres
1518 2308 1599 2345 pe·-

865 2352 959 2404 lagi
986 2352 1205 2405 tardaeque
1231 2353 1406 2404 paludis
1439 2353 1599 2391 Cernere
1635 2340 1643 2352 ’

866 2411 1068 2462 inexpleto
1089 2411 1220 2448 studio
1243 2408 1493 2464 (ἅπληστονς
1519 2410 1600 2449 hoc
1638 2401 1644 2408 ⁸

866 2475 927 2507 est
936 2498 946 2518 ,
974 2468 1087 2520 quod
1104 2474 1243 2508 noster
1260 2471 1465 2507 incassum
1481 2468 1599 2508 dixit.

865 2527 920 2565 At
946 2527 1111 2566 Servius
1125 2557 1135 2577 ,
1178 2526 1292 2579 quod
1328 2526 1474 2566 densae
1502 2528 1600 2580 plu-

865 2598 954 2624 mae
985 2599 1070 2624 non
1100 2585 1328 2625 admittunt
1364 2599 1511 2637 aquam
1547 2583 1601 2623 ad

866 2641 1036 2698 cutem.)
1095 2652 1242 2682 certare
1290 2644 1464 2682 lavandi
1483 2674 1495 2693 ,
1544 2644 1601 2681 Et

865 2702 975 2742 velut
992 2702 1198 2740 insolitum
1212 2704 1361 2753 pennis
1390 2701 1599 2753 infundere

865 2774 1016 2798 rorem.-
1047 2760 1197 2812 partim
1213 2760 1264 2798 ab
1284 2758 1409 2798 Arato
1429 2759 1599 2797 Diosem.
1634 2768 1639 2773 '

867 2820 965 2860 210.
1002 2820 1085 2860 211
1141 2813 1324 2860 Πολλᾶκι
1357 2820 1539 2870 λιμναῖαι
1569 2811 1600 2867 ἢ

869 2872 1045 2917 εἰνάλιαι
1067 2873 1480 2930 ὅρνιθες’Ἀπληστον
1504 2869 1601 2914 κλύ-

871 2937 1007 2982 ζονται
1043 2932 1245 2986 ἐνιέμεναι
1276 2928 1492 2973 ὑδάτεσσιν
1503 2948 1516 2981 ,·
1554 2929 1596 2969 h.

868 2999 996 3043 caput
1023 2991 1220 3030 obiectant
1233 2990 1379 3043 fretis,
1419 3003 1449 3028 s.
1485 2988 1598 3040 aquis
