1768 3320
346 168 711 250 EDITIONIS
749 168 1015 219 PRIMAE
1055 170 1247 221 LXVII
1442 189 1570 224 xxrx

0 296 241 362 {notulas
265 299 465 367 passim
497 297 848 365 adspergere,
887 305 977 348 aut
1008 306 1282 364 excerptas
1315 298 1568 351 observa-

0 373 202 432 {tiones
227 383 296 420 ex
326 368 541 419 schedis
567 367 824 434 colligere
850 377 904 418 et
935 368 1293 418 transcribere
1316 385 1430 418 non
1452 379 1568 420 t‘in-

0 447 143 514 ὲξωω
163 439 494 493 difficultatis
518 439 807 503 habuisset,
846 439 978 490 sed
966 455 1019 490 in
1042 439 1267 505 Virgilio
1290 442 1568 508 perpetuis

0 506 428 573 {commentariis
452 510 773 561 illustrando
809 519 863 560 et
891 510 1127 561 maiores
1156 520 1209 561 et
1234 509 1419 577 plures
1445 529 1568 561 mo-

0 583 210 651 &estiae
262 581 658 633 obiiciebantur
696 598 759 632 ex
808 582 1157 649 superiorum
1202 582 1569 649 inteipretum

0 654 178 727 *copia
202 662 256 704 et
277 652 583 705 multorum
611 669 842 720 operosa
875 654 1356 703 commentatione.
1428 656 1568 704 Nam

0 726 79 787 in
106 733 268 794 poeta
302 724 582 789 versabar,
622 742 650 774 a
684 733 766 774 tot
799 723 1188 791 interpretibus
1220 732 1453 787 tentato,
1490 734 1566 789 ut,

0 789 64 850 {si
96 796 469 865 unusquisque
506 812 566 846 ex
595 795 656 845 iis
683 794 771 845 vel
792 812 967 845 unum
997 803 1210 845 tantum
1236 794 1420 845 locum
1445 796 1567 846 satis

0 866 358 933 illustrasset,
406 865 582 917 nibil
570 883 623 916 in
657 874 776 916 toto
814 865 1039 932 Virgilio
1070 866 1407 917 obscuritatis
1440 866 1567 917 reli-

0 937 169 996 {ctum
195 954 335 1001 esse,
375 938 455 988 sin
488 955 662 988 unum
694 936 885 987 saltem
909 956 944 1005 q
947 936 1138 988 uilibet
1163 937 1347 988 locum
1370 937 1566 988 obscu-

7 1004 211 1072 rasset,
251 1010 305 1060 in
329 1018 447 1060 toto
470 1008 630 1059 nobis
651 1007 873 1074 Virgilio
899 1009 1317 1059 caecutientium
1346 1026 1462 1059 esse
1488 1009 1567 1059 vi-

0 1080 139 1135 sieri
160 1080 403 1133 deberet.
478 1083 630 1144 Quos
654 1079 880 1148 quidem
906 1096 1101 1130 omnes
1129 1099 1154 1130 a
1178 1097 1269 1130 me
1292 1078 1565 1162 perlectos

6 1168 164 1217 esse,
200 1152 484 1203 neminem
507 1169 534 1201 a
565 1168 657 1201 me
696 1160 976 1219 expectare
1001 1150 1190 1202 velim:
1229 1152 1410 1219 primo
1440 1151 1563 1202 loco

21 1223 295 1285 Servium,
330 1222 497 1274 Probi
521 1221 759 1286 laciniaS,
802 1238 926 1272 cum
952 1223 1277 1290 exscriptore
1303 1222 1442 1273 Iulio
1469 1225 1565 1273 Sa-

18 1293 174 1360 binu,
209 1296 489 1346 Donatum
515 1302 569 1344 et
597 1292 1018 1359 philargyrium,
1059 1302 1176 1344 tum
1200 1294 1482 1343 Heinsium
1511 1303 1565 1343 et

18 1362 78 1430 Β
189 1382 419 1430 annum,
460 1383 487 1415 a
513 1364 710 1432 quibus
741 1373 925 1414 tamen
953 1364 1019 1414 ad
1054 1365 1564 1432 interpretationem

6 1426 84 1507 >pa
154 1454 211 1487 m
242 1407 449 1488 fructiis
472 1434 636 1499 feras,
679 1434 941 1497 Cerdam,
982 1435 1206 1485 doctum
1237 1444 1290 1485 et
1322 1435 1563 1486 laborio-

2 1520 164 1573 sum,
202 1508 383 1559 minus
408 1506 550 1557 sorte
583 1507 951 1572 ingeniosum,
990 1507 1374 1574 interpretem,
1413 1508 1562 1558 cuius

5 1587 203 1631 “tamen
238 1580 391 1647 copia
433 1587 487 1629 et
519 1577 753 1627 eluditio
795 1595 909 1627 non
945 1595 1067 1627 raro
1111 1577 1231 1645 plus
1261 1577 1561 1642 molestiae,

0 1667 183 1719 quam
218 1650 351 1702 boni
392 1647 622 1712 fructuS,
672 1648 876 1698 habere.
919 1648 1085 1707 solet;
1134 1658 1351 1715 praeter
1393 1649 1562 1700 Guel-

5 1718 152 1778 ,lium
201 1730 256 1772 et
306 1708 590 1784 Ursinum,
649 1736 773 1769 cum
819 1722 1082 1778 MartinO,
1137 1719 1414 1770 interdum
1459 1722 1561 1772 Ca-

5 1800 231 1844 ‘troeum
257 1801 311 1843 et
330 1794 606 1852 Ruaeum,
647 1789 900 1841 evolvere
927 1791 1051 1840 satis
1077 1789 1267 1842 habui:
1305 1808 1334 1841 e
1364 1791 1560 1858 quibus

3 1864 422 1929 commentariis
455 1861 694 1912 multum
726 1879 816 1911 me
849 1860 1143 1929 profecisse
1186 1878 1299 1912 non
1338 1860 1558 1926 infitior,

15 1949 176 2002 saepe
202 1943 386 1985 tamen
423 1933 483 1983 iis
510 1934 565 1983 in
598 1932 755 1996 locis,
794 1929 847 1983 in
879 1932 1075 2000 quibus
1107 1934 1220 2000 ipse
1255 1932 1559 1993 haererem,

14 2003 252 2057 utilitatis
274 2022 484 2073 parum,
522 2004 683 2054 taedii
709 2020 841 2053 vero
867 2003 1183 2071 plurimum,
1223 2003 1351 2054 inde
1376 2003 1442 2054 ad
1467 2021 1558 2055 me

14 2075 193 2127 redire
228 2077 384 2129 sensi.
455 2075 754 2126 Destitutus
799 2076 946 2125 enim
976 2075 1042 2124 ab
1079 2075 1166 2138 iis,
1216 2075 1429 2142 quoties
1462 2092 1558 2125 eo-

13 2164 138 2198 rum
169 2162 395 2216 operam
432 2145 835 2209 desiderabam,
884 2146 936 2195 in
979 2146 1116 2207 aliis,
1166 2163 1305 2213 quae
1340 2146 1557 2196 nullum

0 2217 219 2281 ,alienae
256 2220 376 2286 opis
419 2216 754 2268 desiderium
789 2215 1085 2275 faciebant,
1147 2225 1259 2266 tam
1305 2218 1556 2284 copiosos

16 2306 75 2340 ac
97 2289 290 2340 doctos
315 2306 410 2340 eos
436 2305 551 2339 esse
576 2288 858 2349 videbam,
895 2297 981 2349 ut,
1023 2287 1311 2355 quomodo
1339 2297 1420 2338 tot
1444 2288 1557 2339 ele-

13 2361 254 2428 gantium
287 2370 342 2411 et
370 2369 647 2411 acutarum
680 2359 1123 2409 observationum
1157 2357 1338 2409 fructu
1369 2358 1557 2410 adole-

14 2441 224 2483 scentes
254 2449 357 2482 nec
383 2431 546 2499 plane
581 2431 876 2498 privarem,
915 2446 1017 2479 nec
1049 2446 1173 2479 cum
1197 2429 1378 2480 taedio
1400 2431 1556 2481 satia-

13 2518 156 2567 rem,
193 2519 307 2553 non
331 2500 486 2552 facile
512 2502 832 2553 invenirem.
908 2499 1138 2551 Offendi
1166 2500 1235 2550 ad
1268 2501 1366 2551 alia
1391 2518 1554 2569 prave

15 2582 253 2641 accepta,
289 2573 435 2624 male
471 2573 732 2640 exposita,
773 2580 863 2622 aut
897 2571 1207 2636 obscurata,
1248 2589 1387 2640 quae
1419 2572 1551 2622 mihi

14 2644 135 2694 satis
156 2643 294 2694 clara
327 2661 385 2694 ac
418 2644 702 2711 perspicua
732 2644 839 2693 visa
873 2652 1049 2703 era11t;
1090 2643 1156 2692 ita
1190 2652 1251 2692 ut
1275 2643 1554 2694 interdum

14 2715 310 2779 nescirem,
348 2716 403 2765 in
426 2732 589 2782 quam
617 2723 830 2782 partem
862 2731 954 2764 me
979 2723 1282 2775 verterem;
1322 2713 1554 2764 illustra-

12 2784 222 2836 tionem
254 2786 401 2837 enim
436 2785 570 2836 haec
609 2804 637 2835 a
672 2802 765 2835 me
794 2783 1167 2853 postulabant,
1208 2801 1275 2834 an
1309 2801 1440 2835 vero
1475 2802 1552 2849 ea,

14 2871 151 2924 quae
179 2857 360 2908 minus
390 2856 536 2907 bene
573 2856 728 2906 allata
762 2864 937 2918 erant,
984 2853 1300 2905 refellerem
1340 2855 1552 2906 dubita—

11 2923 153 2979 bam.
225 2927 307 2979 Ab
345 2927 446 2978 hac
482 2927 631 2980 enim
669 2925 1025 2979 illiberalitate
1068 2926 1329 2976 intactum
1362 2935 1552 2994 pectus
