1734 3320
167 220 269 271 594

493 217 548 266 Ρ.
596 216 738 268 VIR
753 215 960 265 GILII
1005 215 1382 275 MARONIS

167 380 472 467 protenus
495 415 624 465 aerii
652 412 830 464 mellis
856 410 1107 462 coelestia
1135 409 1280 461 dona

165 498 450 565 Exsequar.
495 499 647 547 Hanc
673 496 858 559 etiam,
894 497 1206 557 MaecenaS‚
1241 493 1457 561 adspice
1482 502 1706 565 partem.

166 567 502 619 Admiranda
526 568 625 618 tibi
644 565 848 617 levium
870 564 1172 632 spectacula
1193 581 1396 630 rerum,

215 711 235 745 1
261 710 451 743 Protenas
481 721 568 743 unus
598 708 691 743 Gud.
719 706 921 742 scribebat:
953 706 1067 740 ceteri
1092 707 1269 754 protinus
1288 718 1308 739 e
1331 705 1470 751 vulgari
1490 703 1709 751 pronuntia-

170 756 282 791 tione.
325 756 371 790 cf.
399 757 444 790 ad
469 757 543 791 Ecl.
573 757 610 798 1,
649 757 703 791 12.
754 755 857 789 aerei
884 760 967 788 tert.
996 753 1170 788 Rottend.

773 802 797 838 3
830 801 1014 836 miracula
1048 814 1173 836 rerum
1212 800 1305 835 alter
1336 801 1489 843 Moret.‚

168 805 359 851 (Ilficenas
383 803 513 838 Medic.
549 803 654 850 Wr'.)

166 865 199 887 v.
222 851 304 888 441.

229 975 266 1014 1.
301 971 523 1020 Pmtenas,
566 968 686 1020 hinc,
719 969 909 1022 deinceps

167 1030 218 1070 de
259 1027 460 1067 mellificio
499 1040 540 1065 se
581 1027 790 1067 dicturum
827 1040 912 1066 esse

165 1087 392 1142 pollicetur.
423 1088 580 1124 aerium
604 1087 706 1136 mel,
742 1086 837 1138 quia
859 1099 911 1124 ex

165 1160 260 1186 rore
291 1144 380 1200 (qui
397 1144 539 1196 utique
568 1158 620 1183 ex
639 1158 731 1184 aere
752 1144 910 1195 defluit,

165 1204 304 1258 inquit
331 1203 497 1243 Servius
508 1201 537 1259 ,)
582 1203 714 1256 colligi
742 1204 792 1242 ab
822 1203 912 1257 api-

166 1265 243 1303 bus
262 1262 515 1302 credebatur.
547 1262 700 1301 Seneca
718 1262 842 1315 Epist.
856 1261 911 1306 85

174 1320 431 1374 Quibusdam
451 1321 615 1372 placet‚
646 1335 727 1360 non
735 1321 912 1374 facien-

166 1381 213 1420 di
244 1381 376 1419 mellis
403 1381 617 1418 scientiam
643 1379 791 1431 apibus
810 1393 908 1428 esse,

167 1439 241 1478 sed
254 1438 490 1491 colligendi.
525 1439 642 1477 Hinc
658 1438 739 1476 mel
759 1438 911 1477 aerium

174 1499 354 1550 Virgilio
385 1527 396 1547 ,
447 1496 559 1549 quod
596 1511 646 1535 ex
682 1512 768 1536 rore
805 1498 912 1535 aeris

155 1557 328 1610 fac-tum
348 1572 359 1594 .·
407 1555 602 1594 Protinus
647 1555 745 1594 aerii
783 1555 912 1594 mellis

169 1614 357 1654 caelestia
379 1613 500 1653 dona.
521 1614 740 1654 conf.Plin.
758 1614 830 1664 XI,
845 1616 912 1664 12,

169 1688 199 1713 S.
224 1677 289 1716 12.
312 1671 482 1711 Aristot.
500 1672 605 1712 Hist.
625 1672 760 1712 Anim.
779 1673 828 1723 V,
842 1675 911 1715 22.

170 1732 381 1771 Columell.
416 1731 499 1782 IX,
532 1730 607 1782 14,
637 1735 695 1774 20
726 1737 765 1770 et
799 1732 912 1781 alios,

170 1805 272 1843 quos
296 1789 426 1829 Corda
441 1789 595 1828 laudat.
636 1790 797 1829 Erroris
820 1789 915 1841 qui-

172 1850 266 1888 dem
304 1862 444 1887 caussa
492 1848 611 1887 facile
650 1848 891 1901 intelligitur
901 1863 912 1898 3

171 1908 313 1948 eadem
334 1913 474 1945 tamen
509 1906 562 1945 <le
590 1920 750 1957 caussa,
781 1907 914 1945 coele-

169 1969 251 2006 stia
270 1966 379 2004 dona
394 1996 405 2015 ,
441 1965 614 2004 deorum
632 1979 806 2016 munus,
838 1978 914 2018 ap-

170 2025 297 2079 pellat
317 2024 408 2073 mel,
442 2024 546 2063 cons.
568 2023 669 2064 Plin.
690 2024 716 2063 l.
736 2024 763 2064 l.
793 2024 914 2063 Cete-

170 2097 265 2124 rum
287 2083 337 2122 ab
365 2082 485 2121 initio
516 2083 653 2122 statim
678 2081 800 2122 huius
819 2082 915 2121 libri

172 2142 446 2181 adolescentes
476 2140 530 2180 ad
571 2141 653 2180 duo
687 2141 914 2192 attendant,

170 2201 351 2256 primum
389 2200 441 2238 ad
482 2200 701 2239 artificium
730 2214 817 2239 rem
849 2206 916 2239 te·-

170 2273 295 2299 nuem
325 2265 367 2298 et
396 2258 542 2297 exilem
564 2259 804 2311 imaginibus
823 2273 917 2299 cum

172 2318 296 2371 gratis
318 2325 359 2357 et
375 2317 582 2368 iucundis,
624 2324 715 2356 tum
733 2318 918 2371 praecla-

171 2377 228 2417 ris
272 2382 314 2415 et
350 2376 600 2429 magnificiS,
652 2377 736 2415 sine
777 2376 918 2430 inepto

172 2441 311 2474 tamen
346 2435 482 2485 fastu,
533 2435 726 2486 ornandi3
772 2435 919 2475 deinde

174 2493 229 2532 ad
250 2493 515 2533 calliditatem
540 2494 582 2532 in
611 2494 822 2533 inserenda
841 2509 918 2534 va-

172 2552 317 2592 rietate
349 2566 396 2590 ac
416 2552 532 2606 copia
562 2553 606 2591 in
633 2559 918 2606 argumentum

176 2610 363 2663 quamvis
380 2610 563 2650 ieiunum
583 2618 623 2649 et
640 2612 756 2661 exile,
789 2625 920 2664 quor-

175 2683 266 2708 sum
293 2669 469 2709 maxime
513 2670 790 2721 episodiorum
822 2683 918 2723 opes

174 2728 337 2767 referas.
408 2727 618 2766 ornatum
669 2728 833 2780 quidem
872 2742 919 2766 ac

175 2786 415 2825 varietatem
468 2786 643 2824 maxime
692 2786 816 2824 modo
864 2787 915 2824 ab

178 2845 383 2883 maiorum
398 2843 677 2894 animantium,
707 2844 915 2897 pecudum

177 2908 217 2940 et
235 2908 535 2953 armentorum,
567 2902 690 2941 modo
709 2902 759 2940 ab
779 2902 915 2941 horni-

176 2975 276 3000 num
297 2961 532 3013 attributis,
556 2960 740 3014 inprimis
757 2961 818 3011 iis,
840 2974 915 3013 pe-

151 3019 302 3062 ,titum
328 3019 525 3071 vvidebis,
573 3032 676 3072 quae
712 3018 914 3059 humanae

1266 754 1290 789 2
1314 755 1529 799 Persequar
1555 751 1707 787 vratisl.

1536 800 1632 834 forte
1668 811 1711 832 ex

968 968 1080 1008 vitae
1116 974 1158 1007 et
1200 966 1415 1007 hominum
1451 967 1636 1007 societati
1665 980 1712 1006 ac

969 1026 1263 1077 coniunctioni,
1283 1027 1406 1066 rebus
1423 1026 1597 1079 publicis
1610 1025 1711 1065 adeo

969 1092 1010 1124 et
1046 1084 1315 1136 exercitibus,
1346 1085 1512 1139 propria
1541 1098 1626 1123 esse
1646 1084 1712 1124 vi—

971 1144 1141 1184 dentur:
1171 1143 1283 1183 unde
1305 1152 1435 1195 tecta,
1469 1143 1605 1193 aedes,
1632 1157 1712 1196 pe-

969 1211 1085 1242 nates
1100 1233 1111 1253 ,
1145 1203 1224 1252 lar,
1257 1202 1451 1252 thalami,
1485 1201 1708 1251 cunabala,

970 1261 1160 1312 stabula,
1204 1263 1384 1313 oppida,
1429 1260 1544 1310 urbs,
1589 1260 1708 1310 alda,

970 1334 1101 1373 regna
1115 1350 1125 1370 ,
1152 1322 1377 1371 praetoria,
1409 1315 1554 1372 portae
1571 1325 1613 1358 et
1636 1319 1713 1358 alia

972 1378 1164 1418 arcessita
1183 1384 1303 1429 sunt,
1345 1392 1522 1430 quorum
1547 1377 1714 1430 quidem

970 1451 1092 1477 usum
1114 1437 1202 1490 ipsa
1231 1437 1509 1490 suppeditavit
1535 1437 1714 1489 vulgaris

970 1496 1184 1536 hominum
1203 1497 1331 1547 ratio,
1364 1494 1465 1535 dum
1479 1495 1712 1548 intelligen-

970 1556 1071 1594 tiam
1106 1555 1241 1594 nescio
1275 1568 1398 1608 quam
1421 1561 1463 1594 et
1488 1554 1713 1594 sollertiam

972 1628 1096 1667 apum
1116 1613 1282 1667 ingeniis
1301 1613 1514 1664 tribuunt,
1545 1625 1715 1665 eamque

971 1672 1151 1712 mirificis
1183 1686 1323 1712 rerum
1353 1672 1561 1725 miraculis
1589 1684 1715 1711 exor-

971 1738 1073 1772 nant
1091 1737 1133 1770 et
1159 1745 1262 1784 quae
1287 1732 1379 1771 illae
1400 1731 1562 1771 occulto
1580 1730 1714 1783 aliquo

972 1797 1146 1830 naturae
1190 1790 1322 1830 ductu
1362 1796 1404 1829 et
1443 1792 1620 1843 impetu,
1663 1788 1714 1828 de

973 1863 1053 1901 quo
1099 1849 1284 1888 mortalis
1322 1862 1437 1887 mens
1476 1847 1581 1887 nihil
1613 1847 1716 1887 certi

969 1913 1149 1946 statuere
1167 1913 1324 1960 potest,
1356 1906 1535 1957 faciunt,
1567 1906 1620 1945 ad
1636 1919 1715 1946 vo·-

969 1967 1174 2005 luntatem
1196 1972 1237 2005 et
1263 1965 1545 2019 prudentiam,
1575 1965 1716 2016 virtu-

970 2032 1054 2064 tem
1072 2025 1196 2064 animi
1215 2038 1263 2063 ae
1283 2025 1489 2078 pietatem,
1517 2024 1714 2064 referunt.

970 2084 1097 2124 Poeta
1116 2089 1253 2122 autem
1278 2083 1486 2136 praeclare
1509 2081 1572 2122 his
1592 2094 1715 2136 prae-

973 2142 1085 2181 sidiis
1114 2155 1212 2182 usus
1241 2148 1320 2193 est3
1360 2141 1487 2182 hahet
1514 2141 1622 2180 enim
1648 2141 1715 2179 in—

974 2202 1126 2254 signem
1160 2200 1212 2240 ad
1245 2201 1402 2241 animos
1432 2205 1593 2240 nostros
1618 2212 1715 2238 sna-

973 2261 1170 2311 vitatem,
1217 2260 1251 2299 si
1285 2266 1524 2299 nostrorum
1552 2271 1716 2299 morum

976 2333 1023 2357 ac
1042 2318 1306 2358 consiliorum
1320 2318 1535 2371 imaginem
1563 2317 1611 2356 in
1629 2316 1715 2356 aliis

977 2378 1248 2418 animantibus
1268 2377 1554 2417 adumbratam
1569 2375 1716 2416 videa-

977 2451 1079 2476 mus.
1140 2437 1270 2475 Totus
1300 2442 1440 2475 autem
1467 2435 1536 2474 hic
1554 2435 1606 2474 de
1626 2435 1715 2487 api-

975 2496 1053 2535 bus
1070 2495 1184 2534 locus
1203 2494 1344 2534 multis
1361 2493 1561 2534 illustrari
1581 2497 1717 2546 potest

974 2559 1069 2608 post
1109 2554 1337 2594 Varronem
1374 2553 1451 2603 111,
1490 2554 1565 2602 16,
1603 2551 1715 2591 unde

975 2613 1167 2666 pleraque
1194 2618 1349 2662 sumta,
1389 2624 1441 2650 ex
1471 2610 1716 2650 columellae

975 2671 1081 2710 libro
1115 2671 1196 2720 IX,
1223 2670 1324 2722 qui,
1365 2669 1463 2709 dum
1502 2670 1553 2708 de
1591 2682 1715 2722 apum

979 2729 1189 2782 disciplina
1223 2728 1371 2779 tradit,
1419 2734 1583 2781 praeter
1622 2727 1715 2770 Cel-

974 2801 1065 2825 sum
1092 2793 1133 2825 et
1156 2787 1384 2839 Hyginum,
1427 2800 1603 2839 quorum
1621 2785 1716 2824 libri

973 2859 1084 2883 nunc
1121 2845 1421 2884 interciderunt
1440 2875 1451 2895 ,
1503 2843 1716 2897 Virgilium

973 2909 1170 2955 sequutus
1192 2909 1264 2943 est.
1292 2903 1409 2943 Adde
1429 2902 1598 2942 Aristot.
1612 2902 1715 2942 Hist.

972 2960 1107 3001 Anim.
1136 2962 1191 3013 V,
1225 2965 1431 3012 20—22‚
1462 2966 1502 3000 et
1526 2961 1608 3011 IX,
1636 2958 1716 3011 405

974 3027 1014 3061 et
1042 3019 1154 3060 hunc
1181 3027 1301 3075 poeta
1327 3033 1443 3073 saepe
1464 3018 1517 3059 ad
1543 3018 1717 3059 verbum
