1768 3320
268 200 874 294 noemma-Eut.
898 237 991 300 ΠΙ,
1023 242 1311 290 106-—110
1455 247 1550 294 121

16 363 187 414 Haut
202 370 434 427 metuet,
470 360 660 428 dulcis,
703 370 793 414 aut
813 363 1114 430 experietur
1134 380 1355 416 amaros,
1456 371 1553 418 110

120 455 820 520 110.*Au·rumumnm.c1s‚
837 471 945 507 Am:
955 472 1288 508 mamm
1295 461 1555 510 AmAuoss‘

93 572 166 610 110
195 580 336 609 mmet
359 579 399 608 et
422 575 634 622 experiatur
657 575 747 609 Ven.
794 580 934 607 metuat
961 579 996 607 et
1018 574 1227 621 experietur
1250 573 1351 609 Leid.
1374 573 1446 608 duo
1479 585 1555 608 cum

45 619 156 654 Goth.
180 632 253 656 sec.
272 629 417 657 memet
451 628 488 656 et
510 622 724 668 aperiatur
746 621 875 654 Moret.
905 627 1058 666 quartus.
1103 621 1253 656 Ebertus
1283 621 1491 656 coniiciebat
1518 629 1555 654 et

46 667 214 715 quisquis
235 679 385 703 matos
406 676 476 703 aut
499 676 653 710 metuet,
695 667 824 702 dulces
852 675 921 701 aut
950 668 1161 714 experietur
1187 681 1342 703 amores.
1395 669 1449 702 Ita
1470 679 1555 701 sane

45 721 185 748 menet
205 714 318 760 mgis
342 714 516 749 convenit.
570 714 722 759 Recepit
752 714 823 748 hoc
849 713 1064 748 Wakefield.
1119 715 1285 749 Nondum
1310 727 1368 749 me
1395 714 1555 760 poenitet

46 771 187 803 eornm,
208 773 297 808 quae
309 769 390 796 ante
409 762 478 796 hos
497 761 575 796 XX
598 773 708 795 annos
733 760 771 794 in
790 760 894 795 Notis
920 771 1070 806 moxque
1097 761 1136 795 in
1160 762 1346 796 Addeudis
1370 763 1474 796 Tom.
1491 762 1553 803 IV,

44 818 129 853 pag·
146 809 218 845 215
239 808 509 854 adm-ipsoram:
536 808 705 850 necdum,
728 807 795 842 etsi
813 806 973 841 discendi
996 807 1100 842 valde
1132 808 1301 853 cupidus,
1344 808 1420 843 vidi
1450 807 1556 841 ullam

44 853 216 888 rationem
228 862 289 889 aut
308 855 549 901 grammaticae
575 862 635 890 aut
648 855 839 889 sententiae
860 854 943 888 satis
962 862 1248 897 consentaneam,
1273 867 1342 902 qua
1371 855 1489 889 scabri
1515 854 1554 887 hi

45 913 167 936 versus
181 901 327 936 defendi
344 903 491 948 possint„
525 904 616 938 Nam
632 914 721 948 quae
738 902 878 936 tandem
893 901 981 935 haec
1007 909 1061 936 est
1080 902 1268 937 sententia:
1293 906 1343 936 Et
1369 902 1489 936 vitula
1511 909 1554 934 tn

46 948 186 996 dignus
201 957 239 983 et
253 950 332 992 laic,
350 958 389 984 et
407 951 590 997 quisquis:
614 956 651 982 ut
668 956 815 995 uterque
828 947 936 982 vitula
960 949 1232 983 remunerandus
1259 949 1307 983 sit
1329 948 1445 995 (atqui²
1466 948 1554 982 alter

153 1007 211 1030 um
225 995 321 1031 ferre
338 996 524 1041 debebat);
546 996 654 1030 multo
675 996 786 1030 minus
800 995 887 1029 ferri
906 1002 1045 1040 potest,
1071 1003 1109 1030 ut
1129 1003 1166 1030 et
1191 996 1314 1030 tertius
1341 995 1466 1041 aliquis
1495 994 1553 1028 vi-

44 1041 278 1085 mlnmferat,
304 1050 340 1078 et
367 1054 487 1078 omnes
515 1043 575 1078 alii
600 1043 793 1088 praemium
818 1042 912 1076 idem
938 1042 1073 1084 ferant,
1108 1050 1143 1076 et
1159 1043 1300 1088 quidem
1316 1054 1388 1076 non
1404 1049 1553 1087 propter

45 1087 239 1132 victoriam,
253 1090 318 1124 sed
329 1098 478 1136 propter
495 1101 631 1125 amores
649 1089 829 1123 infaustos.
862 1088 948 1130 Quis
966 1089 1106 1122 tandem
1119 1089 1219 1123 locus
1238 1089 1395 1135 praemio
1412 1087 1553 1122 inhoc'?

46 1142 84 1170 et
95 1136 403 1182 quorsumvimla?
424 1150 471 1172 an
484 1137 624 1183 puellae
641 1145 772 1170 amame
782 1135 888 1171 loco?
910 1135 974 1170 Sin
989 1136 1196 1170 sententiam
1213 1137 1256 1170 ab
1270 1134 1553 1170 antecedentibus

45 1182 236 1218 seiunctam
249 1183 377 1227 fndus,
393 1191 433 1218 ut
450 1184 514 1218 sit:
544 1188 593 1218 Et
609 1183 666 1216 vel
682 1186 735 1217 At
750 1184 915 1230 quisquis
931 1195 1075 1216 amores
1093 1187 1174 1217 Aut
1197 1192 1387 1217 metuet—
1398 1191 1466 1216 aut
1485 1195 1552 1215 ex-

43 1231 228 1277 perietur,
246 1230 361 1276 primo
381 1231 555 1266 sententia
575 1237 628 1264 cst
646 1238 806 1264 contorta
819 1257 829 1272 ,
859 1230 1024 1271 obscura,
1053 1237 1089 1263 et
1107 1230 1138 1263 si
1168 1229 1366 1275 expeditam
1398 1228 1552 1270 dederis,

45 1288 68 1311 a
83 1276 167 1311 loco
188 1277 302 1317 aliena
314 1291 325 1320 ς
339 1289 502 1324 quorsum
521 1277 612 1312 enim
631 1285 778 1321 repente
796 1276 958 1310 amores?
978 1276 1023 1309 de
1042 1284 1146 1310 cantu
1161 1277 1346 1321 agebatur3
1362 1275 1553 1321 praemium

45 1323 240 1359 debebatur
259 1324 314 1367 ei,
339 1325 399 1371 qui
417 1332 520 1358 cantu
535 1324 698 1369 superior
720 1331 832 1364 esset3
864 1335 955 1357 nunc
971 1330 1084 1356 autem
1114 1324 1219 1361 ambo
1248 1331 1348 1358 cantu
1366 1330 1466 1356 erant
1483 1335 1553 1367 pa—

44 1382 123 1413 res,
149 1383 223 1406 non
236 1383 356 1406 amore
371 1371 493 1405 felices
511 1378 571 1404 aut
584 1370 765 1412 infelices3
785 1378 858 1404 tum
875 1382 961 1404 vero
985 1370 1227 1414 grammaticae
1252 1371 1454 1404 adversatur
1471 1369 1552 1410 hoc,

44 1424 84 1452 ut
98 1419 265 1465 quisquis
281 1418 329 1453 sit
344 1419 591 1464 unusquisque.
639 1418 730 1452 Nam
755 1419 919 1464 quisquis
938 1416 1117 1456 relativam
1145 1417 1214 1450 vim
1235 1417 1361 1459 habet,
1389 1428 1455 1450 nec
1484 1416 1553 1449 ab-

44 1463 160 1498 solute
186 1465 274 1511 poni
305 1473 444 1510 potest3
470 1465 540 1499 nisi
557 1464 676 1498 addito
706 1472 766 1498 aut
788 1463 1035 1498 subintellecto
1057 1464 1186 1498 verbo:
1216 1465 1382 1510 quisquis
1407 1463 1468 1496 ille
1481 1463 1553 1496 ,ἰα-

45 1511 132 1553 erit,
151 1513 322 1559 quicquid
336 1512 425 1554 illud
444 1519 519 1546 est:
541 1511 651 1545 multo
669 1511 781 1544 minus
808 1512 973 1557 quisquis
1002 1510 1047 1543 de
1076 1509 1213 1544 duobus
1231 1522 1296 1555 pro
1315 1518 1461 1555 uterque
1492 1509 1552 1542 di-

45 1564 137 1592 ctum
159 1570 237 1592 esse
256 1566 388 1604 potest.
422 1559 516 1594 Mihi
531 1558 647 1604 itaque
667 1558 750 1591 satis
768 1557 905 1603 liquere
922 1557 1071 1598 videtur,
1088 1557 1158 1590 duo
1179 1557 1245 1590 hos
1264 1569 1384 1590 versus
1405 1568 1482 1590 esse
1493 1556 1551 1589 fe—

43 1612 117 1639 mm
126 1606 357 1647 Grammatici,
366 1606 426 1652 qui
437 1605 604 1651 supplere
623 1605 766 1639 volebat
779 1604 986 1638 sententiam
994 1603 1150 1637 breviter
1168 1615 1189 1637 a
1201 1611 1307 1648 poeta
1323 1603 1551 1637 enuntiatam:

43 1652 133 1687 Non
149 1660 318 1687 nostrum
335 1655 435 1688 inter
446 1666 513 1687 vos
530 1659 660 1686 tantas
685 1663 891 1698 conponere
916 1651 1006 1684 litis.
1052 1652 1158 1684 Forte
1184 1650 1305 1694 plures
1327 1649 1552 1694 interpolati-

45 1698 123 1733 onis
138 1705 299 1734 auctores
317 1700 428 1734 fuere.
462 1698 706 1743 Adscripserat
722 1698 843 1743 prior:
865 1701 915 1732 Et
933 1697 1053 1731 vitula
1069 1705 1112 1730 tu
1129 1698 1269 1743 dignus
1287 1706 1324 1730 et
1339 1697 1399 1730 hic
1405 1696 1551 1743 poculo.

44 1745 132 1780 casu
147 1746 355 1791 appinxerat
368 1747 456 1781 alius
478 1757 615 1781 versum
632 1745 890 1790 paraeneticum
906 1744 943 1777 iu
966 1743 1142 1789 margine:
1165 1748 1246 1779 Aut
1268 1751 1407 1777 metuat
1426 1743 1554 1776 dulces

45 1801 114 1827 aut
134 1795 350 1840 experiatur
376 1806 533 1828 amaros.
580 1792 662 1826 Fuit
686 1792 871 1834 librarius,
895 1791 955 1837 qui
981 1798 1163 1836 utrumque
1182 1802 1319 1824 versum
1346 1789 1436 1823 male
1462 1800 1552 1823 con-

43 1838 254 1874 sarcinatum
266 1839 452 1875 intexeret.
508 1842 657 1874 Fruatur
670 1845 790 1873 tamen
808 1851 874 1884 per
893 1850 949 1871 me
976 1837 1107 1871 iudicio
1126 1837 1273 1883 quisque
1301 1848 1378 1871 suo.
1427 1836 1554 1882 (Ante-

44 1898 168 1932 quam,
193 1899 283 1932 quae
304 1899 382 1922 mea
399 1888 447 1922 sit
467 1887 512 1921 de
530 1886 686 1920 versibus
707 1886 763 1919 his
791 1884 1023 1919 vexatissimis
1048 1884 1245 1926 sententia,
1267 1895 1462 1928 exponam,
1484 1882 1554 1916 ali-

44 1945 145 1968 orum
162 1941 307 1968 conatus
325 1941 363 1968 et
378 1934 631 1980 explicationes
653 1933 763 1967 oculis
780 1933 953 1967 lectorum
971 1931 1172 1974 subiiciam,
1203 1930 1255 1964 ita
1270 1937 1388 1964 tamen
1400 1956 1410 1972 ,
1434 1936 1474 1963 ut
1490 1942 1554 1963 re-

42 1979 190 2014 fellendi
206 1981 390 2024 laborem,
410 1981 550 2015 nonita
573 1980 775 2022 difficilem,
809 1979 896 2025 ipsis
922 1978 1127 2024 relinquam.
1184 1977 1355 2012 Schirach
1383 1977 1421 2010 in
1447 1976 1553 2010 Clave

42 2028 183 2062 Poetar.
213 2027 398 2063 Classicor.
419 2035 513 2074 part.
526 2035 629 2073 post.
642 2039 724 2072 pag.
741 2028 823 2063 556.
846 2026 896 2060 sic
913 2025 1053 2059 scribit:
1077 2026 1192 2067 „Non
1220 2031 1379 2058 nostrum
1399 2029 1472 2065 est,
1493 2023 1552 2058 in—

43 2081 99 2108 ter
117 2085 182 2108 vos
198 2081 316 2109 tantas
333 2087 545 2121 componere
558 2074 659 2116 lites,
685 2081 722 2108 et
741 2086 786 2107 ne
806 2073 883 2119 quis
902 2072 1071 2106 victorem
1100 2084 1139 2105 se
1166 2071 1274 2105 fuisse
1301 2070 1483 2112 ostendat,
1512 2076 1552 2103 tu

43 2121 170 2166 dignus
189 2133 227 2155 es
247 2122 405 2166 praemio
431 2129 469 2155 et
490 2122 571 2163 ille,
604 2127 642 2155 et
657 2127 806 2166 uterque
828 2132 924 2153 suam
953 2125 1184 2164 persequatur
1212 2117 1385 2151 rationem
1398 2143 1409 2159 ,
1439 2128 1553 2161 neque

43 2167 136 2216 anim
219 2168 365 2203 abiiciat
393 2169 539 2215 quisque
564 2168 602 2201 in
630 2179 692 2201 suo
721 2180 851 2213 genere
871 2166 1070 2211 perfectus,
1104 2171 1141 2199 et
1166 2171 1315 2209 perget,
1341 2171 1401 2197 aut
1417 2163 1553 2197 dulcem

43 2226 100 2248 am
219 2215 398 2250 celebrare
412 2242 422 2258 ,
444 2223 504 2249 aut
521 2216 566 2249 de
586 2226 705 2248 amaro
721 2213 906 2259 conqueri3
929 2225 1104 2257 nunquam
1122 2211 1215 2245 enim
1238 2210 1408 2245 constitui
1427 2211 1472 2243 de
1489 2209 1552 2243 lite

42 2260 137 2295 inter
150 2272 215 2296 vos
236 2262 407 2307 poterit.“
454 2262 602 2296 Vossius
624 2261 675 2294 ita
695 2261 839 2294 exhibet
858 2261 924 2294 hos
940 2271 1078 2293 versus:
1113 2261 1205 2300 „At
1232 2257 1387 2304 quisquis
1417 2268 1553 2290 amores

43 2310 115 2342 Aut
130 2315 252 2342 metu
262 2315 310 2343 at
330 2309 469 2351 dulces,
488 2316 550 2343 aut
566 2307 766 2353 experietur
788 2309 963 2341 amaros.“
1008 2305 1157 2339 Bothius
1183 2304 1221 2338 in
1250 2304 1404 2349 Virgilio
1428 2303 1553 2348 Virgi-

42 2354 140 2389 liano
157 2355 281 2389 scribit
296 2367 377 2402 pag.
394 2357 445 2392 7.:
477 2356 694 2399 „Palaemon
713 2361 900 2400 postquam
924 2353 1084 2386 laudavit
1109 2352 1273 2393 iuvenes,
1297 2351 1357 2397 qui
1382 2351 1426 2384 de
1446 2351 1552 2383 rebus

43 2401 225 2436 amatoriis
240 2409 487 2445 cantaverant,
511 2403 617 2437 etiam
634 2402 711 2446 ipse
727 2401 937 2435 sententiam
954 2398 1022 2433 hac
1040 2399 1086 2433 de
1107 2411 1146 2432 re
1164 2398 1266 2432 addit
1278 2410 1395 2439 suam,
1419 2397 1553 2438 dicens,

23 2484 34 2494 Ι,
94 2461 134 2483 us
155 2461 251 2491 esse,
274 2457 315 2483 ut
334 2450 479 2496 quisque
500 2449 611 2484 amori
629 2448 727 2482 dulci
744 2448 904 2490 diffidat,
926 2446 995 2480 nisi
1015 2458 1168 2480 amarum
1197 2457 1276 2479 eum
1313 2444 1464 2489 experiri
1488 2455 1553 2476 ve—

17 2460 110 2530 ‘'³st
143 2495 300 2541 Simplex
316 2497 442 2539 oratio,
461 2497 611 2542 simplex
628 2496 756 2536 homo;
779 2496 897 2528 futura
915 2493 1033 2538 posita
1055 2504 1121 2537 pro
1150 2491 1403 2536 imperativis.“
1457 2489 1553 2523 Mul-

42 2548 118 2576 tum
138 2542 176 2576 in
193 2543 402 2588 explicando
419 2545 546 2578 horum
562 2555 722 2577 versuum
739 2554 854 2583 sensu,
877 2541 941 2575 sed
956 2541 1104 2581 frustra,
1129 2551 1167 2572 se
1186 2538 1292 2572 torsit
1309 2539 1360 2571 10.
1380 2539 1443 2571 Ge.
1462 2536 1552 2570 Lud.

42 2589 187 2623 Beutler
205 2589 244 2623 in
264 2590 460 2636 scriptione,
482 2589 699 2625 academica:
724 2587 1050 2623 Animadversiones
1073 2586 1216 2620 criticae
1235 2585 1272 2618 in
1303 2586 1496 2618 Homerum
1516 2588 1556 2616 et

44 2635 242 2682 Virgilium.
288 2639 406 2672 lenae.
432 2639 534 2674 1823.
553 2635 587 2673 4.
636 2637 769 2670 Censor
783 2636 887 2669 huius
904 2634 1019 2668 libelli
1042 2633 1080 2666 in
1103 2632 1295 2667 Annalibus
1326 2630 1553 2674 Heidelberg.

43 2683 129 2717 fasc.
148 2685 209 2718 IV·
228 2684 310 2718 anni
330 2682 430 2722 1824.
451 2686 543 2720 hanc
551 2683 723 2730 proponit
735 2681 1084 2728 interpretationem,
1107 2691 1253 2725 prorsus
1282 2689 1359 2712 cum
1380 2676 1553 2711 Bothiana

45 2763 261 2817 Calpurnio
295 2767 378 2806 Eel.
415 2768 464 2817 Π,
505 2770 560 2810 99
598 2767 765 2815 divines,
821 2763 877 2804 VI
909 2770 1015 2803 extr.
1045 2764 1156 2812 Νίκη
1178 2758 1260 2814 μὰν
1291 2757 1369 2801 οὕδ
1383 2755 1395 2772 ’
1417 2757 1548 2806 ἄλλος,

44 2822 117 2861 ubi
135 2821 236 2862 haec
257 2823 493 2864 adumbrat:
523 2827 619 2863 Este
640 2838 766 2876 pares
822 2823 919 2861 vicit
945 2829 1095 2868 neuter,
1129 2815 1355 2860 ἆνᾶσσατοι
1386 2812 1430 2857 δ’
1464 2813 1550 2869 ἐγέ-

45 2887 83 2918 et
101 2878 155 2917 ab
175 2880 251 2918 hoc
275 2883 484 2921 concordes
503 2884 649 2929 νίνίιε,·
669 2895 769 2920 nam
824 2894 957 2921 νοντο.
1015 2877 1221 2917 Meliorem
1256 2887 1415 2927 quoque
1441 2872 1553 2911 viam

44 2951 117 2975 vos
147 2938 203 2975 Et
227 2937 346 2976 decor
366 2947 404 2978 et,
427 2948 569 2978 cantus
595 2947 632 2977 et
656 2953 771 2977 amor
825 2937 917 2976 iniit
967 2936 1113 2989 Popius
1167 2933 1370 2972 Pastor-al.
1426 2928 1454 2978 I,
1494 2929 1550 2970 92

45 2996 213 3033 sociavit
227 3003 265 3033 et
282 3005 407 3035 aetas.
441 2996 583 3036 Melius
600 2995 769 3035 Theocr.
828 2993 911 3046 sqq'.
