1734 3320
246 223 759 297 'GEoRGmoN
797 247 935 299 ΜΒ.
959 249 1047 313 lv,
1079 255 1370 306 469—485
1477 260 1577 308 677

48 370 194 436 Quin
218 370 366 439 ipsae
387 380 644 440 stupuere
667 372 864 424 domus
890 383 1050 443 atque
1072 377 1256 431 intima
1270 382 1387 431 Leti

5 487 7 491 Α
47 445 292 507 Tartara,
331 441 717 511 caeruleosque
741 444 982 511 inplexae
1003 448 1234 498 crinibus
1256 452 1437 516 anguis
1485 486 1487 491 -

43 511 406 578 EumenideS,
438 514 723 582 tenuitque
747 514 956 565 inhians
979 517 1076 566 tria
1101 519 1366 570 Cerberus
1384 538 1491 586 ora,

46 586 226 652 Atque
240 581 433 634 Ixionii
453 593 618 634 vento
635 594 752 635 rota
771 587 1006 636 constitit
1025 587 1183 641 orbis,

34 656 273 732 -Iamque
290 653 496 723 pedem
517 653 762 706 referens
784 673 932 707 casus
954 668 1188 709 evaserat
1211 659 1402 725 omniS‚
1473 663 1574 712 485

93 796 164 834 481
187 797 307 851 Atqui
329 797 436 845 ipsae
455 796 575 831 Schol.
601 798 728 832 Horat.
755 798 882 844 Crnqu.
906 799 971 833 Od.
998 801 1040 842 11,
1066 801 1121 836 13.
1165 801 1329 848 stipuere
1347 798 1490 833 Mentel.
1507 811 1575 845 pr„

45 850 87 878 ut
114 844 177 879 alii
207 843 308 879 alias.
353 843 513 890 (verbum
542 844 691 891 simplex
720 854 871 893 stupere
904 846 1034 892 ubique
1061 854 1180 881 servat
1207 861 1231 881 u
1262 847 1299 881 in
1319 846 1448 880 Medic.
1480 845 1574 890 Wr.)

46 890 272 940 obstupuere
296 903 386 926 unus
411 891 531 926 Mead.
581 893 709 927 domos
734 893 901 927 Rottend.
929 905 982 938 pr.
1010 907 1031 928 a
1054 907 1098 929 m.
1129 908 1182 940 pr.
1205 896 1255 928 Io.
1275 894 1462 929 Schrader.
1482 893 1573 927 coni.

27 940 179 983 ,intima
201 939 290 975 Leti
313 939 481 982 Limina,
519 939 783 986 pereleganter.
874 940 945 976 482
976 942 1228 989 caeruleis-que
1249 941 1379 976 Medic.
1408 953 1428 974 a
1453 953 1498 974 m.
1520 953 1573 986 pr.

43 987 119 1069 gest
146 998 189 1021 ea
218 985 318 1034 prior
344 985 482 1028 lectio;
529 986 623 1021 idem
644 987 679 1020 iu
704 987 784 1021 Alb.
816 994 941 1021 exstat.
970 988 1065 1033 Wr.)
1115 1001 1184 1035 que
1209 989 1311 1023 abest
1338 1001 1359 1023 a
1384 988 1509 1021 Franc.
1538 993 1574 1021 et

79 1046 171 1084 agm.
190 1035 322 1069 Moret.
367 1034 537 1081 impexae
563 1034 693 1069 Medic.
725 1047 746 1068 a
770 1047 814 1069 m.
835 1047 906 1069 sec.
928 1035 1018 1069 Gud.
1040 1048 1060 1070 a
1078 1048 1124 1070 m.
1149 1048 1204 1081 pr.
1221 1037 1327 1071 Voss.
1351 1047 1429 1070 cum
1458 1034 1572 1068 tribus

44 1081 124 1117 aliis
155 1080 313 1124 Heinsii,
343 1080 509 1116 Parrhas.
557 1081 677 1115 Possit
705 1081 833 1128 aliquis
863 1082 1040 1116 Tibullum
1069 1083 1214 1117 laudare
1239 1085 1266 1124 Ι,
1291 1084 1326 1126 3,
1350 1084 1408 1125 69,
1433 1081 1497 1116 sed
1520 1081 1573 1115 ibi

5 1153 10 1160 ·
44 1129 187 1164 diversa
202 1128 299 1164 ratio
322 1134 388 1163 est.
422 1128 494 1162 vid.
512 1129 559 1162 ad
578 1141 609 1163 e.
631 1129 656 1163 l.
699 1129 902 1177 implexae,
935 1130 1033 1175 quod
1052 1131 1207 1175 Nauger.
1233 1130 1365 1176 primus
1387 1128 1571 1176 expressit,

43 1189 165 1212 verum
189 1185 263 1221 est,
301 1182 339 1210 et
360 1176 479 1210 firmat
498 1188 579 1222 pars
610 1177 715 1211 codd.
741 1176 886 1218 melior,
918 1177 1022 1210 etiam
1042 1177 1201 1211 Arusian.
1226 1177 1388 1211 Messius.
1431 1176 1570 1221 (Horat.

42 1224 160 1272 Epod.
177 1225 224 1268 V,
250 1224 326 1260 15.:
360 1250 383 1268 „
394 1222 542 1258 Canidia
558 1224 727 1258 brevibus
759 1224 996 1270 inplicata
1027 1224 1157 1269 viperis
1178 1224 1296 1258 Crines
1327 1231 1363 1258 et
1381 1223 1572 1258 incomtum

43 1273 195 1319 caput.“
225 1271 323 1316 Wr.)
379 1271 516 1312 Eodem
544 1271 671 1306 alludit
706 1272 895 1319 amplexae
920 1271 956 1305 in
993 1271 1169 1305 nonnullis
1194 1271 1383 1314 Pierianis,
1420 1276 1571 1316 quatuor

42 1319 168 1355 Heius.
189 1320 279 1366 Reg.
303 1318 451 1353 Martin.
478 1319 552 1353 Erf.
576 1325 613 1352 et
645 1319 726 1353 edd.
742 1318 903 1353 Norimb.
933 1321 1077 1364 Argent.
1096 1319 1200 1354 Aldd.
1228 1331 1283 1365 pr.
1304 1331 1375 1352 sec.
1404 1324 1442 1351 et
1459 1315 1569 1351 Goth.

42 1379 99 1414 pr.
144 1367 328 1410 innexae,
352 1366 450 1413 quod
468 1367 646 1403 Romanus
667 1366 795 1408 habet,
828 1372 865 1400 et
893 1366 1015 1411 fragm.
1042 1367 1158 1401 Vatic.
1191 1372 1245 1400 est
1274 1365 1570 1411 interpretamen-

40 1422 129 1457 tum.
175 1415 263 1450 Brat
281 1414 333 1449 sic
351 1417 440 1448 Aen.
461 1415 523 1455 VI,
546 1415 614 1450 281
632 1413 818 1448 Discordia
843 1415 880 1448 V
876 1415 1035 1460 iper-eum
1054 1415 1190 1447 crinem
1210 1415 1313 1447 vittis
1328 1415 1465 1447 innexa
1481 1423 1569 1445 cru-

42 1464 153 1497 entis.

40 1509 154 1554 rium,
179 1515 218 1544 et
238 1516 338 1544 recte
365 1515 466 1554 puto.
508 1509 594 1554 (Sed
619 1521 745 1555 parum
776 1508 960 1554 explorata
988 1515 1042 1542 est
1064 1508 1150 1542 fides
1169 1520 1289 1542 eorum
1308 1506 1424 1548 codd„
1446 1518 1467 1540 a
1486 1505 1569 1551 qui-

41 1557 109 1592 bus
134 1557 239 1592 abest
265 1556 405 1604 copula.
453 1556 638 1591 Heinsiani
666 1562 764 1591 certe
790 1556 874 1589 libri
902 1567 1022 1589 omnes
1053 1556 1242 1601 tenuitque
1269 1553 1362 1588 tueri
1387 1553 1568 1593 videntur;

41 1605 107 1640 efr-
128 1603 235 1639 etiam
253 1605 300 1647 Q.
330 1605 374 1639 V.
403 1604 487 1646 XII,
515 1604 571 1640 15.
597 1603 735 1638 Curtius
766 1604 810 1638 ad
837 1604 970 1637 Lucan.
1002 1605 1030 1647 1,
1054 1602 1135 1638 642.
1160 1603 1300 1643 tenuit,
1335 1601 1410 1635 sine
1429 1598 1569 1646 copula,

40 1652 80 1687 in
100 1651 363 1700 antiquioribus
380 1650 452 1686 suis
473 1652 559 1686 Mas.
576 1651 649 1697 legi
669 1657 828 1685 testatur.
858 1653 914 1686 W
911 1650 954 1695 r.)
1048 1649 1118 1686 484
1141 1650 1209 1683 Pro
1237 1656 1349 1683 vento
1368 1647 1484 1681 Faber
1501 1658 1569 1680 ve-

41 1700 117 1743 on,
141 1701 360 1734 Burmannus
380 1707 513 1742 cantu,
537 1699 655 1742 lente,
680 1698 738 1733 vel
752 1711 879 1746 campo
899 1697 1116 1732 coniiciebat.
1155 1696 1288 1743 flendo
1305 1694 1568 1741 reposuitWa-

39 1747 115 1782 kef.
162 1747 297 1783 Saltem
325 1746 364 1781 in
388 1753 475 1781 nota
505 1746 638 1794 apponi
666 1746 777 1780 satius
802 1746 897 1780 erat!
946 1747 1064 1780 Canta
1087 1744 1223 1777 firmant
1239 1742 1359 1788 utique
1374 1741 1477 1775 codd.
1497 1739 1568 1774 ali-

40 1801 131 1842 quot
156 1794 253 1842 npud
281 1793 454 1836 Pieriam
487 1801 525 1828 et
551 1800 697 1840 recepta
726 1800 781 1827 est
813 1806 854 1828 ea
873 1792 979 1827 lectio
1010 1804 1031 1826 a
1055 1791 1230 1832 Martino,
1266 1802 1332 1823 nec
1350 1788 1429 1823 aliis
1453 1787 1566 1824 doctis

38 1841 125 1877 viris
143 1855 220 1877 eam
237 1840 434 1888 improbari
449 1841 534 1877 vidi.
580 1842 695 1875 Docet
711 1847 830 1875 tamen
846 1852 967 1874 sensus
982 1839 1123 1873 criticus
1141 1850 1184 1872 ex
1199 1835 1473 1883 interpolatione
1493 1846 1569 1868 eam

40 1902 121 1925 esse
159 1890 382 1936 profectam,
423 1889 451 1925 f.
485 1901 529 1924 ex
554 1901 586 1924 v.
620 1889 689 1926 471
717 1891 771 1924 At
794 1895 920 1924 cantu.
977 1887 1124 1923 Ixionei
1147 1885 1307 1920 scribunt
1335 1882 1436 1918 multi
1464 1881 1568 1917 codd.

0 1934 2 1936 ’
40 1944 79 1972 et
103 1937 186 1973 edd.

224 1460 297 1498 483
316 1474 387 1509 que
405 1468 488 1508 post
507 1463 629 1496 tenuit
647 1461 751 1495 abest
768 1474 788 1495 a
806 1460 994 1503 nonnullis,
1018 1460 1088 1495 vid.
1107 1462 1232 1502 Burm.‚
1255 1460 1360 1493 etiam
1376 1458 1470 1505 apud
1484 1457 1570 1491 Pie-
1634 1466 1638 1469 ·

38 2060 88 2088 ro
106 2048 283 2098 circum,
317 2047 369 2087 ab
399 2046 511 2087 omni
538 2052 678 2101 parte,
708 2046 778 2084 al-

38 2106 174 2158 ligat,
206 2110 247 2144 et
266 2114 417 2145 coercet
433 2136 446 2157 ,
480 2105 675 2158 implicat,
698 2103 777 2142 im-

0 2174 3 2175 ’
37 2163 169 2218 pedit,
198 2169 248 2204 ut
261 2165 415 2204 Statius
436 2170 479 2204 et
495 2164 560 2204 alii
578 2162 778 2203 hocidem

38 2222 227 2263 efferunt.
288 2224 388 2276 Styx
405 2225 544 2262 novies
565 2221 777 2274 interfusa,

38 2281 140 2321 dum
157 2281 298 2322 novies
315 2282 444 2321 ambit
463 2281 651 2321 Erebum.
689 2280 778 2318 Hoc

36 2339 230 2380 ultimum
241 2341 468 2394 exprimere
479 2341 646 2380 voluere
658 2338 780 2377 Clau—

38 2398 148 2439 dian.
173 2399 364 2450 XXXIII,
388 2402 445 2441 23
477 2413 577 2452 quos
609 2399 707 2450 Styx
724 2398 778 2435 li-

37 2456 221 2497 ventibus
248 2457 377 2497 ambit
398 2457 607 2509 Intersusa
641 2455 773 2503 vadis,

0 2535 2 2538 >
37 2521 82 2555 et
114 2515 271 2555 Statius
304 2515 430 2556 Theb.
467 2516 544 2565 IV,
577 2513 662 2558 524
723 2515 779 2551 Et

0 2596 8 2613 ι
41 2574 143 2627 Styx
162 2574 344 2614 discretis
359 2575 552 2627 interflua
576 2571 777 2612 stIanihus

38 2640 157 2674 mat.
404 2642 408 2643 ⁷

96 2689 196 2732 481.
236 2692 354 2744 ipsae
381 2691 552 2729 domas.-
594 2686 777 2726 Plutonis

3 2785 6 2787 ,
37 2748 148 2801 regia
175 2762 247 2788 seu
272 2763 444 2802 regnum
479 2761 563 2786 esse
603 2746 777 2799 possint3

2 2837 5 2841 ψ
38 2807 247 2847 enimvero
277 2807 327 2846 de
354 2808 528 2846 Tartaro
547 2818 658 2844 nunc
676 2803 777 2856 agit;

3 2895 19 2914 a
36 2866 316 2920 praemittitur
332 2879 493 2918 quoque
505 2895 516 2914 ‚
547 2865 645 2916 quin
665 2864 778 2913 ipsae

0 2922 11 2963 ζ’,
38 2924 184 2963 domus
215 2926 312 2963 Leti
338 2933 376 2962 et
404 2926 549 2962 inlima
584 2923 774 2968 Tarlara,

0 3004 3 3006 ·
39 2982 292 3036 splendidius
325 2981 428 3031 hoc,
477 2993 598 3032 quam
636 2978 777 3017 intima

24 3041 142 3093 loca,
171 3040 407 3095 penetralia.
445 3040 664 3078 Tartarum
684 3037 780 3075 Leti

835 2044 1001 2083 domum
1019 2041 1219 2095 appellare
1237 2038 1386 2092 potuit,
1402 2047 1451 2076 ut
1472 2036 1568 2075 alias

835 2102 933 2142 Orci
970 2100 1078 2153 regia
1096 2130 1106 2149 ,
1155 2098 1372 2137 Furiarum
1411 2094 1566 2144 domus,

836 2160 964 2200 audit.
1022 2158 1150 2197 Aliter
1173 2155 1271 2195 Aen.
1291 2154 1355 2204 VI,
1374 2155 1472 2202 277,
1495 2151 1566 2190 ubi

835 2221 984 2258 Letum
1007 2217 1049 2256 in
1069 2216 1200 2269 primo
1222 2212 1319 2253 Orci
1338 2211 1455 2250 aditu
1478 2209 1565 2249 col-

834 2278 954 2316 locat.
994 2275 1163 2326 Reliqua
1185 2273 1234 2311 de
1255 2272 1425 2310 Tartaro
1444 2274 1565 2307 utro—

836 2336 958 2387 bique
995 2332 1256 2372 conveniunt.
1290 2343 1329 2368 v.
1375 2326 1458 2370 555
1479 2335 1563 2377 sqq.

837 2394 934 2436 483.
964 2393 1127 2431 inhians
1155 2387 1285 2441 simpl.
1303 2386 1430 2425 hians.
1466 2381 1564 2425 484.

836 2461 957 2505 atque
983 2450 1137 2489 Ixionii
1160 2443 1279 2486 ventos
1299 2453 1387 2483 rota
1415 2442 1563 2480 consti-

836 2513 883 2550 tit
902 2509 1016 2548 orbis.
1047 2507 1089 2546 Si
1110 2507 1219 2558 quis,
1252 2500 1445 2543 sermonis
1465 2512 1564 2552 poe-

834 2569 904 2608 tici
921 2566 1091 2606 Romani
1108 2564 1203 2603 satis
1220 2575 1381 2616 gnarus,
1401 2558 1453 2596 ad
1465 2557 1564 2596 haec

833 2626 998 2680 legenda
1015 2623 1236 2671 accesserit,
1255 2619 1428 2659 necdum
1447 2616 1562 2654 aliam

833 2685 1033 2733 rationem
1063 2680 1288 2727 imbiberit,
1319 2673 1560 2728 simplicissi-

835 2758 942 2782 mam
966 2755 1049 2780 esse
1077 2739 1234 2780 videbit
1255 2736 1379 2774 hanc:
1410 2732 1563 2771 Ixionii

836 2802 939 2841 orbis
980 2808 1067 2839 rota
1095 2798 1268 2836 constitit
1295 2799 1426 2839 vento,
1466 2795 1561 2827 tur-

835 2860 951 2909 bine,
994 2857 1167 2905 vortice,
1200 2857 1333 2899 motu,
1364 2861 1449 2912 suo.
1511 2846 1562 2883 Ut

834 2926 950 2958 vento
989 2914 1180 2955 audacius
1217 2910 1370 2950 dietum
1403 2910 1456 2943 s1t
1485 2917 1560 2955 pro

835 2975 997 3014 turbine
1031 2979 1145 3013 rotae
1163 3001 1172 3019 ‚
1216 2969 1300 3021 ipsa
1337 2962 1559 3010 rotatione,

836 3030 990 3090 ῥόμβῳ.
1042 3028 1297 3070 Subtiliorem
1321 3019 1561 3075 disputatio-
