1768 3320
438 195 810 247 PHILIPPI
845 194 1265 246 WAGNERI.
1555 210 1636 246 vu

78 331 201 391 hoo
239 329 316 388 in
361 343 585 408 genere
637 336 1029 385 mutaverunt
1077 323 1206 382 iam
1259 322 1638 384 WVunderli-

0 475 3 482 ,.
79 411 285 484 chius,
328 421 416 484 et,
456 409 626 468 hunc
666 421 734 467 ut
775 407 1117 488 plurimum
1154 418 1437 480 secutuS,
1491 406 1637 466 Iah-

0 509 10 574 ᾖ
75 491 238 552 nius,

0 577 7 621 ἶ
241 571 556 652 Heynium
618 570 763 629 satis
816 581 1054 628 constat
1116 568 1635 649 interpretationis

75 655 352 716 maxime
377 654 682 712 rationem
704 652 1018 722 habuisse,
1051 671 1185 709 rem
1208 652 1485 709 criticam
1508 671 1637 710 non

0 742 2 809 j
77 754 275 814 aeque
312 754 581 795 curasse.
664 733 813 793 Erat
846 733 1142 790 nimirum
1182 732 1248 789 id
1276 731 1504 811 Heynii
1539 732 1635 789 in-

6 839 7 842 *
75 818 356 900 genium,
398 829 469 874 ut
511 817 577 874 in
614 815 867 873 edendis
909 834 946 872 a
978 835 1044 871 se
1088 814 1488 892 scriptoribus
1523 833 1636 872 an-

4 945 6 947 >
72 898 263 978 tiquis
307 918 445 957 eam
487 897 879 979 potissimum
913 896 1216 953 rationem
1250 895 1634 973 sequendam

7 1024 15 1030 -
74 980 197 1040 sibi
247 991 521 1060 putaret,
574 998 735 1056 quae
792 978 875 1036 ad
926 978 1126 1058 ipsam
1170 978 1496 1035 lectionem
1538 977 1635 1035 in-

73 1062 510 1139 tellectumque
563 1072 717 1118 esset
758 1058 1283 1130 fructuosissima,
1340 1060 1418 1117 ab
1464 1059 1633 1116 omni

74 1143 494 1215 contentione,
536 1162 668 1199 rem
700 1142 980 1200 criticam
1021 1141 1307 1198 tractanti
1347 1159 1634 1198 necessa-

71 1223 167 1283 rio
191 1224 538 1295 subeunda,
563 1223 992 1281 alienissimus.
1035 1221 1111 1279 Et
1135 1242 1330 1297 quum
1358 1222 1436 1280 ad
1463 1241 1633 1279 sum-

71 1324 178 1364 ma
222 1306 431 1364 omnia
479 1316 663 1362 natus
718 1316 874 1362 esset
918 1303 1033 1360 Vir
1075 1304 1372 1375 eximius,
1426 1303 1630 1376 facile,

72 1388 127 1445 si
168 1406 241 1445 eo
277 1386 635 1444 inclinasset
670 1386 943 1456 animus,
989 1385 1054 1442 in
1088 1385 1208 1442 hoc
1243 1405 1492 1462 quoque
1527 1405 1631 1464 ge-

70 1488 220 1527 nere
264 1468 480 1527 ceteris
525 1468 818 1524 excellere
862 1466 1174 1546 potuisset.
1262 1466 1384 1523 Sed
1407 1466 1522 1523 fuit
1556 1484 1631 1523 ea

71 1550 246 1608 istius
303 1548 549 1618 aetatiS,
605 1566 730 1624 qua
786 1549 1195 1605 inclarescere
1251 1548 1352 1604 ille
1411 1546 1629 1625 coepit,

70 1632 272 1703 labes,
326 1641 395 1687 ut
440 1628 696 1706 quidam
738 1647 911 1686 acres
954 1628 1114 1685 inter
1163 1648 1227 1685 se
1272 1640 1630 1685 exercerent

70 1711 424 1770 inimicitias
469 1710 668 1768 critici
709 1709 1063 1786 rusticeque
1107 1728 1171 1766 se
1217 1710 1486 1766 invicem
1521 1729 1631 1766 ex-

71 1794 388 1873 agitarent.
498 1788 679 1862 Ouae
744 1811 844 1849 res
898 1790 1241 1869 Ileynium,
1305 1791 1628 1847 hominem

72 1874 353 1932 omnium
385 1873 780 1930 mitissimum
816 1885 875 1930 et
912 1892 1118 1930 veram
1157 1872 1457 1953 philologi
1492 1872 1629 1933 lau-

72 1955 216 2014 dem
248 1956 314 2013 in
346 1955 730 2012 humanitate
755 1975 1121 2030 morumque
1150 1953 1626 2011 mansuetudine

69 2048 431 2118 ponentem,
485 2056 613 2094 non
654 2037 851 2115 potuit
892 2056 1021 2094 non
1074 2037 1169 2092 vel
1212 2036 1471 2092 invitum
1516 2034 1628 2091 de·-

69 2130 297 2177 terrere
350 2120 430 2176 ab
488 2136 562 2174 ea
603 2138 701 2188 re,
757 2138 947 2194 quam
1000 2117 1282 2173 rixarum
1335 2116 1624 2173 atrocitas

70 2199 336 2257 invisam
379 2198 634 2257 reddere
669 2200 923 2256 deberet
961 2198 1201 2255 homini
1243 2217 1360 2255 nec
1406 2196 1624 2254 alienis

69 2281 304 2339 meritis
360 2281 659 2338 invidenti
711 2280 1228 2355 obtrectantique,
1279 2298 1396 2336 nec
1443 2297 1625 2335 suam

67 2362 304 2420 famam
343 2363 410 2419 in
451 2381 679 2441 anceps
733 2374 1042 2419 certamen
1087 2361 1469 2418 committere
1512 2378 1626 2417 cu-

67 2443 278 2522 pienti.
360 2442 508 2501 Erat
560 2443 743 2522 igitur
783 2444 928 2500 novi
972 2443 1250 2514 editoriS,
1302 2442 1469 2499 hanc
1524 2441 1622 2497 in-

23 2597 31 2602 ·
67 2525 281 2604 primis
323 2536 564 2604 partem
606 2525 879 2602 expolire
923 2536 980 2581 et
1022 2524 1352 2602 perficere,
1411 2522 1622 2600 quoad

70 2605 199 2662 eius
252 2606 390 2662 fieri
440 2625 606 2663 nunc
647 2618 866 2685 posset.
950 2602 1355 2680 Quamquam
1411 2614 1621 2660 autem

68 2684 516 2765 intelligebam,
562 2706 749 2763 quam
786 2688 1096 2744 lubricum
1132 2686 1246 2742 iter
1272 2684 1620 2762 ingredien-

71 2766 221 2824 dum
255 2780 412 2825 esset
451 2788 765 2844 quamque
800 2788 1098 2847 praeceps
1136 2768 1216 2824 ad
1253 2766 1617 2834 labendum;

71 2865 453 2925 quamquam
512 2850 728 2922 etiam,
788 2861 936 2926 quot
987 2850 1054 2906 in
1106 2847 1616 2927 reprehensiones

70 2927 432 2987 incursurus
461 2950 676 3002 essem,
718 2931 1025 3003 videbam,
1070 2931 1241 2988 fortis
1267 2941 1477 2986 tamen
1502 2925 1618 2981 viri
