1768 3320
394 747 452 798 P.
504 745 868 797 VIRGILII
920 745 1291 798 MARONIS

82 860 1602 941 BUCOLICON

637 1001 1040 1062 LIBER

458 1232 502 1282 E
575 1231 617 1284 C
685 1232 729 1282 L
803 1231 853 1282 Ο
928 1232 978 1282 G
1045 1232 1092 1281 A
1206 1232 1233 1281 I

653 1327 1030 1389 rlrrnns*)

615 1439 1071 1482 ARGUMENTUM

80 1501 348 1584 Meliboeus,
378 1534 482 1587 agris
501 1533 583 1574 suis
598 1540 759 1585 exutus,
790 1534 889 1574 dum
906 1533 1040 1587 patria
1057 1532 1232 1572 extorris
1250 1532 1494 1585 capellarum
1509 1547 1602 1586 gre-

80 1605 169 1644 gem
187 1597 282 1631 ante
300 1605 342 1631 se
360 1592 461 1644 agit,
490 1592 534 1631 in
552 1593 741 1645 Tityrum
759 1592 923 1642 incidit,
962 1604 1082 1644 quem
1101 1603 1193 1630 cum
1210 1589 1254 1628 in
1270 1592 1474 1630 communi
1491 1592 1602 1631 cala-

80 1649 222 1690 mitate
239 1663 395 1689 summa
414 1650 628 1690 securitate
645 1657 687 1691 et
704 1650 788 1689 otio
807 1650 888 1693 frui
905 1650 1086 1699 videret,
1126 1648 1296 1687 miratus
1314 1647 1488 1688 hominis
1507 1665 1598 1690 sor-

80 1714 186 1758 tem,
227 1707 293 1748 cui
322 1714 529 1761 acceptam
557 1721 645 1747 eam
663 1709 767 1748 serat
777 1738 789 1758 ,
818 1714 947 1760 rogat.
1005 1707 1156 1746 Narrat
1173 1706 1359 1759 Tityrus,
1399 1708 1601 1759 quomodo

81 1771 123 1805 et
141 1779 164 1803 a
182 1778 263 1818 quo
284 1779 398 1819 agros
416 1780 509 1805 suos
529 1780 742 1818 gregesque
761 1766 892 1806 salvos
919 1764 1242 1818 recuperaverit,
1272 1767 1329 1806 20
1347 1778 1431 1816 sqq.
1442 1780 1453 1816 ;
1491 1766 1601 1805 scili-

81 1829 147 1863 cet
163 1836 217 1874 se,
246 1824 327 1864 iam
347 1829 478 1862 aetate
495 1831 747 1877 provectum,
766 1824 964 1864 libertatis
984 1822 1286 1874 consequendae
1305 1835 1444 1861 caussa
1453 1824 1602 1863 Urbem

81 1881 244 1932 adiisse,
274 1882 410 1935 ibique
428 1883 477 1921 ab
495 1882 587 1922 heri
604 1883 794 1922 facilitate
814 1881 894 1921 hoc
911 1882 1152 1930 obtinuisse,
1181 1887 1231 1919 ut
1246 1893 1381 1933 greges
1399 1895 1491 1920 suos
1507 1888 1601 1921 tuto

80 1953 130 1978 ac
144 1939 268 1979 libere
285 1953 448 1993 pascere
464 1940 615 1980 liceret.
673 1940 884 1980 Putandus
913 1946 973 1978 est
992 1939 1092 1978 adeo
1112 1939 1278 1991 Tityrus
1307 1952 1388 1977 esse
1416 1953 1521 1978 unus
1550 1953 1601 1979 ex

80 1997 314 2051 pastoribus
344 1999 469 2038 servis
495 1999 539 2038 in
566 1998 696 2038 fundo
725 2013 748 2037 a
767 1998 931 2037 domino
961 1997 1127 2036 habitis:
1159 1997 1207 2035 cs.
1227 1996 1280 2034 ad
1296 2009 1335 2035 v.
1354 1998 1424 2039 28.
1467 1997 1601 2037 Inter—

81 2068 128 2094 ea
156 2056 258 2095 alter
285 2055 335 2095 de
360 2057 483 2110 malis,
503 2070 549 2095 ac
565 2057 757 2096 molestiis
783 2056 1033 2109 migrationis
1060 2067 1155 2094 suae
1174 2054 1456 2106 conqueritur,
1504 2062 1600 2094 tan-

82 2113 254 2166 demque
271 2120 409 2167 aperte
436 2114 487 2153 de
504 2121 792 2154 veteranorum
808 2114 1052 2154 immissione
1069 2113 1112 2152 in
1131 2126 1247 2165 agros
1263 2112 1446 2164 loquitur
1471 2127 1512 2153 v.
1532 2117 1599 2156 70.

873 2214 1132 2261 antiquissimos
1143 2214 1282 2248 codices
1291 2221 1520 2260 propagatas,
1528 2227 1600 2248 non

106 2207 113 2210 .
127 2215 157 2261 Ἴ
187 2217 352 2262 Tityrus.
383 2216 549 2262 Inscripti
564 2217 605 2250 hi
621 2216 717 2250 tituli
739 2228 815 2250 cum

872 2263 976 2297 video
989 2289 998 2305 ,
1023 2274 1130 2308 quare
1147 2261 1314 2306 genuinas
1333 2262 1512 2296 habendas
1529 2273 1599 2295 non

79 2262 161 2308 ipso
202 2263 412 2308 Eclogarum
455 2265 597 2298 nomine
642 2264 816 2298 debentur

84 2310 329 2344 Grammaticis
341 2337 350 2353 ,
375 2322 447 2344 non
467 2311 537 2356 ipsi
551 2317 698 2356 poetae:
722 2310 815 2344 reti—

79 2357 160 2391 neri
176 2363 294 2391 tamen
314 2364 464 2403 possunt
476 2385 486 2401 ,
520 2364 671 2404 propter
690 2364 813 2391 aucto-

79 2404 222 2438 ritatem
241 2404 328 2438 satis
349 2405 539 2451 antiquam.
574 2407 640 2451 (De
659 2405 812 2450 Ecloga-

79 2452 157 2485 rum
185 2452 328 2485 nomine
360 2453 545 2486 assentior.
602 2454 653 2487 Ex
676 2451 813 2496 vulgari

80 2509 144 2531 usu
160 2498 350 2545 significari
368 2512 433 2544 per
454 2500 545 2534 hanc
563 2512 686 2533 vocem
710 2499 815 2541 idem,

81 2545 177 2590 quod
197 2558 263 2590 per
283 2544 472 2589 εἰδῦλλια,
504 2547 702 2591 poematia,
728 2545 813 2579 satis

81 2597 238 2634 eonstat;
270 2605 311 2627 ac
330 2594 361 2626 si
378 2593 514 2639 antiqui
530 2594 633 2628 codd.
654 2594 747 2627 hunc
762 2592 814 2626 ti-

80 2637 192 2673 tulum
211 2652 299 2684 prae
316 2653 354 2674 se
385 2642 542 2684 ferrent,
578 2652 651 2674 non
673 2652 814 2685 pugna-

80 2696 156 2718 rem
184 2698 261 2720 cum
288 2686 353 2730 iis,
396 2688 455 2734 qui
484 2688 527 2722 ab
558 2687 638 2733 ipso
659 2687 812 2732 Virgilio

80 2732 281 2776 profectum
321 2735 586 2768 contenderent.
641 2735 744 2768 Certe
781 2734 811 2767 is

80 2777 174 2811 inter
191 2779 334 2823 titulos,
359 2782 481 2827 quibus
503 2781 636 2827 antiqui
653 2781 811 2826 scripto-

80 2836 139 2858 res
185 2825 316 2860 similes
357 2828 502 2862 libellos
542 2828 811 2873 inscripserunt,

37 2908 47 2927 ‚-
80 2882 154 2905 non
175 2871 378 2918 infrequens
399 2876 538 2909 videtur
559 2876 679 2909 fuisse.
727 2875 811 2910 vid.

43 2935 45 2937 ·
80 2919 109 2952 F
112 2918 233 2953 orcell.
255 2920 340 2954 Lex.
365 2922 564 2956 Peculiares
592 2929 711 2956 tamen
739 2922 813 2955 sin-

82 2965 243 3009 gularum
255 2966 452 3011 eclogarum
462 2969 723 3015 inscriptioneS,
746 2981 814 3014 per

873 2321 1090 2349 censeamus3
1140 2315 1236 2342 certe
1266 2321 1345 2350 eas,
1390 2321 1477 2354 quae
1506 2309 1599 2342 nuda

871 2368 1100 2402 personarum
1129 2355 1271 2390 nomina
1291 2355 1478 2397 exhibent3
1519 2368 1599 2389 nam

872 2416 959 2450 quae
980 2410 1124 2449 quartae
1142 2402 1285 2447 eclogae
1304 2403 1339 2437 in
1352 2402 1431 2448 ipso
1439 2405 1598 2438 Romano

869 2451 1034 2496 leguntur
1051 2450 1224 2494 praefixa:
1249 2450 1366 2492 „Novi
1387 2450 1523 2484 Saeculi
1535 2452 1598 2483 In-

873 2498 1086 2542 terpretatio
1097 2501 1131 2539 ,“
1155 2509 1198 2530 ea
1213 2508 1285 2530 non
1295 2497 1400 2532 facile
1418 2497 1598 2543 quisquam

873 2545 941 2578 erit
972 2544 1031 2590 qui
1060 2544 1194 2577 tribuat
1222 2544 1384 2589 Virgilio.
1433 2545 1598 2577 Commo-

871 2592 949 2625 dius
966 2598 1085 2625 tamen
1114 2603 1219 2636 quum
1245 2591 1334 2625 haec
1360 2591 1510 2625 carmina
1532 2602 1598 2635 per

869 2650 1051 2680 numeros,
1084 2637 1263 2680 ordinem,
1296 2650 1365 2684 quo
1384 2638 1519 2683 singula
1539 2637 1597 2671 le·-

870 2692 1047 2731 gerentur,
1071 2684 1301 2727 declarantes,
1323 2685 1471 2719 indicari
1491 2695 1596 2728 posse

868 2733 1090 2775 viderentur,
1114 2732 1172 2765 vix
1190 2732 1312 2766 dubito
1324 2758 1333 2774 ,
1358 2732 1441 2777 quin
1459 2738 1595 2764 veteres

867 2779 1011 2824 Virgilii
1025 2779 1239 2824 interpretes
1250 2805 1259 2821 ,
1283 2785 1323 2812 ut
1337 2778 1476 2812 Servius
1489 2804 1497 2819 ,
1521 2778 1596 2809 Do-

868 2834 971 2860 natus
982 2853 990 2868 ,
1015 2826 1215 2870 eclogarum
1230 2837 1357 2859 nomen
1371 2823 1594 2863 adsciverint,

871 2873 1028 2918 eclogam
1036 2871 1496 2918 primam,alteram,tertiam
1503 2881 1594 2902 nun-

872 2927 1052 2965 cupantes.
1068 2920 1151 2953 Vid.
1164 2919 1270 2952 etiam
1279 2919 1475 2953 VVeichert.
1487 2917 1594 2948 Com-

870 2974 1015 3001 mentat.
1024 2968 1051 3001 1.
1060 2970 1116 3000 De
1123 2967 1261 3000 Laevio
1266 2974 1389 3011 poeta.
1400 2976 1434 3009 p.
1442 2965 1474 2999 6.
1499 2963 1556 2997 W
1548 2961 1591 3004 r.)

1225 3026 1311 3070 4*
