1734 3320
140 251 243 299 616

491 248 547 298 P.
583 247 938 298 VIRGILII
972 246 1349 298 MARONIS

139 375 415 424 Aestatem
443 372 768 441 increpitans
793 390 970 425 seram
999 373 1375 443 zephyrosque
1400 375 1676 427 morantis

137 446 281 509 Ergo
305 442 493 510 apibus
512 442 636 494 fetis
662 445 812 495 idem
836 453 998 513 atque
1028 445 1271 495 examine
1292 444 1468 495 multo

137 515 351 565 Primus
373 513 672 577 abundare,
714 524 768 565 et
786 515 1090 582 spumantia
1108 531 1302 581 cogere
1323 515 1519 582 pressis
1577 521 1677 568 140

137 584 298 636 Mella
324 582 480 647 favis;
520 585 592 635 illi
617 586 782 650 tiliae,
822 594 984 653 atque
1003 585 1280 635 uberrima
1299 585 1482 653 pinus3

141 659 399 722 Quotque
421 655 476 704 in
494 654 633 706 flore
655 673 801 706 novo
820 656 999 722 pomis
1021 672 1079 705 se
1101 654 1292 706 fertilis
1314 656 1472 706 arbos

137 725 420 789 Induerat,
457 726 691 776 totidem
716 735 1010 776 auctumno
1034 735 1245 776 matura
1266 726 1501 779 tenebat.

137 796 235 847 Ille
260 797 421 846 etiam
446 812 592 846 seras
614 797 669 846 in
690 814 909 847 versum
937 796 1139 846 distulit
1157 796 1365 860 ulmOS,

137 867 489 934 Eduramque
509 867 706 934 pirum,
730 877 783 918 et
803 868 988 935 spinos
1007 867 1114 917 iam
1133 883 1308 935 pruna
1326 865 1566 931 ferentiS,
1581 867 1680 918 145

188 992 255 1027 138
279 991 532 1037 zephyrosque
547 999 729 1025 vacantes
745 992 819 1026 Erf.
838 1004 857 1025 a
875 1003 921 1024 m.
941 1003 995 1036 pr.

706 1039 771 1074 141
799 1040 884 1073 tilia
909 1038 1054 1082 Medic„
1088 1038 1184 1083 quod
1210 1038 1339 1072 merito
1370 1038 1532 1084 praefert
1556 1036 1679 1070 Heius.

138 1039 294 1072 multum
313 1038 403 1071 Gud.
429 1051 450 1072 a
478 1051 522 1072 m.
552 1050 606 1084 pr.

1503 971 1521 983 r'

1033 991 1238 1037 (morantes
1256 990 1386 1024 Medic.
1417 992 1474 1025 W
1469 989 1515 1033 r.)
1612 990 1681 1026 139

137 1087 183 1120 Et
205 1085 255 1119 sic
287 1086 491 1119 emendarat
522 1086 699 1120 Reiskius.
745 1087 842 1132 (cilia
874 1085 1014 1119 elisioni
1041 1084 1216 1130 originem
1231 1085 1377 1119 'videtur
1397 1085 1541 1119 debere.
1582 1085 1678 1130 Wr.)

140 1130 209 1168 142
235 1133 432 1179 Quodque,
458 1146 602 1180 quoque
622 1133 666 1167 al.
687 1135 782 1180 apud
795 1136 911 1168 Burm.

1011 1133 1079 1169 143
1103 1131 1251 1178 ferebat
1265 1132 1385 1167 Schol.
1406 1133 1534 1178 Cruqu.
1552 1133 1679 1166 Horat.

137 1182 197 1222 111,
227 1182 258 1222 1,
285 1181 381 1225 quod
407 1181 444 1214 in
473 1192 581 1227 prosa
608 1181 750 1216 ferrem.
800 1180 948 1229 legebat
967 1181 1098 1214 Moret.
1125 1180 1273 1225 fragm.,
1310 1180 1407 1226 quod
1436 1180 1475 1213 in
1494 1179 1680 1222 cultorem,

136 1240 209 1261 non
231 1228 276 1261 de
294 1228 443 1271 arbore,
470 1227 540 1262 dici
562 1240 682 1273 posse,
709 1230 801 1263 bene
819 1228 957 1263 monuit
978 1230 1094 1262 Burm.

1193 1228 1260 1263 145
1286 1241 1357 1274 que
1373 1227 1478 1261 abest
1500 1240 1519 1261 a
1538 1227 1679 1261 duobus

136 1277 252 1309 Burm.
302 1275 528 1321 Iduramque
544 1276 645 1310 Leid.
669 1289 724 1322 pr.
744 1290 763 1311 a
781 1290 826 1310 m.
846 1289 901 1321 pr.
946 1277 1078 1323 pinum
1099 1275 1228 1309 Medic.
1248 1288 1269 1309 a
1288 1288 1334 1309 m.
1352 1287 1406 1321 pr.
1455 1275 1681 1322 Edurasque

132 1324 250 1371 pinus
269 1322 378 1357 Goth.
403 1336 471 1369 pr.,
507 1330 623 1357 metro
644 1323 769 1358 invito.
818 1326 948 1372 spinas
967 1323 1068 1357 Leid.
1087 1322 1225 1357 Zulich.
1246 1321 1416 1357 Rottend.
1434 1334 1489 1368 pr.
1519 1335 1540 1356 a
1559 1335 1604 1357 m.
1623 1333 1679 1368 pr.

138 1372 267 1405 Moret.
287 1382 356 1404 sec.
374 1383 521 1418 prunos
540 1372 613 1405 iam
632 1373 742 1418 spina
753 1370 922 1419 ferentis
941 1373 1032 1406 Ven.

137 1466 270 1505 media
283 1466 428 1507 hieme.
449 1482 568 1506 coma
580 1468 795 1520 hyacinthi
802 1466 878 1522 pro

136 1525 224 1578 ipso
245 1525 359 1565 flore.
404 1528 499 1569 138.
523 1526 703 1579 Argutus
722 1540 878 1567 versus,

135 1584 225 1636 Ipse
276 1584 562 1624 antevertebat
612 1586 877 1638 praecocibus

135 1642 308 1682 floribus
354 1649 548 1682 aestatem
590 1650 630 1682 et
658 1643 874 1697 zephyros,

137 1708 178 1740 et
199 1701 351 1740 idcirco
380 1702 593 1755 increpare
621 1716 763 1742 eorum
785 1709 877 1742 tar—

138 1759 307 1798 ditatem
325 1774 370 1798 ac
385 1775 541 1799 moram
555 1761 686 1800 videri
701 1768 877 1814 poterat.

199 1817 293 1860 140.
333 1818 536 1858 Mellificio
591 1821 879 1859 antevertebat

137 1876 261 1927 alios3
318 1878 438 1915 mella
483 1878 686 1916 maturius
736 1879 878 1931 expri-

137 1935 275 1974 mebat
304 1935 419 1974 savis.
455 1950 554 1987 apes
584 1936 705 1988 fetae
745 1937 877 1976 melle.

141 1992 237 2035 141.
273 1996 431 2044 pinus,
482 1994 566 2034 vid.
602 1994 655 2033 ad
694 2008 755 2034 vs,
786 1998 880 2037 112.

141 2050 235 2093 142.
252 2050 346 2094 143.
370 2052 511 2091 Fidem
527 2052 793 2106 praestabant
812 2067 883 2092 ar·-

136 2109 276 2160 bores,
322 2123 398 2149 nec
426 2111 735 2150 frustrabantur
768 2125 879 2165 spem

138 2181 191 2207 ex
233 2168 412 2208 flosculis
456 2176 498 2208 et
530 2170 695 2222 gemmis
731 2184 880 2209 conce-

136 2232 263 2280 ptam.
324 2227 448 2266 Poma
490 2229 634 2267 futura
674 2228 806 2267 latent
835 2230 880 2268 in

138 2285 330 2335 floribus,
372 2285 470 2325 hinc
512 2287 629 2325 arbos
671 2287 805 2326 induit
839 2302 880 2325 se

134 2346 271 2395 pomis
299 2345 343 2382 in
361 2345 472 2396 flore
503 2360 634 2384 novo:
668 2351 711 2384 at
735 2347 880 2397 inflo-

137 2416 221 2440 rem
244 2404 381 2453 ipsum
400 2403 532 2441 induit
552 2418 594 2442 se
614 2403 732 2442 arbos
755 2418 879 2457 supra

138 2460 281 2512 Georg.
305 2460 336 2511 Ι,
361 2462 457 2502 187.
483 2463 578 2503 188.

199 2517 350 2559 144—-
374 2517 468 2561 146.
499 2519 571 2558 Ille
601 2520 720 2559 etiam
747 2521 879 2559 ulmos

136 2576 180 2614 in
202 2576 426 2626 ordinibus,
457 2575 559 2618 κατοὲ
579 2579 750 2632 στίχους,
782 2578 822 2618 h.
845 2592 878 2618 e.

136 2634 204 2673 ille
231 2634 438 2681 ulmorum
467 2636 629 2675 ordines
662 2644 879 2689 posuerat3

139 2699 182 2731 at
205 2693 422 2745 elegantius
445 2694 603 2732 distulit
617 2725 628 2744 ,
665 2695 878 2748 disposuit,

111 2784 114 2787 ,
137 2753 181 2789 in
211 2766 360 2790 versus.
391 2752 497 2790 conf.
527 2753 597 2791 Ge.
617 2753 664 2802 II,
686 2756 773 2796 277
793 2767 877 2805 sqq.

138 2810 282 2848 Servio
314 2809 436 2859 duce,
483 2823 602 2863 quem
634 2811 761 2850 Iulius
784 2812 876 2850 Sab.

138 2868 332 2907 exscribit
351 2898 361 2918 ‚
411 2867 613 2910 Martinus
656 2868 706 2907 de
742 2878 878 2908 trans—

132 2927 392 2978 plantatione
422 2927 610 2966 arhorum
638 2929 725 2965 iam
751 2928 878 2965 adul-

139 2993 297 3034 tarum,
341 2980 558 3036 quam'ille
589 2985 784 3038 Corycius
811 2999 876 3024 se-

138 3056 219 3082 nex
238 3042 342 3083 felici
364 3050 515 3084 eventu
531 3044 737 3094 tentabat,
770 3043 877 3083 acci-

938 1467 1029 1521 pit3
1051 1472 1188 1506 motus
1211 1465 1392 1520 epitheto
1415 1466 1593 1506 adiecto:
1613 1480 1679 1504 se-

938 1541 1008 1564 rae
1027 1526 1139 1565 ulmi.
1200 1526 1475 1571 Probaveram
1493 1524 1573 1564 hoc
1595 1524 1680 1577 ipse

937 1584 982 1623 in
1011 1584 1216 1637 prioribus
1245 1584 1338 1623 edd.
1372 1590 1413 1623 et
1444 1584 1497 1623 ad
1540 1583 1678 1622 eadem

935 1643 1014 1682 iam
1034 1642 1170 1682 redeo.
1228 1643 1340 1697 (Non
1369 1649 1479 1682 recte
1506 1641 1608 1680 haec
1630 1641 1680 1680 de

936 1701 1306 1754 transplantatione
1355 1701 1483 1754 accipi
1531 1700 1680 1740 viden-

936 1766 1030 1811 tur;
1061 1773 1192 1812 neque
1221 1760 1329 1799 enim
1353 1759 1454 1811 quid
1474 1759 1596 1812 egerit
1614 1771 1680 1797 se-

937 1832 1039 1868 nex,
1072 1819 1141 1857 sed
1175 1818 1274 1870 quid
1295 1817 1486 1857 habuerit
1510 1817 1554 1856 in
1575 1816 1680 1857 hor-

938 1883 983 1915 to
1007 1891 1102 1926 suo,
1133 1883 1277 1915 narrat
1297 1876 1497 1928 Virgilius.
1537 1876 1679 1928 Itaque

941 1937 984 1973 in
1023 1949 1183 1974 versum
1233 1935 1390 1973 distulit
1430 1935 1561 1973 ulmos
1585 1965 1595 1984 ,
1618 1973 1630 1977 ,
1647 1934 1680 1973 si

938 1993 1066 2046 probe
1101 1993 1281 2046 intelligo
1317 1998 1495 2031 mentem
1521 1999 1678 2045 poetae,

938 2051 1048 2091 idem
1079 2052 1191 2091 valet
1211 2082 1221 2102 ,
1274 2050 1386 2103 quod
1423 2050 1599 2090 habebat
1636 2053 1681 2089 in

939 2124 1098 2149 versum
1136 2110 1291 2148 dilatas
1337 2109 1483 2148 ulmos.
1559 2110 1679 2148 Serae

940 2174 1077 2207 autem
1104 2169 1209 2206 almi
1226 2168 1391 2221 proprie
1412 2167 1575 2220 quidem
1595 2182 1680 2207 non

938 2234 1036 2266 sunt
1057 2227 1234 2277 adultae,
1267 2226 1338 2264 sed
1354 2227 1474 2265 tarde
1492 2239 1679 2265 crescen-

937 2291 1011 2335 tes,
1032 2291 1081 2324 ut
1098 2291 1211 2324 recte
1230 2285 1407 2338 explicat
1428 2285 1568 2324 Burm.
1598 2284 1680 2323 Sed

937 2344 1142 2398 plantatas
1166 2344 1215 2382 ab
1235 2343 1402 2382 homine
1420 2343 1489 2382 illo
1516 2343 1678 2394 iuvene,

940 2415 986 2441 eo
1016 2409 1224 2456 tempore,
1255 2416 1336 2454 quo
1365 2415 1430 2440 eas
1451 2401 1557 2441 vidit
1582 2401 1679 2442 Vir-

935 2461 1074 2513 gilius,
1120 2461 1201 2499 iam
1233 2460 1392 2499 adultas
1437 2460 1587 2510 fuisse,
1626 2473 1679 2499 ex

937 2533 996 2559 vs,
1037 2519 1131 2562 145.
1161 2533 1218 2571 sq.
1252 2518 1504 2571 intelligitur.
1547 2517 1676 2572 Wr.)

936 2577 1041 2630 Ergo
1072 2578 1204 2616 ulmos
1238 2577 1412 2630 appellat
1431 2591 1560 2626 seras,
1592 2590 1678 2615 non

935 2642 1022 2674 tam
1046 2649 1136 2675 sero
1165 2635 1466 2685 adolescentes,
1505 2634 1576 2673 sed
1595 2635 1678 2674 iam

937 2694 1110 2733 adultas.
1143 2696 1260 2745 piros
1286 2694 1455 2742 aduras,
1497 2692 1538 2732 h.
1556 2693 1677 2733 valde

940 2752 1063 2791 duras
1080 2782 1090 2802 ,
1122 2751 1297 2803 validas3
1329 2751 1434 2790 cons.
1457 2751 1548 2791 Var.
1567 2752 1676 2791 Lect.

938 2810 993 2848 ad
1023 2811 1093 2849 Ge.
1118 2810 1173 2860 Π,
1196 2810 1262 2853 65.
1324 2811 1500 2862 Spina-s,
1545 2824 1676 2863 oxya-

938 2868 1099 2918 camba,
1122 2868 1365 2920 Hagea'om,
1390 2868 1455 2906 cui
1471 2868 1552 2907 iam
1570 2870 1687 2921 pru-'

936 2941 1014 2966 nus
1046 2926 1165 2965 insita
1198 2933 1303 2977 erat;
1333 2926 1501 2966 tandem
1526 2928 1677 2978 plata-

935 3001 1012 3023 nus
1038 2983 1139 3039 (vid.
1164 2986 1307 3038 Georg.
1327 2985 1375 3035 ΙΙ,
1396 2983 1469 3039 70)
1483 2985 1563 3023 iam
1580 2999 1675 3024 um—

934 3043 1067 3083 brosa.
1110 3043 1212 3083 haec
1255 3045 1363 3083 forte
1403 3042 1456 3082 ad
1495 3043 1676 3097 priorem
