1768 3320
116 1893 129 1925 (

164 207 269 258 248

503 205 560 254 Ρ.
603 202 951 254 VIRGILII
994 200 1360 253 MARONIS

163 336 276 385 Nec
295 332 362 396 si,
402 347 573 399 quum
593 329 835 380 moriens
857 327 960 378 alta
980 329 1120 379 liber
1142 337 1255 378 aret
1277 328 1332 377 in
1353 327 1523 393 ulmo,

164 402 496 469 Aethiopum
520 416 799 451 versemus
819 399 932 449 ovis
954 400 1052 450 sub
1073 399 1250 449 sidere
1274 398 1476 450 Cancri.

167 473 366 526 Omnia
385 471 548 522 vincit
566 475 757 522 Amor:
797 478 850 520 et
872 486 974 519 nos
997 469 1252 520 cedamus
1275 469 1478 520 Amori.

233 546 380 594 Haec
402 551 481 592 sat
501 543 616 606 erit,
644 541 813 604 divae,
833 549 1074 590 vestrum
1099 540 1354 589 cecinisse
1373 547 1609 606 poetam,
1630 543 1700 590 70

163 618 311 667 Dum
334 613 510 675 sedet,
551 621 603 662 et
621 610 804 677 gracili
823 609 1083 660 fiscellam
1110 610 1238 659 texit
1257 608 1481 674 hibisco,

165 683 433 745 Pierides;
470 698 566 732 vos
588 682 722 732 haec
742 679 947 730 facietis
969 680 1198 730 maxima
1221 678 1396 730 Gallo:

169 755 324 808 Gallo
336 795 349 819 ,
389 753 537 804 cuius
558 768 715 802 'amor
732 759 944 800 tantum
962 749 1098 800 mihi
1121 750 1310 800 crescit
1330 749 1386 799 in
1403 748 1581 814 horaS‚

239 854 321 901 69.
358 850 549 908 AM0R3

168 1012 258 1043 nes,
288 999 405 1034 media
432 997 558 1042 brevi,
590 1004 628 1032 et
647 997 843 1031 Simonias
872 996 966 1042 apud
990 997 1169 1030 Romanos
1191 1003 1336 1041 poetas,
1370 1002 1410 1030 ut
1435 995 1625 1042 aliquoties
1646 1007 1703 1041 ap.

168 1049 295 1082 Horat.
313 1049 328 1080 I
346 1047 457 1081 Carm.
481 1047 536 1088 18,
554 1047 588 1081 9.
613 1046 673 1087 111,
691 1045 749 1086 26,
772 1046 827 1080 10.
877 1044 996 1086 Ovid.‚
1023 1050 1061 1077 ut
1080 1043 1117 1077 in
1139 1045 1232 1077 Fast.
1256 1043 1436 1078 Sithonas
1453 1052 1492 1077 et
1514 1044 1707 1089 Scythicos

169 1095 386 1142 triumphos.
434 1097 521 1128 Stat.
544 1093 662 1127 Theb.
683 1093 741 1134 111,
762 1092 834 1128 287
867 1092 1040 1125 Sithonia
1059 1111 1103 1116 —-
1127 1090 1194 1125 sub
1215 1093 1349 1125 Arcto:
1388 1102 1473 1136 ergo
1501 1087 1705 1134 Σιθόνιος.

169 1145 333 1176 Attamen
353 1140 528 1185 Σιθωνίη
553 1137 656 1185 χώρη
685 1152 741 1185 ap.
771 1138 906 1172 Herod.
926 1139 1002 1180 VII,
1033 1139 1100 1174 122
1127 1145 1163 1171 et
1192 1138 1316 1182 Steph.
1334 1139 1417 1183 Byz.
1466 1140 1514 1172 At
1539 1137 1707 1178 Σίθονες

171 1202 248 1223 esse
272 1189 428 1222 debuere
448 1186 681 1234 Lycophroni
708 1199 740 1221 v.
765 1186 855 1223 1357
885 1181 1007 1227 Ῥίζαν
1034 1182 1221 1230 γιγάντων
1242 1181 1427 1220 Σνθόνων
1453 1182 1704 1230 κεκτημένοις.

169 1238 248 1271 Hoc
263 1236 354 1270 enim
372 1242 520 1270 metrum
538 1234 706 1280 postulat,
724 1245 797 1267 non
810 1229 1013 1267 Σιθοόνων.
1041 1233 1146 1275 Quod
1162 1232 1315 1266 hiemem
1333 1243 1509 1279 aquosam
1524 1239 1706 1275 memorat,

170 1285 263 1318 forte
285 1296 407 1330 parum
427 1282 610 1317 commode
632 1281 683 1324 fit,
702 1280 769 1314 ubi
790 1281 835 1314 de
854 1281 940 1314 nive
958 1279 1084 1325 agitur.
1119 1282 1169 1314 Io.
1189 1279 1376 1314 Schrader.
1394 1280 1557 1313 tentabat
1575 1281 1710 1314 Haemi

172 1344 200 1365 s.
230 1332 378 1377 aquosi:
422 1329 618 1375 ingeniose.
669 1328 785 1372 (Nihil
813 1327 1037 1369 mutandum3
1078 1326 1150 1361 vid.
1176 1329 1224 1369 Q.
1254 1328 1299 1360 V.
1327 1327 1502 1369 XXXX,
1534 1328 1569 1363 3.
1609 1327 1705 1372 Wr.)

171 1379 294 1424 hyemi
306 1377 502 1411 subeamus
519 1388 663 1423 aquosa
682 1374 818 1409 Barthii
836 1375 949 1408 codex
969 1386 1036 1419 pro
1063 1375 1202 1420 hyeme.
1241 1375 1426 1408 Burmann.
1442 1374 1606 1408 tentabat
1624 1375 1708 1409 sul-

171 1437 305 1459 Cema-S*-

394 1426 440 1461 67
465 1424 525 1459 Ne
545 1425 579 1457 si
597 1424 721 1468 fragm.
742 1421 886 1456 Moreti.
922 1423 1161 1456 commoriens
1180 1433 1266 1455 unus
1284 1420 1418 1454 Moreti
1437 1428 1471 1455 et
1492 1421 1582 1456 Gud.
1614 1435 1708 1456 con-

172 1474 332 1507 moriens
349 1472 484 1506 Zulich.
527 1469 682 1504 libraret
711 1471 750 1504 in
785 1470 883 1503 ulmo
916 1469 1040 1514 fragm.
1063 1470 1196 1503 Moret.

1292 1469 1338 1506 68
1363 1481 1552 1503 servemus
1570 1468 1710 1503 Barthii

172 1520 245 1554 sive
279 1519 372 1553 liber
402 1519 477 1554 sive
505 1517 726 1560 emendatio,
754 1516 823 1550 iam
850 1529 870 1550 a
890 1516 1059 1550 Florente
1082 1515 1284 1550 Christiano
1309 1515 1420 1549 facta.
1460 1528 1547 1571 opes
1575 1517 1707 1551 Moret.

173 1569 218 1604 69
242 1567 339 1600 Idem
357 1565 619 1601 hemistichium
639 1565 708 1598 Cir.
727 1561 810 1600 437.
853 1565 978 1598 vincet
996 1563 1127 1599 Medic.
1165 1564 1256 1597 vicit
1270 1564 1372 1597 Rom.
1393 1563 1513 1598 Pierii.
1554 1564 1622 1598 sed
1639 1576 1710 1598 nos

174 1615 230 1648 ed.
249 1616 338 1649 Ven.

174 1755 346 1789 Rottend.

175 1885 361 1938 geniose:
412 1899 505 1925 cum
544 1885 602 1924 ibi
640 1883 773 1923 minae
812 1882 913 1922 Pani

175 1943 290 1982 fiant.
321 1944 370 1983 cf.
393 1943 538 1983 Horat.
567 1942 645 1982 Od.
676 1942 708 1992 I,
727 1943 783 1984 22
808 1947 912 1980 extr.

163 2001 394 2055 frigoribus
418 2003 584 2052 mediis,
618 2000 751 2039 media
767 1999 913 2049 hieme,

177 2061 334 2113 χείματι
380 2059 541 2116 μέσσῳ,
617 2058 833 2098 Thraciam
882 2057 915 2095 si

181 2118 323 2157 adeam
345 2148 355 2168 ,
413 2119 526 2158 cuius
575 2131 669 2171 gens
719 2117 913 2155 Sithones.

179 2176 419 2216 Theocritus
484 2175 649 2215 Edonos
703 2170 917 2222 Ἠδωνούς

180 2234 342 2273 dixerat
360 2234 446 2284 VII,
467 2237 563 2276 112.
589 2233 815 2283 subeamus,
836 2232 917 2271 du—

178 2306 313 2333 remus
330 2292 456 2345 frigus
473 2291 680 2331 Thraciae.
713 2285 919 2330 Burman-

179 2365 257 2391 nus
282 2351 331 2389 de
354 2351 526 2389 cadente
551 2351 597 2390 in
626 2355 750 2403 caput
773 2362 919 2402 magna

179 2409 284 2448 nivis
302 2409 346 2449 vi
366 2415 407 2447 et
433 2408 548 2462 copia
568 2408 802 2462 accipiebat.
849 2409 917 2449 68.

179 2466 429 2519 Aethiopum
459 2481 659 2506 versemus
689 2468 775 2504 ouis
789 2496 800 2516 ,
840 2479 917 2518 pro

181 2525 289 2565 inter
325 2524 566 2577 AethiopeS,
606 2525 650 2564 in
687 2523 917 2577 Aethiopia.

180 2598 336 2624 versare
361 2582 403 2622 h.
425 2582 452 2621 1.
480 2596 618 2635 agere,
649 2595 836 2635 pascere,
868 2594 920 2619 ex

181 2645 343 2691 πολεῖν,
371 2640 481 2680 unde
512 2637 698 2690 αἰπόλος,
731 2635 920 2687 οἰοπόλος

181 2705 258 2739 etc.
288 2698 387 2737 liber
401 2711 523 2748 vero,
556 2712 651 2751 pars
671 2696 834 2736 corticis
852 2696 920 2734 in-

181 2756 331 2807 terior,
371 2756 535 2795 omnino
565 2770 641 2809 pro
672 2755 821 2794 cortice
854 2760 920 2792 at-

183 2829 262 2868 que
285 2814 441 2855 arbore.
502 2816 569 2857 69.
599 2814 735 2852 Nexus
754 2818 920 2851 senten-

182 2874 262 2913 tiae
284 2879 345 2912 est
369 2870 507 2926 paullo
530 2871 694 2910 durior:
714 2870 825 2910 Nihil
845 2875 918 2919 est,

184 2931 297 2984 quod
315 2931 366 2971 ab
385 2930 533 2969 amoris
552 2929 659 2968 curis
677 2928 811 2967 solvat
830 2928 919 2966 ani—

183 2994 321 3042 mum,
358 2987 489 3030 vincit
519 2987 585 3027 ffle
617 2986 752 3026 omnia
786 2998 919 3025 reme-

434 1615 482 1650 70
506 1614 588 1646 Hoc
617 1620 678 1646 sat
700 1612 773 1645 erit
790 1619 960 1645 nostrum
977 1612 1070 1646 Ven.
1119 1612 1202 1645 Hoc
1220 1610 1323 1644 etiam
1343 1610 1453 1644 Goth.
1473 1623 1542 1644 sec.
1571 1618 1606 1645 et
1620 1623 1708 1645 unus

172 1660 315 1695 Moreti.
357 1670 542 1702 vestrum,
567 1660 689 1693 Divae
710 1658 780 1692 duo
800 1658 858 1693 vel
877 1665 963 1692 tres.

173 1708 263 1750 reti,
293 1708 448 1743 illustrat
473 1709 590 1740 Burm.
618 1718 637 1740 e
661 1706 807 1740 Petron.
827 1706 875 1742 39
897 1712 931 1739 et
949 1702 1008 1742 48.

1058 1659 1106 1695 72
1122 1656 1278 1704 facietis
1298 1659 1465 1692 carmina
1480 1658 1604 1703 fragm.
1622 1659 1709 1693 Μο-

1103 1705 1152 1741 73
1185 1705 1276 1739 milzi
1301 1712 1448 1739 tantum
1476 1705 1640 1740 Parrhas.
1670 1711 1710 1739 et

972 1883 1062 1934 dia3
1100 1896 1196 1935 ergo
1226 1881 1325 1921 mihi
1363 1882 1710 1923 succumbendum

971 1948 1045 1980 est.
1092 1939 1306 1996 (Equidem
1323 1939 1426 1980 nihil
1443 1941 1576 1992 video,
1599 1942 1712 1994 quod

973 2000 1125 2039 durum
1152 1999 1215 2038 sit.
1284 1999 1356 2038 Est
1389 1998 1470 2039 hoc
1500 2000 1711 2040 redeuntis

971 2059 1052 2097 iam
1078 2058 1132 2096 ad
1159 2071 1298 2096 sanam
1327 2064 1526 2099 mentem:
1564 2058 1712 2098 Omnia

972 2117 1102 2156 vineit
1139 2114 1286 2167 Amor3
1316 2122 1370 2154 ⁴et
1406 2130 1533 2168 quum
1569 2117 1712 2157 vincat

974 2174 1101 2214 Amor
1118 2175 1265 2224 omnia,
1297 2187 1384 2226 age,
1416 2173 1712 2226 cedamus,'nec

975 2234 1139 2273 flectere
1160 2246 1252 2271 eum
1271 2232 1456 2272 velimus.
1490 2235 1560 2273 W
1555 2231 1610 2287 r.)

1034 2295 1102 2334 70.
1134 2291 1190 2329 De
1209 2304 1249 2329 se
1267 2291 1349 2329 iam
1366 2297 1488 2344 poeta
1514 2291 1709 2343 loquitur,

978 2349 1032 2388 ad
1049 2349 1184 2389 Musas
1204 2363 1445 2400 conversus3
1463 2349 1564 2388 haec
1580 2363 1620 2387 se
1641 2350 1711 2389 lu-

978 2408 1073 2447 sisse
1097 2407 1314 2462 pastoritio
1351 2408 1529 2446 carmine
1561 2421 1601 2447 v.
1632 2410 1710 2459 713

975 2466 1081 2519 petit
1098 2479 1197 2505 vero
1230 2465 1279 2504 ab
1305 2465 1374 2516 iis,
1405 2471 1476 2515 ut,
1508 2479 1611 2517 quae
1625 2465 1711 2518 ipse

974 2524 1142 2562 minima
1172 2523 1213 2562 in
1247 2523 1352 2562 Galli
1385 2522 1585 2562 honorem
1602 2524 1711 2562 fece-

975 2582 1055 2631 rit,
1083 2582 1195 2634 ipsae
1214 2581 1385 2631 saciant,
1416 2587 1466 2620 ut
1479 2595 1555 2634 pro
1575 2581 1711 2620 maxi-

975 2639 1051 2678 mis
1084 2639 1200 2678 Gallo
1229 2639 1329 2689 sint,
1366 2638 1408 2679 h.
1441 2653 1530 2678 eam
1552 2646 1593 2679 et
1615 2653 1710 2692 gra-

976 2698 1078 2736 tiam
1124 2703 1165 2736 et
1218 2696 1455 2749 dignitatem
1507 2697 1708 2748 habeant,

978 2769 1100 2808 quam
1136 2755 1315 2794 carmina
1352 2755 1492 2808 gravia
1510 2786 1522 2806 ,
1578 2756 1709 2806 Gallo,

978 2813 1091 2852 cuius
1108 2812 1235 2851 indies
1246 2813 1398 2853 maiore
1415 2827 1551 2853 amore
1567 2820 1710 2853 tenea-

977 2877 1059 2910 tur.
1119 2872 1309 2922 fiscella,
1327 2871 1511 2911 calathus
1527 2872 1572 2911 in
1589 2885 1710 2911 usum

979 2928 1147 2980 cogendi
1172 2929 1299 2969 lactis.
1339 2931 1388 2969 cf.
1415 2930 1561 2969 Tibull.
1591 2930 1641 2980 Π,
1667 2932 1709 2979 3,

981 2987 1045 3029 15.
1095 2987 1151 3025 De
1170 2987 1320 3027 hibisco
1342 2987 1424 3028 vid.
1451 3002 1539 3042 sup.
1559 2987 1611 3038 Π,
1640 2990 1708 3030 30.
