1768 3320
415 593 472 644 P.
525 594 817 648 VIRGIL
831 594 890 645 11
942 591 1317 645 MARONIS

101 710 170 783 G
271 710 333 783 E
433 706 509 781 O
615 713 681 784 R
786 711 854 783 G
958 711 989 780 Ι
1092 708 1153 780 C
1261 706 1337 781 Ο
1444 709 1634 799 Ν*)

524 848 1210 907 LIBERPRIMUS

226 988 363 1041 ‘AD
411 986 468 1042 C.
517 987 869 1042 CILNIUM
910 986 1481 1041 MAECENATEM

586 1255 1132 1296 ARGUMENTUM

118 1334 372 1414 Georgica,
402 1373 475 1400 seu
493 1360 544 1400 de
559 1376 600 1400 re
618 1363 770 1400 rustica
789 1366 1018 1414 praecepta,
1049 1360 1287 1411 arationem,
1319 1360 1536 1410 arborum,
1566 1360 1635 1399 iu·

102 1430 244 1485 primis
263 1431 413 1472 vitium
440 1438 482 1471 et
504 1431 706 1481 olearum,
750 1430 975 1481 culturam,
1011 1432 1238 1484 pastionem
1257 1436 1299 1468 et
1314 1429 1581 1479 mellifidum,
1612 1442 1635 1467 e

102 1491 382 1530 Romanorum
410 1490 579 1529 notione
607 1489 948 1542 complectuntur.
1017 1489 1213 1528 Ordinem
1235 1488 1503 1527 dicendorum
1521 1487 1636 1526 ducit

102 1549 333 1599 Ropositio
353 1554 395 1586 et
414 1556 701 1600 argumentum
720 1548 865 1600 operis
876 1561 917 1587 v.
938 1550 959 1589 1
972 1548 1080 1590 —5.
1139 1546 1238 1586 Inde
1265 1549 1344 1586 lm
1345 1548 1476 1584 ocatio
1497 1545 1634 1584 numi-

103 1619 204 1646 num
227 1607 445 1658 agrestium
464 1619 556 1645 cum
574 1606 662 1660 ipso
690 1606 859 1644 Caesare
883 1604 1214 1658 Augusto—42.
1281 1605 1401 1644 Nunc
1430 1603 1481 1642 de
1493 1605 1634 1656 prima

104 1663 238 1718 operis
257 1664 404 1703 rustici
423 1671 561 1717 parte,
592 1677 695 1716 quae
720 1670 782 1702 est
802 1664 851 1703 de
871 1666 1093 1703 spatione.-
1134 1663 1267 1717 primo
1288 1663 1451 1715 quidem
1471 1662 1635 1715 quando

103 1722 175 1762 illa
198 1721 428 1775 incipienda
457 1723 511 1761 sit
524 1745 584 1752 —
605 1722 674 1764 49.
706 1721 816 1761 Ante
849 1722 982 1761 omnia
1008 1722 1116 1760 caeli
1140 1721 1293 1775 solique
1308 1730 1458 1759 natura
1478 1727 1539 1759 est
1559 1734 1635 1759 ex-

102 1780 304 1835 ploranda
320 1802 381 1811 ——
401 1783 478 1831 63,
509 1780 620 1822 unde
637 1781 748 1832 leges
772 1781 955 1819 culturae
982 1780 1165 1819 diversae
1196 1779 1535 1832 proficiscuntur,
1567 1779 1634 1817 in-

102 1838 246 1893 primis
271 1840 468 1877 aratiom's
485 1861 545 1869 —
565 1841 642 1888 99,
665 1844 707 1877 et
732 1841 902 1877 sationis
930 1861 981 1868 —
1022 1841 1118 1880 121.
1177 1838 1279 1877 Cum
1306 1839 1348 1877 in
1379 1837 1443 1876 his
1457 1837 1635 1877 multum

103 1897 253 1936 laboris
280 1903 323 1937 et
350 1910 565 1936 aerumnae
592 1896 853 1936 tolerandum
881 1897 953 1947 sit,
993 1896 1221 1949 digrediw
1239 1896 1292 1934 ad
1319 1910 1487 1935 caussas
1512 1894 1635 1934 huius

102 1956 164 1995 rei
190 1955 391 2009 mythic-as
420 1955 518 1994 inde
544 1970 568 1993 a
592 1956 763 1995 Saturni
794 1961 998 1994 aetate—
1017 1956 1112 1998 159.
1171 1955 1272 1994 Inde
1299 1954 1350 1993 de
1375 1956 1634 1993 insu-umento

103 2015 250 2053 rustico
267 2035 328 2044 --
346 2014 449 2065 1753
478 2020 569 2053 tum
588 2013 637 2052 de
655 2014 751 2052 alii-³
769 2014 829 2052 ad
844 2028 946 2065 opu-s
965 2013 1416 2065 rusticumfaciendum
1430 2012 1633 2062 curandis,

104 2072 149 2111 in
175 2070 241 2111 his
275 2071 325 2110 de
356 2085 451 2111 area
478 2072 532 2110 ad
569 2072 742 2111 terenda
775 2086 900 2124 grana
923 2071 1109 2124 paranda
1125 2093 1186 2101 —
1207 2074 1303 2113 186.
1362 2070 1562 2110 Iudicium
1584 2069 1634 2108 de

103 2132 246 2170 futuro
275 2130 371 2169 anni
396 2137 606 2183 proventu
631 2130 742 2169 unde
761 2130 894 2168 facere
911 2130 1031 2168 liceat
1051 2151 1111 2159 —
1132 2132 1235 2179 192,
1268 2130 1318 2168 de
1335 2129 1483 2168 semine
1502 2128 1635 2167 medi-

105 2188 237 2228 cando
256 2209 317 2218 —-
337 2190 442 2238 196,
494 2188 545 2227 de
578 2188 775 2227 seminum
814 2188 965 2227 dilectu
1003 2187 1187 2226 faciendo
1202 2209 1261 2218 --
1276 2190 1374 2231 203.
1443 2186 1635 2238 Sequitur

105 2247 218 2286 locus
237 2245 287 2284 de.
306 2246 549 2297 tempor-thus
573 2261 739 2298 operum
759 2249 996 2285 ηωιὶοονιιιη
1016 2245 1163 2284 diserte
1183 2252 1398 2284 tractatus.
1458 2246 1634 2298 Tempus

105 2304 272 2343 sationis
289 2325 349 2335 -
371 2306 469 2346 230.
528 2306 742 2357 Digressio
769 2305 820 2343 de
845 2304 939 2343 solis
966 2317 1091 2343 cursu
1116 2318 1253 2343 annuo
1282 2311 1323 2342 et
1341 2310 1519 2356 quatuor
1538 2303 1633 2341 anni

105 2362 415 2415 tempestatibus
430 2385 491 2392 —-
506 2362 606 2405 256.
665 2362 781 2411 Quae
801 2361 983 2402 curanda
1001 2363 1093 2401 sint
1100 2369 1284 2415 tempore
1302 2362 1443 2416 pluvio
1461 2364 1634 2411 -2673

106 2421 249 2460 diebus
274 2421 388 2459 festis
410 2442 470 2452 —-
483 2421 582 2464 275.
649 2421 814 2460 Dierum
855 2420 1081 2471 lunarium,
1128 2421 1198 2472 qui
1224 2421 1346 2460 fausti
1373 2420 1440 2460 vel
1468 2419 1635 2459 infausti

105 2479 210 2529 sint,
243 2478 472 2518 observatio
490 2501 549 2509 -
564 2481 673 2530 2863
702 2479 900 2518 nonnulla
920 2485 1048 2518 noctu
1070 2479 1212 2518 melius
1232 2479 1635 2526 tractanda—29&

107 2537 185 2576 alia
198 2551 272 2590 per
291 2537 467 2576 calorem
498 2537 600 2576 aeris
619 2560 678 2567 —
696 2540 802 2589 2993
842 2537 920 2576 alia
947 2536 1081 2575 hieme
1103 2559 1164 2567 —
1181 2540 1278 2579 310.
1337 2538 1461 2585 Parat
1482 2537 1540 2575 sic
1561 2534 1635 2573 sibi

107 2595 217 2635 viam
248 2595 303 2634 ad
323 2595 424 2634 duas
441 2598 544 2634 anni
562 2604 817 2648 tempestates
834 2596 995 2649 poetica
1024 2601 1111 2635 arte
1131 2595 1434 2645 describendas,
1466 2595 1634 2633 alteram

154 2708 185 2752 Ἴ
212 2710 430 2756 Georgicon.
469 2708 540 2743 Alii
560 2710 842 2756 Georgicorum:
895 2709 1036 2754 Meuag.
1073 2709 1203 2743 Οιίἀίο
1232 2709 1404 2750 Nasoni,
1442 2708 1478 2741 in
1510 2705 1635 2753 priscis

108 2755 366 2791 sedarat-cain
382 2756 439 2789 his
457 2756 567 2790 titulis
583 2764 743 2801 regnant.
768 2756 840 2792 vid.
897 2756 979 2790 edd.
998 2755 1203 2790 Modestiae
1230 2756 1340 2789 tribui
1364 2756 1501 2789 notavit
1520 2757 1635 2787 Burm.

108 2801 318 2836 Heins.1n
343 2803 459 2837 multis
479 2803 585 2837 codd.
603 2811 639 2836 et
661 2803 742 2837 edd.
770 2810 839 2837 ant.
895 2803 1001 2849 Apud
1039 2803 1182 2838 Suidam
1230 2815 1356 2848 graeca
1399 2799 1635 2846 metaphrasis

109 2848 376 2893 praemittuntur
398 2863 465 2896 pro
489 2849 575 2884 libri
600 2850 706 2896 primi
732 2863 840 2895 argu—
897 2850 1153 2908 Georgicorum
1203 2857 1416 2884 memoratur
1462 2848 1634 2882 Arriani:

109 2903 226 2929 mento
258 2902 410 2940 quatuor
443 2909 586 2939 versus,
628 2909 715 2943 quos
746 2897 842 2930 inter
897 2894 1108 2942 Ἅῤῥιανὸς,
1152 2893 1358 2939 ἐποποιὸς,
1399 2892 1636 2939 μετάφρασιν

108 2946 324 2987 Argumenta
361 2943 498 2977 videbis
533 2945 605 2977 No.
633 2945 706 2979 XV
746 2945 843 2987 Quid
897 2944 977 2978 τῶν
993 2944 1216 2988 Γεωργικῶν
1233 2944 1303 2978 τοῦ
1323 2923 1538 2987 B'eoytkh'ov
1558 2936 1635 2973 ἐπι-

102 2988 230 3036 saciat
252 2989 373 3023 laetas
397 3002 427 3024 s.
473 2992 544 3024 Eos
560 2990 598 3024 in
617 2991 786 3025 Rottend.
808 2998 844 3024 et
896 2991 976 3032 πῶς
995 2989 1173 3036 ποιήσας.
