<?xml version="1.0" encoding="UTF-8"?>
<!DOCTYPE html PUBLIC "-//W3C//DTD XHTML 1.0 Transitional//EN"
    "http://www.w3.org/TR/xhtml1/DTD/xhtml1-transitional.dtd">
<html xmlns="http://www.w3.org/1999/xhtml" xml:lang="en" lang="en">
 <head>
  <title>
</title>
<meta http-equiv="Content-Type" content="text/html;charset=utf-8" />
  <meta name='ocr-system' content='tesseract 3.04.00' />
  <meta name='ocr-capabilities' content='ocr_page ocr_carea ocr_par ocr_line ocrx_word'/>
</head>
<body>
  <div class='ocr_page' id='page_1' title='image "./publiusvirgilius01virguoft_0376.png"; bbox 0 0 1768 3320; ppageno 0'>
   <div class='ocr_carea' id='block_1_1' title="bbox 223 262 327 312">
    <p class='ocr_par' dir='ltr' id='par_1_1' title="bbox 223 262 327 312">
     <span class='ocr_line' id='line_1_1' title="bbox 223 262 327 312; baseline -0.019 0"><span class='ocrx_word' id='word_1_1' title='bbox 223 262 327 312; x_wconf 73' lang='lat'>208</span> 
     </span>
    </p>
   </div>
   <div class='ocr_carea' id='block_1_2' title="bbox 563 253 1442 308">
    <p class='ocr_par' dir='ltr' id='par_1_2' title="bbox 563 253 1442 308">
     <span class='ocr_line' id='line_1_2' title="bbox 563 253 1442 308; baseline -0.002 -2"><span class='ocrx_word' id='word_1_2' title='bbox 563 258 617 308; x_wconf 89' lang='grc' dir='ltr'>Ρ.</span> <span class='ocrx_word' id='word_1_3' title='bbox 654 256 1000 308; x_wconf 87' lang='lat' dir='ltr'><strong>VIRGILII</strong></span> <span class='ocrx_word' id='word_1_4' title='bbox 1034 253 1401 305; x_wconf 89' lang='lat' dir='ltr'><strong>MARONIS</strong></span> <span class='ocrx_word' id='word_1_5' title='bbox 1439 270 1442 273; x_wconf 90' lang='lat'>·</span> 
     </span>
    </p>
   </div>
   <div class='ocr_carea' id='block_1_3' title="bbox 223 379 1748 522">
    <p class='ocr_par' dir='ltr' id='par_1_3' title="bbox 223 379 1748 522">
     <span class='ocr_line' id='line_1_3' title="bbox 223 379 1572 452; baseline -0.003 -16"><span class='ocrx_word' id='word_1_6' title='bbox 223 389 439 452; x_wconf 83' lang='lat' dir='ltr'>Mopse,</span> <span class='ocrx_word' id='word_1_7' title='bbox 476 399 641 432; x_wconf 86' lang='lat' dir='ltr'>novas</span> <span class='ocrx_word' id='word_1_8' title='bbox 663 381 839 432; x_wconf 88' lang='lat' dir='ltr'>incide</span> <span class='ocrx_word' id='word_1_9' title='bbox 858 379 1023 431; x_wconf 82' lang='lat' dir='ltr'>faces:</span> <span class='ocrx_word' id='word_1_10' title='bbox 1059 380 1156 429; x_wconf 80' lang='lat' dir='ltr'>tibi</span> <span class='ocrx_word' id='word_1_11' title='bbox 1191 379 1406 431; x_wconf 85' lang='lat' dir='ltr'>ducitur</span> <span class='ocrx_word' id='word_1_12' title='bbox 1425 397 1572 433; x_wconf 88' lang='lat' dir='ltr'>uxor.</span> 
     </span>
     <span class='ocr_line' id='line_1_4' title="bbox 227 449 1748 522; baseline -0.003 -17"><span class='ocrx_word' id='word_1_13' title='bbox 227 457 453 522; x_wconf 83' lang='lat' dir='ltr'>Sparge,</span> <span class='ocrx_word' id='word_1_14' title='bbox 489 453 705 517; x_wconf 85' lang='lat' dir='ltr'>marite,</span> <span class='ocrx_word' id='word_1_15' title='bbox 743 468 931 503; x_wconf 84' lang='lat' dir='ltr'>nuces:</span> <span class='ocrx_word' id='word_1_16' title='bbox 976 449 1074 499; x_wconf 83' lang='lat' dir='ltr'>tibi</span> <span class='ocrx_word' id='word_1_17' title='bbox 1106 449 1305 501; x_wconf 84' lang='lat' dir='ltr'>deserit</span> <span class='ocrx_word' id='word_1_18' title='bbox 1332 454 1606 518; x_wconf 83' lang='lat' dir='ltr'><strong>Hesperus</strong></span> <span class='ocrx_word' id='word_1_19' title='bbox 1637 452 1748 503; x_wconf 90' lang='lat' dir='ltr'>Oe-</span> 
     </span>
    </p>
   </div>
   <div class='ocr_carea' id='block_1_4' title="bbox 1015 527 1749 574">
    <p class='ocr_par' dir='ltr' id='par_1_4' title="bbox 1015 527 1749 574">
     <span class='ocr_line' id='line_1_5' title="bbox 1015 527 1749 574; baseline 0.008 -6"><span class='ocrx_word' id='word_1_20' title='bbox 1015 528 1139 572; x_wconf 85' lang='lat' dir='ltr'>tam.</span> <span class='ocrx_word' id='word_1_21' title='bbox 1681 527 1749 574; x_wconf 85' lang='lat'>30</span> 
     </span>
    </p>
   </div>
   <div class='ocr_carea' id='block_1_5' title="bbox 224 587 1561 661">
    <p class='ocr_par' dir='ltr' id='par_1_5' title="bbox 224 587 1561 661">
     <span class='ocr_line' id='line_1_6' title="bbox 224 587 1561 661; baseline -0.002 -16"><span class='ocrx_word' id='word_1_22' title='bbox 224 594 410 661; x_wconf 81' lang='lat' dir='ltr'>Incipe</span> <span class='ocrx_word' id='word_1_23' title='bbox 431 587 721 649; x_wconf 74' lang='lat' dir='ltr'>Maenalios</span> <span class='ocrx_word' id='word_1_24' title='bbox 749 606 991 655; x_wconf 86' lang='lat' dir='ltr'>mecum,</span> <span class='ocrx_word' id='word_1_25' title='bbox 1027 607 1152 641; x_wconf 88' lang='lat' dir='ltr'>mea</span> <span class='ocrx_word' id='word_1_26' title='bbox 1172 589 1326 656; x_wconf 82' lang='lat' dir='ltr'>tibia,</span> <span class='ocrx_word' id='word_1_27' title='bbox 1362 607 1561 643; x_wconf 80' lang='lat' dir='ltr'>versus,</span> 
     </span>
    </p>
   </div>
   <div class='ocr_carea' id='block_1_6' title="bbox 226 741 1749 789">
    <p class='ocr_par' dir='ltr' id='par_1_6' title="bbox 226 741 1749 789">
     <span class='ocr_line' id='line_1_7' title="bbox 226 741 1749 789; baseline -0.003 -9"><span class='ocrx_word' id='word_1_28' title='bbox 226 758 303 780; x_wconf 88' lang='lat' dir='ltr'>cum</span> <span class='ocrx_word' id='word_1_29' title='bbox 324 743 515 789; x_wconf 80' lang='lat' dir='ltr'><strong>adscripsit</strong></span> <span class='ocrx_word' id='word_1_30' title='bbox 531 742 699 783; x_wconf 86' lang='lat' dir='ltr'>Vossius;</span> <span class='ocrx_word' id='word_1_31' title='bbox 725 753 930 788; x_wconf 89' lang='lat' dir='ltr'>quamquam</span> <span class='ocrx_word' id='word_1_32' title='bbox 950 741 1020 775; x_wconf 90' lang='lat' dir='ltr'>hoc</span> <span class='ocrx_word' id='word_1_33' title='bbox 1040 741 1148 776; x_wconf 88' lang='lat' dir='ltr'>etiam</span> <span class='ocrx_word' id='word_1_34' title='bbox 1172 755 1214 776; x_wconf 84' lang='lat' dir='ltr'>ex</span> <span class='ocrx_word' id='word_1_35' title='bbox 1233 743 1298 777; x_wconf 92' lang='lat' dir='ltr'>Ge.</span> <span class='ocrx_word' id='word_1_36' title='bbox 1307 744 1366 786; x_wconf 86' lang='lat'>111,</span> <span class='ocrx_word' id='word_1_37' title='bbox 1386 741 1606 779; x_wconf 52' lang='lat' dir='ltr'>539aafferri</span> <span class='ocrx_word' id='word_1_38' title='bbox 1622 742 1749 788; x_wconf 83' lang='lat' dir='ltr'>potuit.</span> 
     </span>
    </p>
   </div>
   <div class='ocr_carea' id='block_1_7' title="bbox 232 791 709 837">
    <p class='ocr_par' dir='ltr' id='par_1_7' title="bbox 232 791 709 837">
     <span class='ocr_line' id='line_1_8' title="bbox 232 791 709 837; baseline -0.01 -10"><span class='ocrx_word' id='word_1_39' title='bbox 232 793 329 837; x_wconf 81' lang='lat' dir='ltr'>Wr.)</span> <span class='ocrx_word' id='word_1_40' title='bbox 367 793 491 825; x_wconf 80' lang='lat' dir='ltr'><em>timide</em></span> <span class='ocrx_word' id='word_1_41' title='bbox 509 791 618 824; x_wconf 81' lang='lat' dir='ltr'>Goth.</span> <span class='ocrx_word' id='word_1_42' title='bbox 640 802 709 823; x_wconf 91' lang='lat' dir='ltr'>sec.</span> 
     </span>
    </p>
   </div>
   <div class='ocr_carea' id='block_1_8' title="bbox 803 788 1751 835">
    <p class='ocr_par' dir='ltr' id='par_1_8' title="bbox 803 788 1751 835">
     <span class='ocr_line' id='line_1_9' title="bbox 803 788 1751 835; baseline -0.001 -11"><span class='ocrx_word' id='word_1_43' title='bbox 803 790 850 824; x_wconf 79' lang='grc'>29</span> <span class='ocrx_word' id='word_1_44' title='bbox 876 788 942 823; x_wconf 89' lang='lat' dir='ltr'>Vir</span> <span class='ocrx_word' id='word_1_45' title='bbox 966 789 1091 823; x_wconf 87' lang='lat' dir='ltr'>doctus</span> <span class='ocrx_word' id='word_1_46' title='bbox 1115 801 1172 835; x_wconf 90' lang='lat' dir='ltr'>ap.</span> <span class='ocrx_word' id='word_1_47' title='bbox 1201 791 1316 824; x_wconf 88' lang='lat' dir='ltr'>Burm.</span> <span class='ocrx_word' id='word_1_48' title='bbox 1340 789 1563 824; x_wconf 83' lang='lat' dir='ltr'>coniecerat:</span> <span class='ocrx_word' id='word_1_49' title='bbox 1596 791 1751 825; x_wconf 84' lang='lat' dir='ltr'><strong><em>incende</em></strong></span> 
     </span>
    </p>
   </div>
   <div class='ocr_carea' id='block_1_9' title="bbox 218 835 1750 929">
    <p class='ocr_par' dir='ltr' id='par_1_9' title="bbox 218 835 1750 929">
     <span class='ocr_line' id='line_1_10' title="bbox 218 835 1750 887; baseline -0.002 -13"><span class='ocrx_word' id='word_1_50' title='bbox 218 839 339 887; x_wconf 78' lang='lat' dir='ltr'>faces,</span> <span class='ocrx_word' id='word_1_51' title='bbox 361 839 409 872; x_wconf 89' lang='lat' dir='ltr'>uti</span> <span class='ocrx_word' id='word_1_52' title='bbox 428 845 464 871; x_wconf 91' lang='lat' dir='ltr'>et</span> <span class='ocrx_word' id='word_1_53' title='bbox 490 838 527 871; x_wconf 89' lang='lat' dir='ltr'>in</span> <span class='ocrx_word' id='word_1_54' title='bbox 545 837 622 870; x_wconf 92' lang='lat' dir='ltr'>cod.</span> <span class='ocrx_word' id='word_1_55' title='bbox 639 835 845 870; x_wconf 87' lang='lat' dir='ltr'>Divionensi</span> <span class='ocrx_word' id='word_1_56' title='bbox 865 843 957 876; x_wconf 84' lang='lat' dir='ltr'>erat;</span> <span class='ocrx_word' id='word_1_57' title='bbox 991 836 1093 882; x_wconf 88' lang='lat' dir='ltr'>quia,</span> <span class='ocrx_word' id='word_1_58' title='bbox 1117 848 1249 882; x_wconf 89' lang='lat' dir='ltr'>sponsa</span> <span class='ocrx_word' id='word_1_59' title='bbox 1268 837 1439 879; x_wconf 89' lang='lat' dir='ltr'>deducta,</span> <span class='ocrx_word' id='word_1_60' title='bbox 1462 837 1662 871; x_wconf 85' lang='lat' dir='ltr'><strong>incenditur</strong></span> <span class='ocrx_word' id='word_1_61' title='bbox 1680 837 1750 879; x_wconf 83' lang='lat' dir='ltr'>fax,</span> 
     </span>
     <span class='ocr_line' id='line_1_11' title="bbox 226 882 1750 929; baseline -0.002 -8"><span class='ocrx_word' id='word_1_62' title='bbox 226 899 299 921; x_wconf 92' lang='lat' dir='ltr'>non</span> <span class='ocrx_word' id='word_1_63' title='bbox 325 886 503 920; x_wconf 90' lang='lat' dir='ltr'>inciditur.</span> <span class='ocrx_word' id='word_1_64' title='bbox 541 884 623 929; x_wconf 87' lang='lat' dir='ltr'>(vid.</span> <span class='ocrx_word' id='word_1_65' title='bbox 649 882 799 917; x_wconf 88' lang='lat' dir='ltr'>Miscell.</span> <span class='ocrx_word' id='word_1_66' title='bbox 828 883 973 916; x_wconf 87' lang='lat' dir='ltr'>Observ.</span> <span class='ocrx_word' id='word_1_67' title='bbox 1004 883 1089 917; x_wconf 81' lang='lat' dir='ltr'>crit.</span> <span class='ocrx_word' id='word_1_68' title='bbox 1114 885 1207 918; x_wconf 87' lang='lat' dir='ltr'>Nov.</span> <span class='ocrx_word' id='word_1_69' title='bbox 1236 886 1339 918; x_wconf 88' lang='lat' dir='ltr'>Tom.</span> <span class='ocrx_word' id='word_1_70' title='bbox 1363 885 1445 918; x_wconf 87' lang='lat' dir='ltr'>XII.</span> <span class='ocrx_word' id='word_1_71' title='bbox 1474 897 1510 929; x_wconf 91' lang='lat' dir='ltr'>p.</span> <span class='ocrx_word' id='word_1_72' title='bbox 1530 883 1613 920; x_wconf 87' lang='lat'>454.</span> <span class='ocrx_word' id='word_1_73' title='bbox 1653 883 1750 929; x_wconf 85' lang='lat' dir='ltr'>Wr.)</span> 
     </span>
    </p>
   </div>
   <div class='ocr_carea' id='block_1_10' title="bbox 225 929 1081 977">
    <p class='ocr_par' dir='ltr' id='par_1_10' title="bbox 225 929 1081 977">
     <span class='ocr_line' id='line_1_12' title="bbox 225 929 1081 977; baseline -0.002 -10"><span class='ocrx_word' id='word_1_74' title='bbox 225 933 341 969; x_wconf 88' lang='lat' dir='ltr'>Nimis</span> <span class='ocrx_word' id='word_1_75' title='bbox 365 932 507 977; x_wconf 85' lang='lat' dir='ltr'>argute!</span> <span class='ocrx_word' id='word_1_76' title='bbox 546 931 616 964; x_wconf 89' lang='lat' dir='ltr'>Sed</span> <span class='ocrx_word' id='word_1_77' title='bbox 634 937 751 964; x_wconf 86' lang='lat' dir='ltr'>tuetur</span> <span class='ocrx_word' id='word_1_78' title='bbox 767 929 946 975; x_wconf 86' lang='lat' dir='ltr'>vulgarem</span> <span class='ocrx_word' id='word_1_79' title='bbox 965 931 1081 965; x_wconf 90' lang='lat' dir='ltr'>Burm.</span> 
     </span>
    </p>
   </div>
   <div class='ocr_carea' id='block_1_11' title="bbox 1176 931 1749 968">
    <p class='ocr_par' dir='ltr' id='par_1_11' title="bbox 1176 931 1749 968">
     <span class='ocr_line' id='line_1_13' title="bbox 1176 931 1749 968; baseline 0 0"><span class='ocrx_word' id='word_1_80' title='bbox 1176 932 1224 968; x_wconf 90' lang='lat'>30</span> <span class='ocrx_word' id='word_1_81' title='bbox 1255 932 1330 966; x_wconf 89' lang='lat' dir='ltr'>iam</span> <span class='ocrx_word' id='word_1_82' title='bbox 1360 931 1499 966; x_wconf 76' lang='lat' dir='ltr'>deserit</span> <span class='ocrx_word' id='word_1_83' title='bbox 1518 933 1609 968; x_wconf 88' lang='lat' dir='ltr'>Ven.</span> <span class='ocrx_word' id='word_1_84' title='bbox 1703 933 1749 968; x_wconf 86' lang='lat'>31</span> 
     </span>
    </p>
   </div>
   <div class='ocr_carea' id='block_1_12' title="bbox 227 977 1034 1025">
    <p class='ocr_par' dir='ltr' id='par_1_12' title="bbox 227 977 1034 1025">
     <span class='ocr_line' id='line_1_14' title="bbox 227 977 1034 1025; baseline -0.004 -10"><span class='ocrx_word' id='word_1_85' title='bbox 227 980 333 1015; x_wconf 79' lang='lat' dir='ltr'>tibia:</span> <span class='ocrx_word' id='word_1_86' title='bbox 357 980 402 1014; x_wconf 90' lang='lat' dir='ltr'>de</span> <span class='ocrx_word' id='word_1_87' title='bbox 419 985 564 1025; x_wconf 85' lang='lat' dir='ltr'><strong>pastore</strong></span> <span class='ocrx_word' id='word_1_88' title='bbox 583 977 850 1023; x_wconf 84' lang='lat' dir='ltr'>expectabamus</span> <span class='ocrx_word' id='word_1_89' title='bbox 871 977 1034 1012; x_wconf 85' lang='lat' dir='ltr'>fistulam.</span> 
     </span>
    </p>
   </div>
   <div class='ocr_carea' id='block_1_13' title="bbox 225 1119 964 3022">
    <p class='ocr_par' dir='ltr' id='par_1_13' title="bbox 225 1119 964 3022">
     <span class='ocr_line' id='line_1_15' title="bbox 284 1119 958 1173; baseline 0 -14"><span class='ocrx_word' id='word_1_90' title='bbox 284 1123 353 1162; x_wconf 80' lang='grc'>29.</span> <span class='ocrx_word' id='word_1_91' title='bbox 382 1134 509 1159; x_wconf 73' lang='lat' dir='ltr'>novas</span> <span class='ocrx_word' id='word_1_92' title='bbox 536 1120 666 1158; x_wconf 78' lang='lat' dir='ltr'>incide</span> <span class='ocrx_word' id='word_1_93' title='bbox 677 1119 822 1173; x_wconf 80' lang='lat' dir='ltr'>faces,</span> <span class='ocrx_word' id='word_1_94' title='bbox 853 1119 958 1159; x_wconf 87' lang='lat' dir='ltr'>inci-</span> 
     </span>
     <span class='ocr_line' id='line_1_16' title="bbox 227 1178 958 1230; baseline -0.001 -13"><span class='ocrx_word' id='word_1_95' title='bbox 227 1179 278 1217; x_wconf 85' lang='lat' dir='ltr'>sis</span> <span class='ocrx_word' id='word_1_96' title='bbox 296 1178 409 1230; x_wconf 87' lang='lat' dir='ltr'>lignis</span> <span class='ocrx_word' id='word_1_97' title='bbox 426 1192 526 1230; x_wconf 89' lang='lat' dir='ltr'>para</span> <span class='ocrx_word' id='word_1_98' title='bbox 544 1178 704 1228; x_wconf 89' lang='lat' dir='ltr'>taedas,</span> <span class='ocrx_word' id='word_1_99' title='bbox 736 1178 789 1216; x_wconf 90' lang='lat' dir='ltr'>ad</span> <span class='ocrx_word' id='word_1_100' title='bbox 807 1192 958 1218; x_wconf 85' lang='lat' dir='ltr'>novam</span> 
     </span>
     <span class='ocr_line' id='line_1_17' title="bbox 226 1236 960 1289; baseline -0.001 -13"><span class='ocrx_word' id='word_1_101' title='bbox 226 1243 397 1289; x_wconf 85' lang='lat' dir='ltr'>nuptam</span> <span class='ocrx_word' id='word_1_102' title='bbox 411 1236 575 1275; x_wconf 90' lang='lat' dir='ltr'>domum</span> <span class='ocrx_word' id='word_1_103' title='bbox 593 1236 831 1275; x_wconf 86' lang='lat' dir='ltr'>ducendam.</span> <span class='ocrx_word' id='word_1_104' title='bbox 862 1237 960 1289; x_wconf 89' lang='lat' dir='ltr'>Epi—</span> 
     </span>
     <span class='ocr_line' id='line_1_18' title="bbox 225 1294 958 1347; baseline -0.001 -13"><span class='ocrx_word' id='word_1_105' title='bbox 225 1294 372 1334; x_wconf 80' lang='lat' dir='ltr'>theton</span> <span class='ocrx_word' id='word_1_106' title='bbox 403 1309 529 1334; x_wconf 72' lang='grc' dir='ltr'><em>ηοναε</em></span> <span class='ocrx_word' id='word_1_107' title='bbox 558 1301 679 1334; x_wconf 90' lang='lat' dir='ltr'>ornat</span> <span class='ocrx_word' id='word_1_108' title='bbox 714 1295 958 1347; x_wconf 88' lang='lat' dir='ltr'>simpliciter.</span> 
     </span>
     <span class='ocr_line' id='line_1_19' title="bbox 227 1353 960 1404; baseline -0.003 -11"><span class='ocrx_word' id='word_1_109' title='bbox 227 1355 294 1395; x_wconf 85' lang='lat'>30.</span> <span class='ocrx_word' id='word_1_110' title='bbox 327 1353 500 1404; x_wconf 75' lang='lat' dir='ltr'>Sparge,</span> <span class='ocrx_word' id='word_1_111' title='bbox 531 1355 688 1402; x_wconf 78' lang='lat' dir='ltr'>marite,</span> <span class='ocrx_word' id='word_1_112' title='bbox 722 1366 858 1402; x_wconf 71' lang='lat' dir='ltr'>nuceS,</span> <span class='ocrx_word' id='word_1_113' title='bbox 890 1353 960 1404; x_wconf 90' lang='lat' dir='ltr'>qui</span> 
     </span>
     <span class='ocr_line' id='line_1_20' title="bbox 227 1411 961 1464; baseline 0.001 -16"><span class='ocrx_word' id='word_1_114' title='bbox 227 1411 417 1462; x_wconf 88' lang='lat' dir='ltr'>antiquus</span> <span class='ocrx_word' id='word_1_115' title='bbox 444 1411 487 1449; x_wconf 89' lang='lat' dir='ltr'>in</span> <span class='ocrx_word' id='word_1_116' title='bbox 513 1411 665 1464; x_wconf 83' lang='lat' dir='ltr'>nuptiis</span> <span class='ocrx_word' id='word_1_117' title='bbox 682 1411 961 1449; x_wconf 86' lang='lat' dir='ltr'>Romanorum</span> 
     </span>
     <span class='ocr_line' id='line_1_21' title="bbox 225 1469 961 1522; baseline 0 -15"><span class='ocrx_word' id='word_1_118' title='bbox 225 1482 312 1507; x_wconf 90' lang='lat' dir='ltr'>mos</span> <span class='ocrx_word' id='word_1_119' title='bbox 346 1474 450 1507; x_wconf 86' lang='lat' dir='ltr'>erat:</span> <span class='ocrx_word' id='word_1_120' title='bbox 490 1482 662 1521; x_wconf 86' lang='lat' dir='ltr'>eumque</span> <span class='ocrx_word' id='word_1_121' title='bbox 699 1469 799 1508; x_wconf 89' lang='lat' dir='ltr'>adeo</span> <span class='ocrx_word' id='word_1_122' title='bbox 838 1475 961 1522; x_wconf 87' lang='lat' dir='ltr'>poeta</span> 
     </span>
     <span class='ocr_line' id='line_1_22' title="bbox 227 1526 958 1580; baseline 0.003 -16"><span class='ocrx_word' id='word_1_123' title='bbox 227 1526 281 1565; x_wconf 91' lang='lat' dir='ltr'>ad</span> <span class='ocrx_word' id='word_1_124' title='bbox 325 1533 537 1580; x_wconf 87' lang='lat' dir='ltr'>pastorum</span> <span class='ocrx_word' id='word_1_125' title='bbox 581 1528 709 1566; x_wconf 88' lang='lat' dir='ltr'>vita&#39;m</span> <span class='ocrx_word' id='word_1_126' title='bbox 757 1527 958 1566; x_wconf 76' lang='lat' dir='ltr'>traduxit.</span> 
     </span>
     <span class='ocr_line' id='line_1_23' title="bbox 227 1585 960 1638; baseline 0.003 -15"><span class='ocrx_word' id='word_1_127' title='bbox 227 1585 526 1638; x_wconf 84' lang='lat' dir='ltr'>Spargebantur</span> <span class='ocrx_word' id='word_1_128' title='bbox 554 1592 692 1624; x_wconf 89' lang='lat' dir='ltr'>autem</span> <span class='ocrx_word' id='word_1_129' title='bbox 719 1599 842 1624; x_wconf 87' lang='lat' dir='ltr'>nuces</span> <span class='ocrx_word' id='word_1_130' title='bbox 878 1599 960 1625; x_wconf 92' lang='lat' dir='ltr'>nu-</span> 
     </span>
     <span class='ocr_line' id='line_1_24' title="bbox 226 1643 960 1695; baseline 0 -13"><span class='ocrx_word' id='word_1_131' title='bbox 226 1649 298 1695; x_wconf 88' lang='lat' dir='ltr'>pta</span> <span class='ocrx_word' id='word_1_132' title='bbox 316 1643 396 1681; x_wconf 85' lang='lat' dir='ltr'>iam</span> <span class='ocrx_word' id='word_1_133' title='bbox 419 1644 462 1682; x_wconf 90' lang='lat' dir='ltr'>in</span> <span class='ocrx_word' id='word_1_134' title='bbox 483 1643 648 1683; x_wconf 89' lang='lat' dir='ltr'>domum</span> <span class='ocrx_word' id='word_1_135' title='bbox 668 1649 709 1682; x_wconf 87' lang='lat' dir='ltr'>et</span> <span class='ocrx_word' id='word_1_136' title='bbox 733 1643 960 1683; x_wconf 75' lang='lat' dir='ltr'>thalamum</span> 
     </span>
     <span class='ocr_line' id='line_1_25' title="bbox 229 1701 958 1753; baseline -0.001 -12"><span class='ocrx_word' id='word_1_137' title='bbox 229 1701 424 1751; x_wconf 87' lang='lat' dir='ltr'>deducta,</span> <span class='ocrx_word' id='word_1_138' title='bbox 451 1702 630 1753; x_wconf 84' lang='lat' dir='ltr'>adeoque</span> <span class='ocrx_word' id='word_1_139' title='bbox 651 1708 769 1741; x_wconf 88' lang='lat' dir='ltr'>nocte</span> <span class='ocrx_word' id='word_1_140' title='bbox 786 1702 868 1740; x_wconf 89' lang='lat' dir='ltr'>iam</span> <span class='ocrx_word' id='word_1_141' title='bbox 887 1716 958 1741; x_wconf 89' lang='lat' dir='ltr'>or-</span> 
     </span>
     <span class='ocr_line' id='line_1_26' title="bbox 227 1760 959 1812; baseline 0.001 -14"><span class='ocrx_word' id='word_1_142' title='bbox 227 1766 294 1798; x_wconf 87' lang='lat' dir='ltr'>ta:</span> <span class='ocrx_word' id='word_1_143' title='bbox 331 1773 451 1810; x_wconf 82' lang='lat' dir='ltr'>quam</span> <span class='ocrx_word' id='word_1_144' title='bbox 472 1760 606 1812; x_wconf 85' lang='lat' dir='ltr'>sponsi</span> <span class='ocrx_word' id='word_1_145' title='bbox 632 1761 676 1800; x_wconf 88' lang='lat' dir='ltr'>in</span> <span class='ocrx_word' id='word_1_146' title='bbox 701 1761 870 1812; x_wconf 85' lang='lat' dir='ltr'>gratiam</span> <span class='ocrx_word' id='word_1_147' title='bbox 890 1774 959 1799; x_wconf 76' lang='lat'><em>80--</em></span> 
     </span>
     <span class='ocr_line' id='line_1_27' title="bbox 229 1817 958 1869; baseline 0.001 -14"><span class='ocrx_word' id='word_1_148' title='bbox 229 1817 302 1856; x_wconf 85' lang='lat' dir='ltr'>lito</span> <span class='ocrx_word' id='word_1_149' title='bbox 321 1817 437 1856; x_wconf 85' lang='lat' dir='ltr'>eitius</span> <span class='ocrx_word' id='word_1_150' title='bbox 457 1817 553 1856; x_wconf 88' lang='lat' dir='ltr'>oriri</span> <span class='ocrx_word' id='word_1_151' title='bbox 570 1818 644 1869; x_wconf 79' lang='lat' dir='ltr'>ait3</span> <span class='ocrx_word' id='word_1_152' title='bbox 660 1818 740 1857; x_wconf 87' lang='lat' dir='ltr'>hoc</span> <span class='ocrx_word' id='word_1_153' title='bbox 756 1819 862 1858; x_wconf 82' lang='lat' dir='ltr'>enim</span> <span class='ocrx_word' id='word_1_154' title='bbox 879 1824 958 1857; x_wconf 88' lang='lat' dir='ltr'>est:</span> 
     </span>
     <span class='ocr_line' id='line_1_28' title="bbox 229 1875 959 1931; baseline 0 -17"><span class='ocrx_word' id='word_1_155' title='bbox 229 1875 303 1914; x_wconf 79' lang='lat' dir='ltr'>tibi</span> <span class='ocrx_word' id='word_1_156' title='bbox 312 1876 451 1913; x_wconf 67' lang='lat' dir='ltr'>deserit</span> <span class='ocrx_word' id='word_1_157' title='bbox 462 1878 670 1928; x_wconf 74' lang='lat' dir='ltr'>Hesperus</span> <span class='ocrx_word' id='word_1_158' title='bbox 688 1877 844 1916; x_wconf 83' lang='lat' dir='ltr'>Oetam.</span> <span class='ocrx_word' id='word_1_159' title='bbox 859 1875 959 1931; x_wconf 85' lang='lat' dir='ltr'>(Re-</span> 
     </span>
     <span class='ocr_line' id='line_1_29' title="bbox 230 1933 960 1986; baseline 0.003 -15"><span class='ocrx_word' id='word_1_160' title='bbox 230 1933 334 1972; x_wconf 90' lang='lat' dir='ltr'>ctius</span> <span class='ocrx_word' id='word_1_161' title='bbox 349 1933 429 1972; x_wconf 88' lang='lat' dir='ltr'>hoc</span> <span class='ocrx_word' id='word_1_162' title='bbox 447 1934 552 1972; x_wconf 83' lang='lat' dir='ltr'>infra</span> <span class='ocrx_word' id='word_1_163' title='bbox 575 1935 819 1986; x_wconf 81' lang='lat' dir='ltr'>explicatum</span> <span class='ocrx_word' id='word_1_164' title='bbox 840 1935 960 1975; x_wconf 86' lang='lat' dir='ltr'>vide-</span> 
     </span>
     <span class='ocr_line' id='line_1_30' title="bbox 227 1990 959 2046; baseline 0.003 -15"><span class='ocrx_word' id='word_1_165' title='bbox 227 1991 301 2031; x_wconf 88' lang='lat' dir='ltr'>bis.</span> <span class='ocrx_word' id='word_1_166' title='bbox 344 1990 454 2046; x_wconf 77' lang='lat' dir='ltr'>lVr.)</span> <span class='ocrx_word' id='word_1_167' title='bbox 516 1992 655 2044; x_wconf 91' lang='lat' dir='ltr'>Itaque</span> <span class='ocrx_word' id='word_1_168' title='bbox 679 1994 722 2032; x_wconf 87' lang='lat' dir='ltr'>in</span> <span class='ocrx_word' id='word_1_169' title='bbox 747 1993 855 2033; x_wconf 86' lang='lat' dir='ltr'>votis</span> <span class='ocrx_word' id='word_1_170' title='bbox 880 2008 959 2032; x_wconf 87' lang='lat' dir='ltr'>no-</span> 
     </span>
     <span class='ocr_line' id='line_1_31' title="bbox 228 2051 959 2103; baseline 0.003 -14"><span class='ocrx_word' id='word_1_171' title='bbox 228 2063 303 2089; x_wconf 84' lang='lat' dir='ltr'>vae</span> <span class='ocrx_word' id='word_1_172' title='bbox 337 2056 487 2102; x_wconf 88' lang='lat' dir='ltr'>nuptae</span> <span class='ocrx_word' id='word_1_173' title='bbox 514 2064 561 2088; x_wconf 88' lang='lat' dir='ltr'>ac</span> <span class='ocrx_word' id='word_1_174' title='bbox 596 2051 730 2103; x_wconf 88' lang='lat' dir='ltr'>sponsi</span> <span class='ocrx_word' id='word_1_175' title='bbox 763 2057 849 2090; x_wconf 87' lang='lat' dir='ltr'>tam</span> <span class='ocrx_word' id='word_1_176' title='bbox 874 2052 959 2091; x_wconf 82' lang='lat' dir='ltr'>sre-</span> 
     </span>
     <span class='ocr_line' id='line_1_32' title="bbox 230 2108 957 2161; baseline 0.006 -16"><span class='ocrx_word' id='word_1_177' title='bbox 230 2121 355 2159; x_wconf 90' lang='lat' dir='ltr'>quens</span> <span class='ocrx_word' id='word_1_178' title='bbox 390 2114 450 2146; x_wconf 86' lang='lat' dir='ltr'>est</span> <span class='ocrx_word' id='word_1_179' title='bbox 485 2108 653 2161; x_wconf 86' lang='lat' dir='ltr'>Hesperi</span> <span class='ocrx_word' id='word_1_180' title='bbox 687 2111 867 2149; x_wconf 88' lang='lat' dir='ltr'>mentio:</span> <span class='ocrx_word' id='word_1_181' title='bbox 910 2111 957 2149; x_wconf 88' lang='lat' dir='ltr'>cf.</span> 
     </span>
     <span class='ocr_line' id='line_1_33' title="bbox 231 2166 960 2219; baseline 0.003 -15"><span class='ocrx_word' id='word_1_182' title='bbox 231 2166 375 2204; x_wconf 81' lang='lat' dir='ltr'>catull.</span> <span class='ocrx_word' id='word_1_183' title='bbox 395 2166 478 2216; x_wconf 90' lang='lat' dir='ltr'>LX,</span> <span class='ocrx_word' id='word_1_184' title='bbox 506 2169 589 2208; x_wconf 79' lang='lat'>328</span> <span class='ocrx_word' id='word_1_185' title='bbox 609 2181 665 2219; x_wconf 90' lang='lat' dir='ltr'>sq.</span> <span class='ocrx_word' id='word_1_186' title='bbox 726 2168 798 2207; x_wconf 91' lang='lat' dir='ltr'>Est</span> <span class='ocrx_word' id='word_1_187' title='bbox 822 2174 960 2207; x_wconf 91' lang='lat' dir='ltr'>autem</span> 
     </span>
     <span class='ocr_line' id='line_1_34' title="bbox 228 2222 962 2279; baseline 0.004 -16"><span class='ocrx_word' id='word_1_188' title='bbox 228 2222 320 2274; x_wconf 85' lang='lat' dir='ltr'>hoc,</span> <span class='ocrx_word' id='word_1_189' title='bbox 341 2224 451 2276; x_wconf 86' lang='lat' dir='ltr'>quod.</span> <span class='ocrx_word' id='word_1_190' title='bbox 470 2225 518 2263; x_wconf 89' lang='lat' dir='ltr'>ab</span> <span class='ocrx_word' id='word_1_191' title='bbox 533 2225 634 2264; x_wconf 90' lang='lat' dir='ltr'>Oeta</span> <span class='ocrx_word' id='word_1_192' title='bbox 646 2226 850 2279; x_wconf 82' lang='lat' dir='ltr'>Hesperus</span> <span class='ocrx_word' id='word_1_193' title='bbox 863 2227 962 2266; x_wconf 89' lang='lat' dir='ltr'>oriri</span> 
     </span>
     <span class='ocr_line' id='line_1_35' title="bbox 231 2282 959 2338; baseline 0.004 -17"><span class='ocrx_word' id='word_1_194' title='bbox 231 2282 400 2332; x_wconf 88' lang='lat' dir='ltr'>dicitur,</span> <span class='ocrx_word' id='word_1_195' title='bbox 432 2283 480 2321; x_wconf 89' lang='lat' dir='ltr'>ab</span> <span class='ocrx_word' id='word_1_196' title='bbox 510 2283 642 2335; x_wconf 89' lang='lat' dir='ltr'>aliquo</span> <span class='ocrx_word' id='word_1_197' title='bbox 665 2291 785 2338; x_wconf 89' lang='lat' dir='ltr'>poeta</span> <span class='ocrx_word' id='word_1_198' title='bbox 805 2285 959 2324; x_wconf 88' lang='lat' dir='ltr'>Graeco</span> 
     </span>
     <span class='ocr_line' id='line_1_36' title="bbox 231 2340 962 2392; baseline 0.005 -14"><span class='ocrx_word' id='word_1_199' title='bbox 231 2340 413 2390; x_wconf 85' lang='lat' dir='ltr'>ductum,</span> <span class='ocrx_word' id='word_1_200' title='bbox 438 2340 506 2392; x_wconf 87' lang='lat' dir='ltr'>qui</span> <span class='ocrx_word' id='word_1_201' title='bbox 526 2348 597 2380; x_wconf 89' lang='lat' dir='ltr'>aut</span> <span class='ocrx_word' id='word_1_202' title='bbox 617 2342 659 2380; x_wconf 90' lang='lat' dir='ltr'>in</span> <span class='ocrx_word' id='word_1_203' title='bbox 685 2343 783 2382; x_wconf 88' lang='lat' dir='ltr'>locis</span> <span class='ocrx_word' id='word_1_204' title='bbox 802 2343 962 2382; x_wconf 89' lang='lat' dir='ltr'>Oetaeis</span> 
     </span>
     <span class='ocr_line' id='line_1_37' title="bbox 229 2399 962 2452; baseline 0.007 -17"><span class='ocrx_word' id='word_1_205' title='bbox 229 2399 435 2437; x_wconf 82' lang='lat' dir='ltr'>montibus</span> <span class='ocrx_word' id='word_1_206' title='bbox 481 2399 667 2438; x_wconf 89' lang='lat' dir='ltr'>subiectis</span> <span class='ocrx_word' id='word_1_207' title='bbox 708 2401 831 2452; x_wconf 80' lang='lat' dir='ltr'>vixit,</span> <span class='ocrx_word' id='word_1_208' title='bbox 890 2407 962 2440; x_wconf 92' lang='lat' dir='ltr'>aut</span> 
     </span>
     <span class='ocr_line' id='line_1_38' title="bbox 229 2456 963 2511; baseline 0.005 -17"><span class='ocrx_word' id='word_1_209' title='bbox 229 2469 316 2495; x_wconf 89' lang='lat' dir='ltr'>rem</span> <span class='ocrx_word' id='word_1_210' title='bbox 341 2456 384 2494; x_wconf 91' lang='lat' dir='ltr'>in</span> <span class='ocrx_word' id='word_1_211' title='bbox 407 2456 454 2495; x_wconf 88' lang='lat' dir='ltr'>iis</span> <span class='ocrx_word' id='word_1_212' title='bbox 474 2456 571 2496; x_wconf 89' lang='lat' dir='ltr'>locis</span> <span class='ocrx_word' id='word_1_213' title='bbox 593 2465 764 2511; x_wconf 85' lang='lat' dir='ltr'>gestam,</span> <span class='ocrx_word' id='word_1_214' title='bbox 797 2460 830 2498; x_wconf 88' lang='lat' dir='ltr'>si</span> <span class='ocrx_word' id='word_1_215' title='bbox 851 2466 963 2498; x_wconf 89' lang='lat' dir='ltr'>recte</span> 
     </span>
     <span class='ocr_line' id='line_1_39' title="bbox 231 2514 962 2564; baseline 0.005 -11"><span class='ocrx_word' id='word_1_216' title='bbox 231 2514 421 2564; x_wconf 87' lang='lat' dir='ltr'>coniicio,</span> <span class='ocrx_word' id='word_1_217' title='bbox 461 2515 565 2554; x_wconf 89' lang='lat' dir='ltr'>Pelei</span> <span class='ocrx_word' id='word_1_218' title='bbox 599 2523 640 2555; x_wconf 89' lang='lat' dir='ltr'>et</span> <span class='ocrx_word' id='word_1_219' title='bbox 666 2516 849 2556; x_wconf 86' lang='lat' dir='ltr'>Thetidis</span> <span class='ocrx_word' id='word_1_220' title='bbox 880 2532 962 2557; x_wconf 92' lang='lat' dir='ltr'>nu-</span> 
     </span>
     <span class='ocr_line' id='line_1_40' title="bbox 229 2573 962 2626; baseline 0.007 -16"><span class='ocrx_word' id='word_1_221' title='bbox 229 2573 351 2626; x_wconf 90' lang='lat' dir='ltr'>ptias,</span> <span class='ocrx_word' id='word_1_222' title='bbox 380 2574 583 2624; x_wconf 84' lang='lat' dir='ltr'>narravit3</span> <span class='ocrx_word' id='word_1_223' title='bbox 612 2575 706 2613; x_wconf 87' lang='lat' dir='ltr'>inde</span> <span class='ocrx_word' id='word_1_224' title='bbox 720 2574 800 2614; x_wconf 86' lang='lat' dir='ltr'>hoc</span> <span class='ocrx_word' id='word_1_225' title='bbox 816 2576 859 2615; x_wconf 90' lang='lat' dir='ltr'>in</span> <span class='ocrx_word' id='word_1_226' title='bbox 878 2577 962 2615; x_wconf 90' lang='lat' dir='ltr'>sol-</span> 
     </span>
     <span class='ocr_line' id='line_1_41' title="bbox 228 2630 962 2683; baseline 0.004 -13"><span class='ocrx_word' id='word_1_227' title='bbox 228 2630 389 2670; x_wconf 87' lang='lat' dir='ltr'>lennem</span> <span class='ocrx_word' id='word_1_228' title='bbox 414 2637 627 2683; x_wconf 88' lang='lat' dir='ltr'>poetarum</span> <span class='ocrx_word' id='word_1_229' title='bbox 656 2647 775 2671; x_wconf 88' lang='lat' dir='ltr'>usum</span> <span class='ocrx_word' id='word_1_230' title='bbox 797 2647 962 2673; x_wconf 88' lang='lat' dir='ltr'>versum</span> 
     </span>
     <span class='ocr_line' id='line_1_42' title="bbox 230 2689 960 2742; baseline 0.005 -15"><span class='ocrx_word' id='word_1_231' title='bbox 230 2695 311 2739; x_wconf 90' lang='lat' dir='ltr'>est,</span> <span class='ocrx_word' id='word_1_232' title='bbox 343 2694 384 2726; x_wconf 88' lang='lat' dir='ltr'>et</span> <span class='ocrx_word' id='word_1_233' title='bbox 412 2689 574 2740; x_wconf 83' lang='lat' dir='ltr'>quidem</span> <span class='ocrx_word' id='word_1_234' title='bbox 594 2692 819 2742; x_wconf 85' lang='lat' dir='ltr'>promiscue</span> <span class='ocrx_word' id='word_1_235' title='bbox 837 2692 960 2731; x_wconf 88' lang='lat' dir='ltr'>modo</span> 
     </span>
     <span class='ocr_line' id='line_1_43' title="bbox 229 2747 961 2789; baseline 0.004 -3"><span class='ocrx_word' id='word_1_236' title='bbox 229 2747 274 2787; x_wconf 90' lang='lat' dir='ltr'>in</span> <span class='ocrx_word' id='word_1_237' title='bbox 294 2752 391 2785; x_wconf 88' lang='lat' dir='ltr'>ortu</span> <span class='ocrx_word' id='word_1_238' title='bbox 417 2747 539 2786; x_wconf 86' lang='lat' dir='ltr'>modo</span> <span class='ocrx_word' id='word_1_239' title='bbox 556 2747 598 2785; x_wconf 92' lang='lat' dir='ltr'>in</span> <span class='ocrx_word' id='word_1_240' title='bbox 630 2762 774 2787; x_wconf 87' lang='lat' dir='ltr'>occasu</span> <span class='ocrx_word' id='word_1_241' title='bbox 796 2750 888 2789; x_wconf 90' lang='lat' dir='ltr'>solis</span> <span class='ocrx_word' id='word_1_242' title='bbox 915 2764 961 2789; x_wconf 85' lang='lat' dir='ltr'>ac</span> 
     </span>
     <span class='ocr_line' id='line_1_44' title="bbox 231 2804 963 2859; baseline 0.004 -15"><span class='ocrx_word' id='word_1_243' title='bbox 231 2804 329 2844; x_wconf 86' lang='lat' dir='ltr'>diei:</span> <span class='ocrx_word' id='word_1_244' title='bbox 354 2818 446 2843; x_wconf 91' lang='lat' dir='ltr'>cum</span> <span class='ocrx_word' id='word_1_245' title='bbox 463 2811 634 2856; x_wconf 85' lang='lat' dir='ltr'>uterque</span> <span class='ocrx_word' id='word_1_246' title='bbox 654 2806 703 2844; x_wconf 90' lang='lat' dir='ltr'>ab</span> <span class='ocrx_word' id='word_1_247' title='bbox 724 2807 901 2859; x_wconf 87' lang='lat' dir='ltr'>Hespero</span> <span class='ocrx_word' id='word_1_248' title='bbox 922 2815 963 2847; x_wconf 91' lang='lat' dir='ltr'>et</span> 
     </span>
     <span class='ocr_line' id='line_1_45' title="bbox 232 2862 962 2914; baseline 0.004 -12"><span class='ocrx_word' id='word_1_249' title='bbox 232 2877 256 2902; x_wconf 90' lang='lat' dir='ltr'>a</span> <span class='ocrx_word' id='word_1_250' title='bbox 271 2862 454 2902; x_wconf 85' lang='lat' dir='ltr'>Lucifero</span> <span class='ocrx_word' id='word_1_251' title='bbox 474 2862 672 2914; x_wconf 87' lang='lat' dir='ltr'>designari</span> <span class='ocrx_word' id='word_1_252' title='bbox 686 2865 823 2914; x_wconf 85' lang='lat' dir='ltr'>soleat,</span> <span class='ocrx_word' id='word_1_253' title='bbox 844 2872 893 2904; x_wconf 91' lang='lat' dir='ltr'>ut</span> <span class='ocrx_word' id='word_1_254' title='bbox 906 2867 962 2905; x_wconf 84' lang='lat' dir='ltr'>si-</span> 
     </span>
     <span class='ocr_line' id='line_1_46' title="bbox 233 2921 963 2974; baseline 0.003 -13"><span class='ocrx_word' id='word_1_255' title='bbox 233 2921 310 2961; x_wconf 88' lang='lat' dir='ltr'>dus</span> <span class='ocrx_word' id='word_1_256' title='bbox 327 2921 431 2961; x_wconf 90' lang='lat' dir='ltr'>illud</span> <span class='ocrx_word' id='word_1_257' title='bbox 453 2921 502 2959; x_wconf 92' lang='lat' dir='ltr'>ab</span> <span class='ocrx_word' id='word_1_258' title='bbox 519 2921 621 2959; x_wconf 83' lang='lat' dir='ltr'>Oeta</span> <span class='ocrx_word' id='word_1_259' title='bbox 640 2921 685 2958; x_wconf 90' lang='lat' dir='ltr'>in</span> <span class='ocrx_word' id='word_1_260' title='bbox 703 2930 963 2974; x_wconf 83' lang='lat' dir='ltr'>conspectum</span> 
     </span>
     <span class='ocr_line' id='line_1_47' title="bbox 231 2979 964 3022; baseline 0 -3"><span class='ocrx_word' id='word_1_261' title='bbox 231 2980 371 3021; x_wconf 85' lang='lat' dir='ltr'>venire</span> <span class='ocrx_word' id='word_1_262' title='bbox 392 2979 563 3018; x_wconf 87' lang='lat' dir='ltr'>dicatur.</span> <span class='ocrx_word' id='word_1_263' title='bbox 586 2992 626 3018; x_wconf 85' lang='lat' dir='ltr'>v.</span> <span class='ocrx_word' id='word_1_264' title='bbox 639 2979 748 3017; x_wconf 85' lang='lat' dir='ltr'>Cirin</span> <span class='ocrx_word' id='word_1_265' title='bbox 765 2981 859 3022; x_wconf 86' lang='lat'>350.</span> <span class='ocrx_word' id='word_1_266' title='bbox 891 2983 964 3019; x_wconf 92' lang='lat' dir='ltr'>Se-</span> 
     </span>
    </p>
   </div>
   <div class='ocr_carea' id='block_1_14' title="bbox 232 3037 964 3080">
    <p class='ocr_par' dir='ltr' id='par_1_14' title="bbox 232 3037 964 3080">
     <span class='ocr_line' id='line_1_48' title="bbox 232 3037 964 3080; baseline 0.001 -2"><span class='ocrx_word' id='word_1_267' title='bbox 232 3051 332 3078; x_wconf 90' lang='lat' dir='ltr'>neca</span> <span class='ocrx_word' id='word_1_268' title='bbox 340 3037 460 3079; x_wconf 83' lang='lat' dir='ltr'>Herc.</span> <span class='ocrx_word' id='word_1_269' title='bbox 469 3038 547 3077; x_wconf 84' lang='lat' dir='ltr'>fur.</span> <span class='ocrx_word' id='word_1_270' title='bbox 561 3039 755 3080; x_wconf 62' lang='lat'>132433.</span> <span class='ocrx_word' id='word_1_271' title='bbox 768 3039 815 3077; x_wconf 86' lang='lat' dir='ltr'>es.</span> <span class='ocrx_word' id='word_1_272' title='bbox 824 3038 964 3079; x_wconf 86' lang='lat' dir='ltr'>laudd.</span> 
     </span>
    </p>
   </div>
   <div class='ocr_carea' id='block_1_15' title="bbox 1015 1118 1768 3097">
    <p class='ocr_par' dir='ltr' id='par_1_15' title="bbox 1015 1118 1768 3097">
     <span class='ocr_line' id='line_1_49' title="bbox 1016 1118 1751 1172; baseline -0.001 -13"><span class='ocrx_word' id='word_1_273' title='bbox 1016 1134 1039 1158; x_wconf 90' lang='lat' dir='ltr'>a</span> <span class='ocrx_word' id='word_1_274' title='bbox 1050 1120 1188 1160; x_wconf 83' lang='lat' dir='ltr'>Barth.</span> <span class='ocrx_word' id='word_1_275' title='bbox 1200 1121 1253 1160; x_wconf 87' lang='lat' dir='ltr'>ad</span> <span class='ocrx_word' id='word_1_276' title='bbox 1264 1122 1366 1160; x_wconf 89' lang='lat' dir='ltr'>Stat.</span> <span class='ocrx_word' id='word_1_277' title='bbox 1377 1120 1412 1161; x_wconf 94' lang='lat' dir='ltr'><strong>V</strong></span> <span class='ocrx_word' id='word_1_278' title='bbox 1423 1120 1519 1161; x_wconf 87' lang='lat' dir='ltr'>Silv.</span> <span class='ocrx_word' id='word_1_279' title='bbox 1532 1118 1572 1172; x_wconf 82' lang='lat'>4,</span> <span class='ocrx_word' id='word_1_280' title='bbox 1593 1122 1631 1162; x_wconf 92' lang='lat'>8.</span> <span class='ocrx_word' id='word_1_281' title='bbox 1661 1119 1751 1159; x_wconf 90' lang='lat' dir='ltr'>Ma-</span> 
     </span>
     <span class='ocr_line' id='line_1_50' title="bbox 1015 1176 1753 1233; baseline -0.001 -16"><span class='ocrx_word' id='word_1_282' title='bbox 1015 1179 1108 1218; x_wconf 87' lang='lat' dir='ltr'>roni</span> <span class='ocrx_word' id='word_1_283' title='bbox 1136 1176 1272 1218; x_wconf 78' lang='lat' dir='ltr'>autem</span> <span class='ocrx_word' id='word_1_284' title='bbox 1300 1178 1486 1233; x_wconf 82' lang='lat' dir='ltr'>proxime</span> <span class='ocrx_word' id='word_1_285' title='bbox 1522 1178 1753 1232; x_wconf 84' lang='lat' dir='ltr'>praeiverat</span> 
     </span>
     <span class='ocr_line' id='line_1_51' title="bbox 1017 1236 1752 1287; baseline -0.001 -11"><span class='ocrx_word' id='word_1_286' title='bbox 1017 1238 1163 1276; x_wconf 84' lang='lat' dir='ltr'>Catqu.</span> <span class='ocrx_word' id='word_1_287' title='bbox 1182 1238 1294 1287; x_wconf 87' lang='lat' dir='ltr'>LIX,</span> <span class='ocrx_word' id='word_1_288' title='bbox 1324 1240 1350 1280; x_wconf 92' lang='lat'>7</span> <span class='ocrx_word' id='word_1_289' title='bbox 1388 1237 1559 1276; x_wconf 82' lang='lat' dir='ltr'>Oetaeos</span> <span class='ocrx_word' id='word_1_290' title='bbox 1584 1236 1752 1283; x_wconf 69' lang='lat' dir='ltr'>ostendit</span> 
     </span>
     <span class='ocr_line' id='line_1_52' title="bbox 1016 1295 1753 1348; baseline 0.001 -15"><span class='ocrx_word' id='word_1_291' title='bbox 1016 1295 1187 1347; x_wconf 51' lang='lat' dir='ltr'>noctifer</span> <span class='ocrx_word' id='word_1_292' title='bbox 1202 1298 1332 1348; x_wconf 74' lang='lat' dir='ltr'>ignes,</span> <span class='ocrx_word' id='word_1_293' title='bbox 1355 1295 1426 1334; x_wconf 91' lang='lat' dir='ltr'>ubi</span> <span class='ocrx_word' id='word_1_294' title='bbox 1442 1309 1482 1335; x_wconf 88' lang='lat' dir='ltr'>v.</span> <span class='ocrx_word' id='word_1_295' title='bbox 1500 1295 1634 1348; x_wconf 90' lang='lat' dir='ltr'>Intpp.</span> <span class='ocrx_word' id='word_1_296' title='bbox 1648 1295 1753 1335; x_wconf 87' lang='lat' dir='ltr'>Por--</span> 
     </span>
     <span class='ocr_line' id='line_1_53' title="bbox 1016 1353 1751 1406; baseline -0.001 -14"><span class='ocrx_word' id='word_1_297' title='bbox 1016 1353 1164 1406; x_wconf 83' lang='lat' dir='ltr'>rigitur</span> <span class='ocrx_word' id='word_1_298' title='bbox 1186 1353 1291 1393; x_wconf 87' lang='lat' dir='ltr'>illud</span> <span class='ocrx_word' id='word_1_299' title='bbox 1317 1353 1517 1392; x_wconf 76' lang='lat' dir='ltr'>montium</span> <span class='ocrx_word' id='word_1_300' title='bbox 1539 1353 1679 1406; x_wconf 89' lang='lat' dir='ltr'>iugum</span> <span class='ocrx_word' id='word_1_301' title='bbox 1702 1353 1751 1391; x_wconf 89' lang='lat' dir='ltr'>ab</span> 
     </span>
     <span class='ocr_line' id='line_1_54' title="bbox 1019 1411 1751 1461; baseline 0 -11"><span class='ocrx_word' id='word_1_302' title='bbox 1019 1411 1175 1450; x_wconf 84' lang='lat' dir='ltr'>oriente</span> <span class='ocrx_word' id='word_1_303' title='bbox 1202 1425 1344 1451; x_wconf 88' lang='lat' dir='ltr'>versus</span> <span class='ocrx_word' id='word_1_304' title='bbox 1370 1411 1638 1461; x_wconf 86' lang='lat' dir='ltr'>occidentem,</span> <span class='ocrx_word' id='word_1_305' title='bbox 1667 1411 1751 1451; x_wconf 86' lang='lat' dir='ltr'>vid.</span> 
     </span>
     <span class='ocr_line' id='line_1_55' title="bbox 1018 1469 1752 1523; baseline 0 -16"><span class='ocrx_word' id='word_1_306' title='bbox 1018 1470 1151 1508; x_wconf 88' lang='lat' dir='ltr'>Strab.</span> <span class='ocrx_word' id='word_1_307' title='bbox 1174 1470 1246 1520; x_wconf 86' lang='lat' dir='ltr'>IX,</span> <span class='ocrx_word' id='word_1_308' title='bbox 1269 1484 1309 1523; x_wconf 88' lang='lat' dir='ltr'>p.</span> <span class='ocrx_word' id='word_1_309' title='bbox 1330 1470 1424 1512; x_wconf 88' lang='grc'><strong>655.</strong></span> <span class='ocrx_word' id='word_1_310' title='bbox 1466 1470 1511 1508; x_wconf 87' lang='lat' dir='ltr'>In</span> <span class='ocrx_word' id='word_1_311' title='bbox 1530 1470 1578 1508; x_wconf 88' lang='lat' dir='ltr'>iis</span> <span class='ocrx_word' id='word_1_312' title='bbox 1601 1469 1752 1521; x_wconf 88' lang='lat' dir='ltr'>itaque,</span> 
     </span>
     <span class='ocr_line' id='line_1_56' title="bbox 1018 1527 1752 1579; baseline 0 -13"><span class='ocrx_word' id='word_1_313' title='bbox 1018 1527 1089 1579; x_wconf 84' lang='lat' dir='ltr'>qui</span> <span class='ocrx_word' id='word_1_314' title='bbox 1126 1527 1243 1566; x_wconf 88' lang='lat' dir='ltr'>illum</span> <span class='ocrx_word' id='word_1_315' title='bbox 1283 1534 1465 1566; x_wconf 83' lang='lat' dir='ltr'>tractum</span> <span class='ocrx_word' id='word_1_316' title='bbox 1498 1527 1752 1577; x_wconf 80' lang='lat' dir='ltr'>habitabant,</span> 
     </span>
     <span class='ocr_line' id='line_1_57' title="bbox 1016 1585 1753 1638; baseline 0 -14"><span class='ocrx_word' id='word_1_317' title='bbox 1016 1586 1150 1636; x_wconf 88' lang='lat' dir='ltr'>suere,</span> <span class='ocrx_word' id='word_1_318' title='bbox 1201 1586 1346 1638; x_wconf 89' lang='lat' dir='ltr'>quibus</span> <span class='ocrx_word' id='word_1_319' title='bbox 1372 1585 1539 1625; x_wconf 87' lang='lat' dir='ltr'>Veneris</span> <span class='ocrx_word' id='word_1_320' title='bbox 1564 1599 1636 1625; x_wconf 87' lang='lat' dir='ltr'>seu</span> <span class='ocrx_word' id='word_1_321' title='bbox 1666 1585 1753 1624; x_wconf 89' lang='lat' dir='ltr'>He-</span> 
     </span>
     <span class='ocr_line' id='line_1_58' title="bbox 1017 1644 1752 1697; baseline 0.001 -15"><span class='ocrx_word' id='word_1_322' title='bbox 1017 1644 1123 1696; x_wconf 82' lang='lat' dir='ltr'>speri</span> <span class='ocrx_word' id='word_1_323' title='bbox 1161 1644 1298 1695; x_wconf 90' lang='lat' dir='ltr'>stella,</span> <span class='ocrx_word' id='word_1_324' title='bbox 1339 1644 1496 1696; x_wconf 86' lang='lat' dir='ltr'>quoties</span> <span class='ocrx_word' id='word_1_325' title='bbox 1532 1650 1626 1697; x_wconf 90' lang='lat' dir='ltr'>post</span> <span class='ocrx_word' id='word_1_326' title='bbox 1659 1644 1752 1683; x_wconf 85' lang='lat' dir='ltr'>solis</span> 
     </span>
     <span class='ocr_line' id='line_1_59' title="bbox 1018 1702 1753 1742; baseline 0.003 -2"><span class='ocrx_word' id='word_1_327' title='bbox 1018 1715 1204 1741; x_wconf 90' lang='lat' dir='ltr'>occasum</span> <span class='ocrx_word' id='word_1_328' title='bbox 1232 1702 1275 1741; x_wconf 88' lang='lat' dir='ltr'>in</span> <span class='ocrx_word' id='word_1_329' title='bbox 1312 1716 1468 1741; x_wconf 85' lang='lat' dir='ltr'>summo</span> <span class='ocrx_word' id='word_1_330' title='bbox 1499 1702 1624 1742; x_wconf 86' lang='lat' dir='ltr'>Oetae</span> <span class='ocrx_word' id='word_1_331' title='bbox 1656 1715 1753 1742; x_wconf 84' lang='lat' dir='ltr'>ver-</span> 
     </span>
     <span class='ocr_line' id='line_1_60' title="bbox 1015 1760 1752 1813; baseline 0.003 -15"><span class='ocrx_word' id='word_1_332' title='bbox 1015 1760 1119 1810; x_wconf 89' lang='lat' dir='ltr'>tice,</span> <span class='ocrx_word' id='word_1_333' title='bbox 1166 1760 1210 1799; x_wconf 86' lang='lat' dir='ltr'>in</span> <span class='ocrx_word' id='word_1_334' title='bbox 1252 1767 1513 1813; x_wconf 89' lang='lat' dir='ltr'>conspectum</span> <span class='ocrx_word' id='word_1_335' title='bbox 1551 1761 1752 1811; x_wconf 84' lang='lat' dir='ltr'>veniebat,</span> 
     </span>
     <span class='ocr_line' id='line_1_61' title="bbox 1018 1818 1753 1858; baseline 0.003 -2"><span class='ocrx_word' id='word_1_336' title='bbox 1018 1818 1069 1857; x_wconf 90' lang='lat' dir='ltr'>ab</span> <span class='ocrx_word' id='word_1_337' title='bbox 1091 1818 1249 1857; x_wconf 89' lang='lat' dir='ltr'>Oetaeis</span> <span class='ocrx_word' id='word_1_338' title='bbox 1271 1819 1478 1857; x_wconf 89' lang='lat' dir='ltr'>montibus</span> <span class='ocrx_word' id='word_1_339' title='bbox 1507 1819 1605 1858; x_wconf 90' lang='lat' dir='ltr'>oriri</span> <span class='ocrx_word' id='word_1_340' title='bbox 1621 1819 1753 1858; x_wconf 78' lang='lat' dir='ltr'>videri</span> 
     </span>
     <span class='ocr_line' id='line_1_62' title="bbox 1016 1876 1752 1930; baseline 0.003 -16"><span class='ocrx_word' id='word_1_341' title='bbox 1016 1876 1154 1930; x_wconf 86' lang='lat' dir='ltr'>potuit</span> <span class='ocrx_word' id='word_1_342' title='bbox 1180 1876 1344 1916; x_wconf 85' lang='lat' dir='ltr'>heliace.</span> <span class='ocrx_word' id='word_1_343' title='bbox 1395 1877 1461 1916; x_wconf 87' lang='lat' dir='ltr'>Sic</span> <span class='ocrx_word' id='word_1_344' title='bbox 1491 1883 1533 1915; x_wconf 92' lang='lat' dir='ltr'>et</span> <span class='ocrx_word' id='word_1_345' title='bbox 1560 1877 1646 1916; x_wconf 88' lang='lat' dir='ltr'>Cul.</span> <span class='ocrx_word' id='word_1_346' title='bbox 1666 1879 1752 1920; x_wconf 79' lang='grc'>202</span> 
     </span>
     <span class='ocr_line' id='line_1_63' title="bbox 1018 1935 1755 1987; baseline 0.003 -15"><span class='ocrx_word' id='word_1_347' title='bbox 1018 1936 1075 1972; x_wconf 82' lang='lat' dir='ltr'>Et</span> <span class='ocrx_word' id='word_1_348' title='bbox 1091 1936 1216 1986; x_wconf 77' lang='lat' dir='ltr'>piger</span> <span class='ocrx_word' id='word_1_349' title='bbox 1234 1943 1379 1974; x_wconf 75' lang='lat' dir='ltr'>aurato</span> <span class='ocrx_word' id='word_1_350' title='bbox 1391 1935 1576 1987; x_wconf 78' lang='lat' dir='ltr'>procedit</span> <span class='ocrx_word' id='word_1_351' title='bbox 1600 1937 1649 1977; x_wconf 91' lang='lat' dir='ltr'><em>V</em></span> <span class='ocrx_word' id='word_1_352' title='bbox 1643 1949 1755 1987; x_wconf 80' lang='lat' dir='ltr'>esper</span> 
     </span>
     <span class='ocr_line' id='line_1_64' title="bbox 1018 1991 1753 2046; baseline 0.003 -16"><span class='ocrx_word' id='word_1_353' title='bbox 1018 1991 1071 2031; x_wconf 86' lang='lat' dir='ltr'>ab</span> <span class='ocrx_word' id='word_1_354' title='bbox 1113 1992 1229 2031; x_wconf 80' lang='lat' dir='ltr'>Oeta.</span> <span class='ocrx_word' id='word_1_355' title='bbox 1301 1993 1467 2046; x_wconf 87' lang='lat' dir='ltr'>Vulgari</span> <span class='ocrx_word' id='word_1_356' title='bbox 1500 1994 1606 2033; x_wconf 81' lang='lat' dir='ltr'>enim</span> <span class='ocrx_word' id='word_1_357' title='bbox 1640 2006 1753 2032; x_wconf 86' lang='lat' dir='ltr'>more</span> 
     </span>
     <span class='ocr_line' id='line_1_65' title="bbox 1016 2050 1752 2105; baseline 0.003 -16"><span class='ocrx_word' id='word_1_358' title='bbox 1016 2050 1232 2102; x_wconf 84' lang='lat' dir='ltr'>loquendi,</span> <span class='ocrx_word' id='word_1_359' title='bbox 1264 2064 1383 2103; x_wconf 89' lang='lat' dir='ltr'>quem</span> <span class='ocrx_word' id='word_1_360' title='bbox 1408 2057 1552 2105; x_wconf 88' lang='lat' dir='ltr'>poetae</span> <span class='ocrx_word' id='word_1_361' title='bbox 1574 2065 1752 2104; x_wconf 84' lang='lat' dir='ltr'>sequun-</span> 
     </span>
     <span class='ocr_line' id='line_1_66' title="bbox 1016 2109 1754 2162; baseline 0.001 -15"><span class='ocrx_word' id='word_1_362' title='bbox 1016 2115 1107 2159; x_wconf 86' lang='lat' dir='ltr'>tur,</span> <span class='ocrx_word' id='word_1_363' title='bbox 1140 2115 1296 2148; x_wconf 87' lang='lat' dir='ltr'>astrum</span> <span class='ocrx_word' id='word_1_364' title='bbox 1324 2111 1420 2148; x_wconf 79' lang='lat' dir='ltr'>oriri</span> <span class='ocrx_word' id='word_1_365' title='bbox 1440 2109 1610 2160; x_wconf 89' lang='lat' dir='ltr'>dicitur,</span> <span class='ocrx_word' id='word_1_366' title='bbox 1642 2109 1754 2162; x_wconf 87' lang='lat' dir='ltr'>quod</span> 
     </span>
     <span class='ocr_line' id='line_1_67' title="bbox 1016 2167 1755 2228; baseline 0 -22"><span class='ocrx_word' id='word_1_367' title='bbox 1016 2167 1061 2206; x_wconf 90' lang='lat' dir='ltr'>in</span> <span class='ocrx_word' id='word_1_368' title='bbox 1097 2173 1358 2220; x_wconf 88' lang='lat' dir='ltr'>conspectum</span> <span class='ocrx_word' id='word_1_369' title='bbox 1383 2168 1516 2220; x_wconf 72' lang='lat' dir='ltr'>venit,</span> <span class='ocrx_word' id='word_1_370' title='bbox 1553 2182 1629 2222; x_wconf 88' lang='lat' dir='ltr'>pro</span> <span class='ocrx_word' id='word_1_371' title='bbox 1661 2169 1755 2228; x_wconf 53' lang='lat' dir='ltr'>on&#39;rff‘</span> 
     </span>
     <span class='ocr_line' id='line_1_68' title="bbox 1019 2226 1753 2279; baseline 0.003 -16"><span class='ocrx_word' id='word_1_372' title='bbox 1019 2231 1156 2264; x_wconf 90' lang='lat' dir='ltr'>autem</span> <span class='ocrx_word' id='word_1_373' title='bbox 1174 2226 1353 2266; x_wconf 88' lang='lat' dir='ltr'>sollenne</span> <span class='ocrx_word' id='word_1_374' title='bbox 1371 2232 1432 2265; x_wconf 89' lang='lat' dir='ltr'>est</span> <span class='ocrx_word' id='word_1_375' title='bbox 1450 2240 1625 2279; x_wconf 73' lang='lat' dir='ltr'>surgere,</span> <span class='ocrx_word' id='word_1_376' title='bbox 1648 2240 1753 2278; x_wconf 82' lang='lat' dir='ltr'>pro-</span> 
     </span>
     <span class='ocr_line' id='line_1_69' title="bbox 1018 2283 1754 2335; baseline 0.001 -14"><span class='ocrx_word' id='word_1_377' title='bbox 1018 2283 1167 2334; x_wconf 82' lang='lat' dir='ltr'>cedere,</span> <span class='ocrx_word' id='word_1_378' title='bbox 1208 2286 1341 2322; x_wconf 68' lang='lat' dir='ltr'>venire</span> <span class='ocrx_word' id='word_1_379' title='bbox 1378 2284 1428 2323; x_wconf 89' lang='lat' dir='ltr'>de</span> <span class='ocrx_word' id='word_1_380' title='bbox 1455 2284 1597 2335; x_wconf 85' lang='lat' dir='ltr'>astris,</span> <span class='ocrx_word' id='word_1_381' title='bbox 1634 2290 1683 2323; x_wconf 87' lang='lat' dir='ltr'>ut</span> <span class='ocrx_word' id='word_1_382' title='bbox 1711 2284 1754 2322; x_wconf 91' lang='lat' dir='ltr'><strong>X</strong></span> 
     </span>
     <span class='ocr_line' id='line_1_70' title="bbox 1019 2342 1753 2382; baseline 0 -2"><span class='ocrx_word' id='word_1_383' title='bbox 1019 2347 1124 2381; x_wconf 80' lang='lat' dir='ltr'>extr.</span> <span class='ocrx_word' id='word_1_384' title='bbox 1184 2342 1246 2380; x_wconf 86' lang='lat' dir='ltr'>Ita</span> <span class='ocrx_word' id='word_1_385' title='bbox 1284 2348 1326 2380; x_wconf 87' lang='lat' dir='ltr'>et</span> <span class='ocrx_word' id='word_1_386' title='bbox 1358 2343 1488 2382; x_wconf 86' lang='lat' dir='ltr'>Servii</span> <span class='ocrx_word' id='word_1_387' title='bbox 1523 2349 1564 2382; x_wconf 91' lang='lat' dir='ltr'>et</span> <span class='ocrx_word' id='word_1_388' title='bbox 1601 2342 1753 2381; x_wconf 86' lang='lat' dir='ltr'>Cerdae</span> 
     </span>
     <span class='ocr_line' id='line_1_71' title="bbox 1021 2400 1752 2453; baseline 0.008 -16"><span class='ocrx_word' id='word_1_389' title='bbox 1021 2413 1113 2438; x_wconf 87' lang='lat' dir='ltr'>cum</span> <span class='ocrx_word' id='word_1_390' title='bbox 1147 2400 1278 2439; x_wconf 89' lang='lat' dir='ltr'>Vossii</span> <span class='ocrx_word' id='word_1_391' title='bbox 1314 2400 1367 2439; x_wconf 90' lang='lat' dir='ltr'>ad</span> <span class='ocrx_word' id='word_1_392' title='bbox 1403 2401 1547 2440; x_wconf 89' lang='lat' dir='ltr'>Catull.</span> <span class='ocrx_word' id='word_1_393' title='bbox 1585 2414 1624 2453; x_wconf 91' lang='lat' dir='ltr'>p.</span> <span class='ocrx_word' id='word_1_394' title='bbox 1656 2400 1752 2451; x_wconf 87' lang='lat'>150,</span> 
     </span>
     <span class='ocr_line' id='line_1_72' title="bbox 1021 2457 1754 2498; baseline 0.001 -3"><span class='ocrx_word' id='word_1_395' title='bbox 1021 2463 1062 2496; x_wconf 89' lang='lat' dir='ltr'>et</span> <span class='ocrx_word' id='word_1_396' title='bbox 1079 2457 1222 2497; x_wconf 83' lang='lat' dir='ltr'>Huetii</span> <span class='ocrx_word' id='word_1_397' title='bbox 1247 2458 1290 2497; x_wconf 92' lang='lat' dir='ltr'>in</span> <span class='ocrx_word' id='word_1_398' title='bbox 1308 2458 1519 2498; x_wconf 90' lang='lat' dir='ltr'>Huetianis</span> <span class='ocrx_word' id='word_1_399' title='bbox 1548 2457 1754 2497; x_wconf 87' lang='lat' dir='ltr'>subtilita-</span> 
     </span>
     <span class='ocr_line' id='line_1_73' title="bbox 1019 2514 1754 2571; baseline 0.003 -17"><span class='ocrx_word' id='word_1_400' title='bbox 1019 2516 1129 2555; x_wconf 89' lang='lat' dir='ltr'>tibus</span> <span class='ocrx_word' id='word_1_401' title='bbox 1147 2530 1230 2555; x_wconf 90' lang='lat' dir='ltr'>non</span> <span class='ocrx_word' id='word_1_402' title='bbox 1243 2516 1395 2570; x_wconf 81' lang='lat' dir='ltr'>indiget</span> <span class='ocrx_word' id='word_1_403' title='bbox 1411 2530 1487 2556; x_wconf 91' lang='lat' dir='ltr'>res.</span> <span class='ocrx_word' id='word_1_404' title='bbox 1529 2514 1574 2571; x_wconf 86' lang='lat'>(1.</span> <span class='ocrx_word' id='word_1_405' title='bbox 1584 2516 1635 2556; x_wconf 90' lang='lat' dir='ltr'>H.</span> <span class='ocrx_word' id='word_1_406' title='bbox 1647 2516 1754 2556; x_wconf 87' lang='lat' dir='ltr'>Vos-</span> 
     </span>
     <span class='ocr_line' id='line_1_74' title="bbox 1020 2573 1752 2628; baseline 0.001 -16"><span class='ocrx_word' id='word_1_407' title='bbox 1020 2573 1102 2613; x_wconf 89' lang='lat' dir='ltr'>sius</span> <span class='ocrx_word' id='word_1_408' title='bbox 1120 2574 1344 2628; x_wconf 86' lang='lat' dir='ltr'>Hesperum</span> <span class='ocrx_word' id='word_1_409' title='bbox 1361 2574 1402 2614; x_wconf 89' lang='lat' dir='ltr'>h.</span> <span class='ocrx_word' id='word_1_410' title='bbox 1419 2575 1446 2614; x_wconf 90' lang='lat' dir='ltr'>l.</span> <span class='ocrx_word' id='word_1_411' title='bbox 1482 2575 1655 2614; x_wconf 89' lang='lat' dir='ltr'>eundem</span> <span class='ocrx_word' id='word_1_412' title='bbox 1669 2586 1752 2613; x_wconf 86' lang='lat' dir='ltr'>esse</span> 
     </span>
     <span class='ocr_line' id='line_1_75' title="bbox 1019 2632 1768 2686; baseline 0 -15"><span class='ocrx_word' id='word_1_413' title='bbox 1019 2638 1159 2685; x_wconf 90' lang='lat' dir='ltr'>putat,</span> <span class='ocrx_word' id='word_1_414' title='bbox 1192 2633 1261 2684; x_wconf 85' lang='lat' dir='ltr'>qui</span> <span class='ocrx_word' id='word_1_415' title='bbox 1284 2634 1448 2686; x_wconf 75' lang='lat' dir='ltr'>proprie</span> <span class='ocrx_word' id='word_1_416' title='bbox 1465 2633 1626 2672; x_wconf 87' lang='lat' dir='ltr'>Lucifer</span> <span class='ocrx_word' id='word_1_417' title='bbox 1650 2632 1768 2672; x_wconf 82' lang='lat' dir='ltr'>dici-·</span> 
     </span>
     <span class='ocr_line' id='line_1_76' title="bbox 1018 2690 1752 2744; baseline 0.003 -16"><span class='ocrx_word' id='word_1_418' title='bbox 1018 2697 1107 2741; x_wconf 85' lang='lat' dir='ltr'>tur,</span> <span class='ocrx_word' id='word_1_419' title='bbox 1138 2697 1186 2730; x_wconf 87' lang='lat' dir='ltr'>ut</span> <span class='ocrx_word' id='word_1_420' title='bbox 1211 2690 1312 2729; x_wconf 88' lang='lat' dir='ltr'>haec</span> <span class='ocrx_word' id='word_1_421' title='bbox 1338 2691 1511 2744; x_wconf 89' lang='lat' dir='ltr'>prodeat</span> <span class='ocrx_word' id='word_1_422' title='bbox 1531 2691 1752 2730; x_wconf 87' lang='lat' dir='ltr'>sententia:</span> 
     </span>
     <span class='ocr_line' id='line_1_77' title="bbox 1018 2749 1768 2803; baseline 0 -16"><span class='ocrx_word' id='word_1_423' title='bbox 1018 2749 1178 2800; x_wconf 86' lang='lat' dir='ltr'>„oritur</span> <span class='ocrx_word' id='word_1_424' title='bbox 1201 2749 1301 2799; x_wconf 90' lang='lat' dir='ltr'>iam,</span> <span class='ocrx_word' id='word_1_425' title='bbox 1331 2750 1534 2791; x_wconf 87' lang='lat' dir='ltr'>matutino</span> <span class='ocrx_word' id='word_1_426' title='bbox 1556 2756 1768 2803; x_wconf 87' lang='lat' dir='ltr'>tempore,-</span> 
     </span>
     <span class='ocr_line' id='line_1_78' title="bbox 1019 2807 1754 2860; baseline 0.001 -14"><span class='ocrx_word' id='word_1_427' title='bbox 1019 2807 1196 2857; x_wconf 85' lang='lat' dir='ltr'>Lucifer,</span> <span class='ocrx_word' id='word_1_428' title='bbox 1226 2807 1352 2859; x_wconf 88' lang='lat' dir='ltr'>idem,</span> <span class='ocrx_word' id='word_1_429' title='bbox 1384 2808 1453 2860; x_wconf 87' lang='lat' dir='ltr'>qui</span> <span class='ocrx_word' id='word_1_430' title='bbox 1475 2822 1594 2858; x_wconf 80' lang='lat' dir='ltr'>mox,</span> <span class='ocrx_word' id='word_1_431' title='bbox 1626 2821 1754 2860; x_wconf 85' lang='lat' dir='ltr'>quum</span> 
     </span>
     <span class='ocr_line' id='line_1_79' title="bbox 1020 2866 1768 2919; baseline 0.003 -15"><span class='ocrx_word' id='word_1_432' title='bbox 1020 2879 1106 2904; x_wconf 81' lang='lat' dir='ltr'>nox</span> <span class='ocrx_word' id='word_1_433' title='bbox 1143 2866 1322 2916; x_wconf 85' lang='lat' dir='ltr'>venerit,</span> <span class='ocrx_word' id='word_1_434' title='bbox 1370 2866 1572 2919; x_wconf 91' lang='lat' dir='ltr'>Hesperus</span> <span class='ocrx_word' id='word_1_435' title='bbox 1605 2866 1768 2916; x_wconf 63' lang='lat' dir='ltr'>luceat‚5</span> 
     </span>
     <span class='ocr_line' id='line_1_80' title="bbox 1022 2920 1768 2977; baseline 0.005 -15"><span class='ocrx_word' id='word_1_436' title='bbox 1022 2938 1070 2962; x_wconf 87' lang='lat' dir='ltr'>ac</span> <span class='ocrx_word' id='word_1_437' title='bbox 1095 2924 1167 2963; x_wconf 83' lang='lat' dir='ltr'>diu</span> <span class='ocrx_word' id='word_1_438' title='bbox 1193 2931 1353 2976; x_wconf 87' lang='lat' dir='ltr'>sperata</span> <span class='ocrx_word' id='word_1_439' title='bbox 1379 2925 1526 2977; x_wconf 86' lang='lat' dir='ltr'>gaudia</span> <span class='ocrx_word' id='word_1_440' title='bbox 1550 2924 1626 2963; x_wconf 84' lang='lat' dir='ltr'>tibi</span> <span class='ocrx_word' id='word_1_441' title='bbox 1654 2920 1768 2966; x_wconf 72' lang='lat' dir='ltr'>affe-³:</span> 
     </span>
     <span class='ocr_line' id='line_1_81' title="bbox 1020 2981 1768 3035; baseline 0.003 -15"><span class='ocrx_word' id='word_1_442' title='bbox 1020 2988 1098 3021; x_wconf 91' lang='lat' dir='ltr'>rat.</span> <span class='ocrx_word' id='word_1_443' title='bbox 1110 2984 1134 3004; x_wconf 84' lang='lat'><strong>“</strong></span> <span class='ocrx_word' id='word_1_444' title='bbox 1193 2982 1272 3021; x_wconf 92' lang='lat' dir='ltr'>Sed</span> <span class='ocrx_word' id='word_1_445' title='bbox 1296 2982 1487 3022; x_wconf 82' lang='lat' dir='ltr'>deductio</span> <span class='ocrx_word' id='word_1_446' title='bbox 1510 2982 1651 3022; x_wconf 72' lang='lat' dir='ltr'>uxoris</span> <span class='ocrx_word' id='word_1_447' title='bbox 1669 2981 1768 3035; x_wconf 58' lang='lat' dir='ltr'>nu³fi</span> 
     </span>
     <span class='ocr_line' id='line_1_82' title="bbox 1023 3039 1768 3097; baseline 0.001 -18"><span class='ocrx_word' id='word_1_448' title='bbox 1023 3053 1194 3093; x_wconf 88' lang='lat' dir='ltr'>cumque</span> <span class='ocrx_word' id='word_1_449' title='bbox 1213 3041 1380 3094; x_wconf 83' lang='lat' dir='ltr'>sparsio,</span> <span class='ocrx_word' id='word_1_450' title='bbox 1405 3040 1565 3095; x_wconf 86' lang='lat' dir='ltr'>vesperi</span> <span class='ocrx_word' id='word_1_451' title='bbox 1579 3039 1668 3080; x_wconf 87' lang='lat' dir='ltr'>fieri</span> <span class='ocrx_word' id='word_1_452' title='bbox 1683 3054 1768 3097; x_wconf 50' lang='lat' dir='ltr'>som,</span> 
     </span>
    </p>
   </div>
  </div>
 </body>
</html>
