1768 3320
185 193 282 242 116

506 188 562 237 Ρ.
608 183 959 237 VIRGILII
1006 177 1377 230 MARONIS

183 313 475 367 Arboribus
494 312 662 376 venti,
699 310 855 361 nobis
874 303 1204 370 Amaryllidis
1221 304 1342 376 ira-e.

182 401 237 438 M.
271 383 439 436 Dulce
460 383 579 432 satis
597 382 819 448 humor,
859 376 1089 443 depulsis
1110 374 1327 423 arbutus
1346 370 1547 435 haedis,

182 459 347 506 Lenta
370 451 491 502 salix
509 450 621 502 feto
643 450 849 517 pecori,
885 446 1019 496 mihi
1038 444 1181 494 solus
1203 445 1470 506 Amyntas,

182 541 231 577 1).
250 523 422 575 Pollio
445 531 583 572 amat
601 530 853 582 nostram,
877 514 1114 583 quamvis
1140 522 1218 563 est
1235 513 1444 576 rustica,
1461 513 1694 562 Musam:

183 593 444 656 Pierides,
480 591 697 640 vitulam
717 587 903 639 lectori
923 586 1121 652 pascite
1140 591 1332 634 vestm.

1628 580 1695 631 85

232 700 276 736 81
305 696 552 741 Amaryllidos
562 697 685 728 Moret.
707 706 762 739 qu.
779 704 844 737 pro
861 703 932 725 var.
950 690 1031 724 lect.
1081 687 1244 733 (Recepit
1261 687 1351 721 hanc
1369 687 1516 719 formam
1525 683 1695 724 Vossiu83

185 758 258 780 non
284 752 390 778 recte.
416 743 485 776 vid.
510 744 554 776 V.
581 743 620 775 L.
651 741 695 774 ad
720 753 770 774 vs.
794 741 847 776 12.
878 737 971 782 Wr.)

1066 734 1112 771 84
1136 736 1300 782 quamvis
1329 742 1386 768 est
1401 732 1523 766 Heins.
1549 743 1568 764 e
1594 732 1695 764 Rom.

187 793 327 837 suisque
345 789 568 823 melioribus:
594 795 632 821 ut
654 788 715 821 sit:
742 787 976 833 quantamvis·
990 785 1148 823 νηπία-ω
1174 794 1255 823 non,
1277 782 1442 827 quamvis·
1462 788 1528 813 est.
1576 777 1695 822 Vulgo

187 840 253 874 sit:
295 837 390 883 quod
422 835 596 880 pedestris
633 834 744 868 oratio
774 832 935 877 postulat.

990 830 1248 876 (Coniunctivus
1275 840 1346 861 nou
1377 825 1580 861 conveniret
1611 836 1695 858 sen-

193 883 346 924 tentiae3
385 884 547 928 quamvis
565 883 613 915 sic
643 880 873 925 significaret:
916 889 1118 923 quamquam
1157 875 1311 910 Pollioni
1343 873 1422 908 talis
1451 872 1607 912 videtur;
1638 878 1698 905 aut

189 931 348 965 omnino:
376 941 578 974 quamquam
597 927 675 961 talis
688 954 697 970 ,
721 928 744 961 i.
763 939 793 960 e.
814 925 961 967 rustica,
1008 923 1133 958 haberi
1153 924 1278 963 debet;
1320 921 1486 968 quamvis
1503 928 1559 954 est
1582 917 1696 963 signi—

188 979 284 1012 ficat:
317 987 519 1022 quamquam
545 987 730 1017 revera,
771 985 840 1006 non
863 979 995 1006 tantum
1024 983 1042 1005 e
1072 970 1250 1004 iudicio
1284 967 1475 1010 Pollionis,
1515 972 1574 1000 aut
1607 965 1696 1000 alius

189 1025 398 1069 cuiusquam,
423 1023 485 1055 sed
505 1034 523 1054 e
547 1029 717 1055 natura
740 1033 818 1054 sua
843 1027 886 1053 et
909 1018 1190 1053 conditione
1214 1017 1294 1051 talis
1313 1022 1377 1050 est.
1424 1013 1604 1049 Posterius
1631 1024 1696 1047 so-

188 1072 258 1106 lum
277 1069 410 1105 admitti
426 1081 531 1114 posse
550 1076 657 1114 patet.
683 1067 758 1115 Sp.)
805 1066 876 1102 Alii
893 1074 941 1100 eu

188 1153 399 1191 Homerico
429 1150 519 1190 illo:
558 1146 633 1191 οὐκ
664 1145 825 1203 ἆγαθόν
844 1165 915 1189 πο-

191 1211 440 1263 λυκοιρανίη.
479 1209 547 1248 W
541 1206 595 1262 r.)
641 1210 709 1249 82.
739 1207 917 1259 depulsis

188 1268 329 1306 haedis
344 1297 355 1316 ,
387 1265 428 1305 h.
453 1280 475 1303 a
494 1266 598 1304 lacte
617 1266 792 1304 remotis.
832 1265 915 1304 Ecl.

189 1325 285 1374 VII,
319 1324 384 1367 15.
415 1324 463 1362 cf.
486 1323 537 1362 ad
555 1323 596 1373 Ι,
626 1326 695 1365 22.
734 1323 912 1372 arbutus,

187 1383 231 1421 in
252 1381 366 1421 Italia
385 1381 504 1420 valde
521 1381 708 1432 frequens
730 1387 770 1420 et
797 1381 917 1420 obvia

190 1441 329 1489 arbor,
360 1440 537 1478 fructum
553 1438 704 1478 habens
723 1439 841 1491 fragis
860 1439 917 1477 si-

188 1498 333 1548 milem,
362 1503 412 1536 ut
432 1496 666 1536 tenuiorum
685 1498 818 1536 victus
837 1510 919 1535 esse

189 1555 325 1608 possit.
373 1568 412 1594 v.
441 1554 603 1594 Martia.
633 1554 685 1593 ad
714 1557 856 1608 Georg.
887 1555 920 1605 Ι,

193 1613 287 1655 148.
346 1610 457 1651 Italis
483 1612 561 1651 dici
594 1614 723 1652 solent
761 1613 919 1652 Sorbole

186 1671 323 1722 pelose
337 1700 347 1719 ,
379 1676 420 1708 et
434 1670 585 1708 Romae
599 1686 730 1710 cerase
746 1673 915 1710 marine.

191 1727 371 1766 Frondes
405 1728 487 1766 eius
517 1742 563 1766 ac
582 1729 678 1767 folia
705 1736 819 1781 grata
847 1743 918 1767 ca-

191 1785 317 1838 pellis,
347 1784 432 1823 vid.
452 1786 591 1838 Georg.
610 1787 678 1837 III,
704 1790 799 1830 300.
829 1786 918 1826 Ho-

191 1849 269 1882 rat.
289 1843 422 1890 Carm-
439 1843 469 1892 Ι,
495 1847 560 1893 17,
590 1844 628 1894 5,
659 1859 760 1896 quae
777 1844 919 1884 iisdem

193 1915 217 1938 a
235 1901 349 1938 lactis
369 1901 542 1939 materni
563 1901 758 1942 desiderio
775 1904 918 1943 levan-

193 1964 276 1997 tur.
333 1958 520 2010 Calpurn.
543 1959 622 1999 Ecl.
639 1961 688 2011 Π,
720 1961 775 2003 47
792 1976 919 2001 novas

194 2024 238 2054 ut
256 2029 416 2066 carpere
422 2016 591 2068 frondes
611 2019 850 2058 Condiseant
862 2041 920 2049 —

195 2074 263 2112 Ne
276 2073 445 2123 depulsa
463 2088 591 2126 vagos
606 2085 772 2128 quaerat
775 2077 920 2129 setara

189 2138 391 2182 parentes.
441 2132 567 2182 Sala,
584 2134 667 2173 vid.
686 2135 769 2173 Ecl.
789 2135 819 2184 I,
851 2137 918 2177 79.

253 2186 320 2229 84.
352 2188 483 2226 Pollio
505 2192 632 2241 gratia
652 2192 760 2245 apud
779 2193 919 2244 Augu-

196 2250 316 2309 stum,
348 2245 517 2285 amicitia
532 2248 584 2288 M.
603 2249 779 2300 Antonii,
808 2251 921 2302 inge-

196 2316 284 2351 mo,
314 2304 526 2354 tragoediis
545 2308 763 2360 studiisque
780 2309 859 2347 suis
877 2308 920 2347 in

196 2359 404 2411 Virgilium
432 2361 722 2416 Horatiumque
757 2365 922 2405 notissi-

195 2431 297 2456 mus.
329 2418 375 2455 cs.
394 2418 534 2458 Horat.
554 2422 630 2461 Od.
649 2423 698 2472 Π,
731 2427 767 2473 1,
798 2423 921 2463 etVi-

197 2481 283 2513 tam
303 2474 456 2526 Virgilii
475 2477 526 2514 ad
550 2493 583 2518 a.
605 2481 700 2523 715.
739 2482 786 2520 Ei
806 2482 919 2531 alter,

198 2538 404 2584 tamquam
430 2534 553 2574 iudici
575 2539 796 2578 carminum
824 2553 921 2578 suo-

197 2603 290 2629 rum
315 2589 552 2642 intelligenti
572 2602 612 2633 et
639 2596 824 2648 eleganti,
854 2597 921 2636 vi—

198 2647 347 2696 tulam,
390 2647 510 2699 alter,
549 2658 753 2705 tamquam
779 2661 921 2707 poetae

198 2704 346 2754 nobili,
374 2705 590 2747 iuvencum
613 2711 802 2750 decernit.
831 2712 922 2750 Non

198 2775 296 2801 vero
315 2762 360 2801 in
386 2763 582 2804 alterutro
613 2767 760 2807 horum
780 2782 923 2808 mune—

198 2833 292 2859 rum
316 2822 605 2873 argutandum‚
646 2826 716 2864 sed
736 2839 799 2864 res
827 2827 923 2865 sim-

198 2877 356 2930 pliciter
404 2878 457 2917 ad
492 2882 692 2922 amoebaei
739 2884 925 2922 carminis

198 2941 388 2974 naturam
397 2936 597 2989 exigenda
614 2946 685 2990 est,
699 2954 801 2990 cum,
816 2941 925 2993 quod

962 1149 1116 1202 primus
1134 1147 1355 1200 posuisset,
1388 1139 1504 1184 alteri
1522 1141 1696 1196 amplifi-

964 1206 1138 1245 candum
1155 1212 1195 1244 et
1214 1203 1441 1257 augendum
1457 1207 1572 1240 esset.
1595 1201 1697 1239 Cum

962 1265 1099 1316 itaque
1121 1265 1186 1303 ille
1211 1263 1385 1303 iudicem
1412 1260 1637 1300 carminum
1655 1264 1697 1297 et

962 1322 1135 1362 vitulam
1150 1321 1360 1375 posuisset,
1390 1318 1459 1358 hic
1474 1323 1636 1371 poetam
1655 1322 1697 1355 et

962 1381 1181 1420 iuvencum
1200 1383 1486 1419 commemorat
1504 1374 1697 1428 simplici-

964 1446 1049 1489 ter,
1088 1445 1138 1477 ut
1154 1437 1235 1477 hoc
1260 1443 1301 1476 et
1318 1435 1459 1475 iudicii
1485 1439 1527 1472 et
1550 1432 1697 1485 ingenii

963 1497 1188 1550 praemium
1210 1509 1291 1534 esse
1317 1494 1472 1533 debeat.
1506 1489 1696 1546 (Senten—

964 1555 1024 1594 tia
1059 1554 1161 1593 haec
1190 1560 1268 1593 est:
1319 1552 1474 1592 Pascite
1510 1549 1695 1599 vitulam,

966 1627 1087 1665 quam
1112 1613 1195 1651 Diis
1229 1626 1305 1665 pro
1338 1608 1528 1650 Pollionis
1567 1608 1697 1646 salute

965 1670 1195 1710 sacrificem.
1231 1671 1278 1709 V
1273 1684 1346 1708 osa.
1368 1674 1409 1707 et
1427 1665 1522 1721 Sp.)
1581 1664 1697 1706 Alio-

966 1729 1035 1781 qui
1061 1729 1188 1768 Ruaei
1216 1742 1300 1766 non
1331 1726 1530 1778 inelegans
1559 1724 1697 1763 conie-

966 1794 1083 1826 ctura
1113 1793 1192 1836 est,
1231 1786 1299 1837 qui
1327 1798 1373 1823 eo
1403 1782 1546 1835 respici
1563 1787 1695 1834 putat,

966 1844 1077 1897 quod
1100 1844 1226 1883 Pollio
1261 1843 1367 1882 circa
1400 1840 1504 1880 illud
1537 1846 1696 1892 tempus

968 1901 1032 1956 (U.
1060 1903 1101 1942 C.
1132 1900 1233 1956 715)
1267 1914 1319 1940 ex
1346 1899 1530 1952 Illyrico,
1577 1897 1696 1936 victis

965 1960 1180 2010 Parthinis‚
1201 1959 1253 1998 ad
1270 1956 1526 2010 triumphum
1539 1955 1696 1995 haben-

968 2019 1065 2058 dum
1075 2020 1245 2057 Romam
1263 2017 1498 2065 decesserat,
1520 2027 1600 2066 quo
1620 2013 1696 2052 ad—

967 2091 1013 2116 eo
1034 2083 1215 2129 tempore
1232 2073 1495 2127 triumphalia
1515 2086 1628 2111 sacra
1649 2085 1698 2110 ac

965 2135 1154 2175 victimae
1188 2147 1264 2187 pro
1295 2131 1485 2172 Pollionis
1522 2129 1696 2169 victoria

966 2193 1171 2246 parandae
1187 2198 1315 2231 erant.
1347 2191 1395 2230 cs.
1419 2190 1502 2229 Ecl.
1520 2187 1623 2237 VIII,
1655 2190 1694 2230 6.

967 2251 1065 2290 Hor.
1087 2251 1163 2290 Od.
1186 2249 1248 2300 H,
1283 2252 1331 2299 1,
1365 2248 1430 2291 15.
1457 2249 1523 2290 16.
1580 2245 1694 2295 Nam,

967 2309 1078 2361 quod
1105 2309 1242 2347 Burm.
1271 2306 1526 2360 amplectitur
1539 2334 1550 2354 ,
1587 2302 1696 2356 pasci

968 2373 1009 2406 et
1029 2367 1200 2406 vitulam
1226 2371 1267 2405 et
1294 2365 1513 2404 iuvencum
1526 2360 1696 2401 Pollioni

969 2425 1075 2474 dici,
1096 2431 1146 2464 ut
1163 2424 1284 2463 istam
1303 2429 1511 2475 tamquam
1530 2419 1694 2473 lyricus,

965 2482 1078 2522 hunc
1091 2488 1298 2534 tamquam
1317 2480 1462 2534 epicus,
1480 2483 1600 2532 poeta
1616 2477 1696 2516 im-

966 2541 1103 2590 molet,
1132 2540 1176 2580 id
1193 2539 1310 2579 nimis
1329 2539 1495 2577 doctum
1516 2535 1695 2586 adeoque

966 2599 1096 2637 multo
1116 2598 1237 2650 magis
1256 2596 1447 2636 vitiosum
1463 2595 1505 2633 in
1515 2593 1588 2632 tali
1602 2606 1695 2631 car—

966 2657 1093 2706 mine3
1109 2668 1352 2708 quamquam
1365 2651 1586 2702 insimilem
1604 2664 1695 2689 mo-

969 2714 1066 2753 dum
1086 2715 1298 2766 argutatur
1318 2706 1450 2751 Schol'.
1466 2708 1626 2749 Horatii
1643 2707 1696 2746 ad

967 2771 1093 2824 Epist.
1110 2772 1148 2822 Ι,
1180 2774 1228 2821 3,
1260 2773 1327 2813 36.
1374 2767 1499 2818 Quod
1516 2780 1615 2807 vero
1633 2766 1695 2804 le-

970 2837 1114 2867 ctorem
1162 2829 1385 2867 carminum
1442 2823 1694 2873 memoravit,

969 2900 1115 2939 parum
1140 2887 1236 2925 scite
1259 2886 1394 2925 secisse
1420 2889 1461 2922 et
1483 2894 1695 2937 personam

971 2944 1014 2982 in
1045 2943 1125 2983 hoc
1157 2944 1331 2997 pastoris
1365 2941 1469 2981 male
1512 2939 1694 2980 sustinu-
