1734 3320
285 167 773 262 cnmieon
805 209 953 278 ΜΒ.
988 209 1038 274 1,
1074 209 1371 264 sss-396
1487 167 1602 266 363·

0 372 7 376 -
66 337 366 388 Scintillare
388 337 597 400 oleum,
634 345 687 387 et
709 336 880 404 putris
904 339 1255 387 conci-'escere
1277 335 1486 404 fungos,

132 407 447 463 Neeminus
470 424 533 458 ex
554 406 716 457 imbri
737 406 878 457 soles
905 416 958 457 et
979 415 1160 473 aperta
1183 423 1374 458 serena

64 477 391 546 Prospicere⁹
401 486 456 528 et
482 478 639 528 certis
664 477 868 544 poteris
893 481 1230 542 cognoscere<
1244 477 1417 543 signis,

63 551 202 600 Nam
229 565 267 598 n
382 565 411 599 e
437 557 555 599 tum
581 547 743 598 stellis
765 547 903 598 acies
929 547 1120 597 obtusa
1143 546 1383 614 videtur,

62 621 175 670 Nee
192 616 369 681 fiatris
391 618 552 668 radiis
573 617 803 668 obnoxia
825 633 1043 684 surgere
1063 621 1238 683 Luna,

134 703 252 754 395.
285 712 548 763 mmmm
620 707 736 754 396.
772 702 948 763 LUNA3

108 820 181 856 393
205 818 385 855 eximbres
399 820 497 855 soles
513 818 649 854 Pierius
675 830 695 852 e
714 819 873 853 Romano
895 823 932 852 et
954 817 1133 852 nonnullis
1154 816 1326 864 antiquis,
1351 816 1447 863 quod
1464 817 1595 864 recipit

61 867 254 910 Martinus,
276 879 345 909 ne,
371 879 448 901 cum
467 878 550 900 mox
576 879 596 900 e
617 865 702 900 solis
721 872 759 898 et
774 866 930 900 siderum
957 865 1099 911 fulgore
1121 865 1306 911 praesagia
1333 864 1506 910 capienda
1533 865 1594 900 di-

62 920 208 958 cantum,
240 915 364 960 pluvio
384 914 482 948 caelo
502 915 541 947 id
567 914 684 947 facere
703 911 902 958 praecipiat
927 920 1047 958 poeta.
1094 913 1163 947 Sed
1194 920 1232 946 ut
1259 912 1330 946 hoc
1349 912 1505 957 argutius
1528 920 1594 957 est,

63 973 167 1008 quam
188 961 325 1005 verina,
357 974 438 996 nam
461 961 656 1007 pluviarum
678 960 863 994 intervalla
880 972 957 994 esse
974 967 1139 1006 possunt,
1171 959 1207 993 in
1227 960 1353 1006 quibus
1373 959 1500 994 stellae
1517 959 1594 994 ful-

63 1015 190 1055 genunt,
221 1009 273 1044 ita
291 1007 464 1044 eximbris
483 1009 560 1043 sola
580 1007 742 1052 analogia
761 1019 800 1041 se
819 1014 952 1041 tuetur.
985 1007 1069 1053 (vid.
1091 1008 1176 1042 Not.
1208 1007 1303 1051 W‘r.)
1351 1007 1464 1041 Porro
1484 1005 1613 1042 Reis-*

61 1056 143 1091 kim
169 1056 396 1091 ooniiciebat:
438 1056 537 1090 soles
598 1069 638 1089 er
662 1063 796 1102 aperta
825 1067 987 1089 serenos.
1090 1055 1163 1090 394
1197 1067 1400 1102 agnoscere
1429 1052 1592 1089 Parrhas.

62 1103 133 1140 395
156 1104 255 1138 Nam
279 1116 398 1150 neque
425 1111 471 1136 ut⁴
488 1104 560 1137 Got
588 1128 596 1136 .
616 1114 669 1148 pr.
717 1110 808 1136 tunc
835 1103 952 1135 astri-5·
978 1103 1077 1136 acies
1097 1100 1229 1136 obtusa
1250 1102 1372 1136 videri
1391 1101 1486 1146 apud
1502 1102 1593 1136 Gel-

61 1150 149 1185 lium
168 1152 215 1186 N.
236 1153 278 1186 A.
297 1151 376 1192 vn,
404 1151 471 1191 17;
505 1150 575 1184 hoc
602 1149 779 1194 posterius
800 1149 958 1195 impense
982 1149 1101 1194 placet
1122 1148 1293 1189 Heinsio3
1329 1156 1364 1182 et
1383 1148 1462 1193 ipse
1483 1149 1555 1184 hoc
1572 1162 1593 1184 a

63 1198 217 1244 Virgilio
234 1197 432 1245 profectum
453 1210 531 1232 esse
548 1197 682 1231 malim:
707 1205 745 1230 ut
762 1196 810 1230 sit
826 1196 868 1237 is,
889 1209 991 1242 quem
1008 1196 1218 1230 infinitivum
1236 1195 1444 1230 historicum
1462 1197 1592 1242 appel-

61 1245 158 1285 lant:
190 1246 332 1287 videri,
364 1253 539 1292 surgere,
565 1243 680 1291 ferri.
730 1244 791 1288 (At
808 1244 976 1277 memoria
997 1244 1133 1289 lapsum
1155 1244 1205 1278 ita
1226 1243 1409 1288 scripsisse
1428 1244 1592 1287 Gellium,

63 1292 176 1328 altera
196 1292 259 1326 illa
277 1292 462 1326 diversitas
483 1300 574 1326 tunc
590 1293 705 1325 astris
722 1291 806 1324 satis
823 1292 972 1336 probat3
1003 1303 1069 1325 nec
1089 1291 1187 1325 locus
1211 1291 1270 1325 hic
1291 1291 1463 1324 infinitivo
1481 1292 1593 1325 abso-

61 1340 151 1374 luto.
183 1340 254 1374 vid.
274 1342 319 1382 Q.
336 1341 381 1373 V.
399 1340 525 1381 XXX,
547 1340 580 1374 6.
621 1339 717 1382 Wr.)
767 1346 858 1371 tunc
878 1340 975 1372 acies
1001 1338 1121 1372 stellis
1140 1339 1280 1372 inverso
1305 1338 1430 1372 ordine
1453 1339 1591 1373 Zulich.

63 1396 142 1422 tum
158 1389 198 1422 in
216 1387 337 1422 stellis
352 1386 501 1420 Mentel.
519 1398 573 1430 pr.
607 1398 687 1419 cum
707 1386 828 1418 stellis
845 1385 900 1418 ed.
919 1385 1085 1419 Commel.
1178 1386 1250 1424 396
1274 1386 1353 1420 Nec
1361 1385 1505 1432 fratris
1523 1399 1592 1420 ra-

63 1435 137 1469 diis
156 1433 314 1469 obnoxia
334 1446 490 1482 surgere
512 1435 634 1467 Luna.
682 1432 766 1465 Cum
787 1432 1034 1477 interpretatio
1056 1432 1092 1465 in
1116 1432 1152 1465 h.
1172 1445 1205 1466 v.
1230 1433 1415 1475 haereret,
1442 1439 1478 1466 et
1496 1445 1591 1478 poe-

61 1488 122 1516 tae
147 1481 258 1515 menti
279 1487 316 1515 et
339 1481 405 1514 rei*
419 1486 633 1514 memoratae
653 1479 829 1513 contraria
850 1479 980 1521 exiret,
1012 1479 1087 1513 visa
1105 1479 1193 1512 mihi
1211 1486 1288 1513 erat
1307 1481 1402 1513 fraus
1421 1479 1533 1514 latere
1553 1481 1592 1514 in

1490 552 1593 602 395

62 1530 144 1564 Nec
160 1540 225 1574 pro
247 1541 315 1574 qua
332 1527 540 1562 sententiam
558 1526 742 1572 requirere
766 1530 816 1560 Et

842 1528 1064 1572 suspicabar;
1098 1526 1146 1561 ita
1167 1534 1205 1560 ut
1222 1527 1320 1561 locus
1340 1527 1392 1561 sic
1410 1528 1592 1573 procede-

62 1584 135 1610 ret:
160 1577 258 1611 Nam
275 1588 393 1622 neque
410 1584 487 1609 tum
507 1575 627 1608 stellis
644 1575 743 1607 acies
762 1573 894 1608 obtusa
914 1575 1042 1616 videri,
1066 1577 1117 1608 Ec
1128 1573 1272 1621 fratris
1294 1575 1411 1609 radiis
1433 1573 1591 1610 obnoxia

64 1636 221 1671 surgere
235 1624 358 1665 Luna,
374 1622 548 1656 infinitivo
564 1621 755 1661 historico;
776 1628 814 1654 ut
834 1634 955 1655 sensus
970 1621 1034 1655 sit:
1053 1634 1133 1655 nam
1150 1630 1187 1655 et
1205 1621 1386 1655 stellarum
1407 1621 1499 1656 acies
1518 1630 1590 1656 tum

63 1670 220 1705 cernitur
242 1682 318 1704 non
341 1670 487 1712 obtusa,
513 1678 550 1703 et
569 1668 693 1714 surgit,
718 1668 754 1701 in
774 1675 1003 1714 conspectum
1020 1669 1137 1711 venit,
1162 1669 1272 1702 Luna.
1309 1669 1411 1703 Nihil
1429 1668 1591 1714 impediti

62 1717 101 1751 in
119 1717 179 1752 his
195 1724 307 1759 esset5
331 1725 474 1752 ornatus
495 1729 617 1751 caussa
639 1715 830 1750 adiectum:

119 1822 382 1868 393—414.
416 1824 654 1876 Sequuntur
678 1836 800 1876 prae-

62 1883 170 1936 sagia
193 1882 441 1922 serenitatis:
480 1889 522 1921 et
548 1882 680 1934 primo
706 1882 800 1934 qui-

63 1941 158 1980 dem
184 1953 329 1994 usquex
346 1940 401 1979 ad.
434 1955 495 1980 vs,
525 1940 612 1982 400
649 1954 696 1978 ea
724 1940 799 1978 de-

63 2000 217 2041 clarata
248 2005 346 2038 sunt
374 2012 449 2052 per
477 1999 699 2037 absentiam
727 2011 798 2037 eo-

61 2072 177 2108 rm,
208 2071 311 2110 quae
330 2057 610 2110 impendentes
637 2057 797 2109 pluvias

63 2115 342 2169 significabant
370 2115 481 2168 apud
514 2114 687 2153 Aratum
712 2117 796 2156 206

63 2188 135 2226 sq.‚
154 2180 247 2213 tum
264 2173 414 2216 vs.401
431 2187 477 2211 ea
494 2173 677 2226 apposita
689 2178 798 2222 sunt,

64 2245 167 2285 quae
184 2246 296 2271 nunc
315 2231 435 2270 fiunt.
481 2229 546 2285 (ex
566 2231 697 2280 imbri,
719 2231 746 2271 i.
766 2244 800 2269 e.

63 2296 157 2344 post
188 2291 372 2329 imbrem.
440 2289 543 2328 Nam
583 2296 799 2342 postquam

62 2349 192 2388 imber
209 2348 392 2398 desierit,
420 2361 472 2386 ex
493 2348 613 2386 certis
629 2348 799 2398 quibus-

64 2407 159 2446 dam
182 2406 303 2459 signis
330 2420 566 2458 cognosces,
606 2406 798 2444 serenitas

10 2481 11 2485 ¹
62 2465 269 2517 reditura,
312 2478 364 2503 an
392 2478 500 2503 nova
532 2464 672 2517 pluvia
709 2477 798 2502 me-

62 2520 218 2562 tuenda
249 2523 314 2562 sit.
349 2524 421 2562 W
413 2521 469 2575 r.)
525 2523 696 2572 Serena,
749 2528 799 2561 ut

64 2596 245 2620 serenum
258 2612 269 2630 ,
311 2581 496 2619 absolute
527 2580 682 2619 dictum
694 2611 705 2630 ,
748 2586 799 2619 ut

66 2639 145 2677 alia
181 2639 297 2678 simili
337 2639 490 2689 modo,
531 2638 573 2678 h.
612 2652 799 2678 serenum

64 2697 221 2736 caelum
237 2727 250 2747 ‚
287 2697 399 2748 quod
432 2706 617 2748 apertum
659 2697 801 2736 vocari

64 2761 213 2808 potest,
229 2754 349 2793 nullis
362 2755 538 2794 nubibus
557 2756 800 2794 obductum:

66 2810 252 2866 καθαρὸν
263 2813 371 2864 φάος
384 2809 669 2866 ἀμβλύνεσθαι
687 2814 799 2852 dixe-

65 2877 133 2910 rat
152 2870 266 2909 Arat.
283 2871 493 2922 Prognost.
515 2874 623 2922 281,
654 2879 695 2911 et
721 2869 800 2923 φά-

65 2944 168 2982 τνην
197 2928 505 2982 καθαιρομένην
534 2926 670 2982 πάσης
699 2929 798 2971 ὖπέ-

67 2991 218 3042 νερθεν
249 2984 418 3040 ὁμίχλης
455 3000 496 3026 v.
528 2988 627 3038 265,
654 2988 725 3026 ubi
745 2987 799 3026 ad

855 1716 1000 1764 fratris
1020 1716 1139 1751 radiis
1157 1715 1333 1760 obnoxia,
1361 1716 1441 1751 soli.
1478 1717 1592 1763 Legi-

857 1836 983 1862 unam
1024 1823 1181 1862 stellam
1219 1822 1301 1862 hoc
1340 1825 1591 1877 praesagium

856 1882 1029 1933 retulit3
1069 1896 1163 1920 cum
1198 1881 1388 1934 Virgilius
1426 1884 1590 1939 omnino

857 1940 1063 1979 stellarum
1094 1941 1281 1979 obtusam
1323 1947 1364 1979 et
1395 1942 1591 1981 obscura-

857 2004 942 2036 tam
964 1999 1098 2037 lucem
1118 2005 1327 2038 memoret.
1378 2002 1475 2042 396.
1497 2002 1591 2039 Εὗρε

843 2056 995 2108 fratris
1038 2057 1166 2095 radiis
1208 2057 1381 2096 obnoxia
1430 2073 1592 2110 surgere

855 2116 996 2153 Luna.
1038 2116 1220 2154 Vexatus
1241 2116 1374 2166 locus3
1405 2130 1479 2154 nec
1494 2130 1592 2169 per-

856 2179 1037 2224 spectuS,
1074 2174 1151 2212 nisi
1176 2180 1313 2212 totum
1342 2174 1591 2214 coniunctim

854 2230 1017 2282 legeris:
1049 2233 1170 2270 ,Nam
1193 2246 1321 2284 neque
1338 2254 1397 2261 —
1417 2234 1508 2272 Nec
1534 2255 1592 2263 -—-

855 2303 936 2327 non
955 2312 1014 2319 —
1031 2304 1111 2328 non
1131 2303 1260 2341 usque
1284 2290 1337 2328 ad
1363 2303 1404 2329 v.
1422 2290 1519 2333 400.
1542 2297 1591 2329 ut

857 2347 997 2385 eadem
1050 2349 1250 2387 sententia
1297 2348 1592 2400 continuetur,

857 2420 941 2444 non
959 2411 1108 2457 autem,
1132 2413 1182 2445 ut
1203 2408 1324 2459 vulgo
1345 2406 1406 2456 fit,
1436 2408 1592 2460 priores

857 2463 939 2502 duo
959 2477 1100 2503 versus
1120 2467 1217 2507 396.
1230 2468 1298 2508 97.
1318 2465 1547 2505 seiunctum
1568 2480 1592 2503 a

857 2523 999 2561 ceteris
1034 2536 1196 2561 sensum
1221 2524 1485 2563 constituant.
1543 2524 1592 2562 In

855 2579 918 2619 his
936 2581 1100 2632 quidem
1111 2582 1311 2620 sententia
1332 2596 1405 2635 per
1419 2597 1459 2621 se
1477 2582 1592 2621 haud

857 2639 1034 2678 difficilis
1084 2646 1143 2678 est
1182 2641 1234 2679 ad
1278 2641 1590 2692 assequendum:

854 2698 996 2736 lunam
1034 2712 1140 2751 pura
1176 2705 1279 2738 tunc
1321 2700 1412 2737 luce
1447 2699 1589 2738 nitere.

855 2755 911 2795 At
946 2756 1072 2795 verba
1100 2757 1351 2796 contrarium
1383 2757 1590 2810 produnt:

855 2829 927 2852 nec
953 2816 1080 2854 Luna
1098 2818 1248 2868 surgit,
1278 2814 1321 2854 h.
1350 2828 1381 2853 e.
1400 2829 1483 2853 non
1505 2814 1590 2852 ori-

855 2879 926 2911 tur
935 2887 947 2923 3
977 2874 1109 2925 atqui,
1139 2874 1237 2912 caeli
1256 2873 1474 2911 serenitate
1491 2869 1590 2910 red-

856 2931 940 2969 dita
953 2961 964 2980 ‚
995 2932 1131 2970 stellae
1147 2933 1286 2971 lucent
1308 2937 1349 2968 et
1371 2931 1468 2968 luna
1489 2943 1590 2967 con-

855 2989 1011 3041 spectui
1027 2990 1228 3029 redditur.
1287 2988 1432 3028 Varios
1456 2988 1589 3026 inter-
