1734 3320
0 0 68 96 ff

0 98 8 119 ,ξ

246 144 734 241 (ιΕοιιθιοοΝ
769 145 1345 207 LIB.11‚127‚—;137
1455 156 1556 204 417

9 275 305 328 Auxilium
327 239 498 338 venit,
535 256 594 322 ac
612 271 877 322 membris
900 270 1005 335 agit
1027 278 1135 319 atra
1154 289 1401 327 venena

32 346 190 414 Ipsa
175 359 364 410 ingens
380 342 539 393 arbos
566 340 873 408 faciemque
895 338 1162 390 simillima
1186 340 1364 406 laur03

19 418 128 481 Et,
162 415 208 465 si
226 430 341 472 ιιοιι
364 413 526 463 alium
546 412 651 462 late
667 412 887 461 iactaret
910 409 1159 475 odorem,

33 489 239 537 Laurus
260 491 398 535 erat.
433 481 563 533 folia
582 481 732 532 haud
750 481 871 532 ullis
892 479 1125 531 labentia
1150 499 1184 530 v
1188 482 1347 543 entis;

33 555 160 607 Flos
177 553 248 604 ad
269 554 443 622 prima
464 562 646 604 tenax.
682 552 885 603 animas
904 560 959 602 et
977 550 1176 602 olentia
1191 525 1347 603 Medi

35 626 147 678 Ora
164 622 356 693 fovent
374 623 494 686 illo,
531 632 586 673 et
606 623 826 673 senibus
844 621 1186 672 medicantur
1206 622 1426 675 anhelis,
1460 630 1559 680 135

107 694 220 746 Sed
242 710 425 762 neque
448 692 769 756 Medorum,
806 691 965 742 silvae
996 691 1276 755 ditissima,
1313 701 1472 760 terra,

31 767 147 818 Nec
167 763 358 834 pulcer
376 766 614 829 GangeS,
652 772 814 831 atque
838 779 968 813 auro
995 761 1243 813 turbidus
1262 733 1512 830 hermus,

1400 284 1559 352 130

32 883 212 919 Aeneidos
227 889 373 924 notum,
406 893 576 916 novercas
601 881 714 915 innuit
731 882 843 915 Poeta
863 880 1101 927 privignorum
1131 881 1297 927 cupidine
1315 872 1560 927 inflammatas,

34 931 148 978 qualis
166 930 235 964 fuit
250 908 427 972 Phaedra,
448 928 584 963 Thesei
602 940 701 963 uxor.
725 931 772 963 At
789 928 848 962 hic
868 929 914 962 de
935 929 1096 962 novercis
1115 928 1241 973 agitur,
1265 941 1355 974 quae
1372 930 1560 986 privigno—

32 990 110 1013 rum
129 977 284 1012 fortunis
301 976 500 1019 inhiantes,
532 987 594 1010 eos
610 987 747 1010 veneno
765 976 962 1030 perimunt,
996 976 1180 1021 amplioris
1210 976 1416 1022 patrimonii
1436 978 1560 1013 liberis

3 1057 6 1059 .
33 1025 106 1060 suis
126 1023 339 1060 cmciliandi
357 1036 477 1058 causa:
507 1023 563 1058 cui
582 1023 704 1069 utique
727 1023 782 1056 rei
805 1023 991 1056 noxiorum
1009 1024 1218 1065 verborum,
1251 1036 1313 1057 seu
1331 1025 1459 1070 magici
1478 1039 1561 1060 car-

33 1071 138 1107 minis
156 1071 273 1106 nullus
294 1077 351 1105 est
370 1083 463 1104 usus.
509 1072 698 1104 Praeterea
727 1069 919 1103 verisimile
941 1082 1013 1103 non
1042 1077 1097 1104 est
1120 1070 1158 1104 in
1185 1049 1352 1104 absoluto
1381 1080 1560 1118 poemate,

34 1131 150 1166 eoque
165 1130 240 1154 non
255 1117 443 1153 admodum
462 1117 618 1164 prolixo,
642 1117 833 1162 Virgilium
850 1117 904 1151 bis
924 1117 1085 1151 eumdem
1100 1130 1239 1151 versum
1261 1117 1336 1151 sine
1353 1119 1423 1154 ulla
1441 1121 1561 1154 varie-

33 1173 109 1201 tate
133 1165 383 1201 adhibuissest‘
413 1165 509 1211 Wr.)
1129 1165 1194 1200 131
1213 1163 1389 1211 facieque
1413 1176 1561 1214 uterque

33 1213 154 1247 uad.
196 1213 329 1247 lauros
356 1212 489 1246 Medic.
515 1224 535 1246 a
561 1225 606 1246 m.
636 1224 690 1257 pr.
789 1212 858 1247 132
889 1220 1057 1245 ructaret
1085 1213 1344 1247 ven.134
1365 1214 1416 1247 ad
1439 1217 1563 1262 prima

31 1259 165 1295 Medic.
185 1267 223 1295 et
238 1259 453 1294 vetustiores
469 1259 579 1293 Pierii
596 1265 634 1293 et
651 1258 810 1300 Heinsii,
833 1258 918 1292 item
935 1265 1008 1292 tres
1024 1259 1183 1293 Martini.
1224 1261 1264 1292 In
1281 1258 1360 1293 aliis
1382 1264 1561 1308 appr-ima,

9 1323 21 1330 =
33 1308 210 1363 apprime.
306 1306 374 1342 135
398 1307 603 1340 medicatur
621 1307 711 1340 Ven.
793 1306 862 1341 136
885 1306 1068 1339 άιωιιεειηια
1086 1319 1205 1353 regna
1224 1306 1355 1341 Medic.
1375 1320 1395 1341 a
1414 1321 1459 1342 m.
1476 1321 1560 1352 sec.,

34 1353 323 1400 interpolatrice.
377 1353 627 1398 Accipiebatur
651 1353 738 1387 olim
767 1359 804 1386 et
828 1353 1018 1399 interpung
1000 1354 1160 1387 ⁰:ebatur
1203 1354 1399 1388 Medorum
1430 1357 1561 1398 sdvae,

34 1402 220 1436 ditissima
237 1409 359 1435 terra:
394 1401 446 1434 ita
464 1400 610 1445 languet
625 1400 829 1446 appositum
855 1399 935 1434 hoc.
961 1401 1094 1446 (regna
1117 1400 1228 1434 altera
1259 1400 1370 1435 lectio
1396 1403 1560 1438 Medicei.

39 1449 138 1493 Wr.)
220 1448 289 1484 137
313 1460 412 1481 aura
431 1448 560 1481 Medic.
581 1460 603 1481 a
622 1460 667 1480 ιιι.
684 1460 739 1492 pr.
764 1455 832 1480 aut
850 1460 945 1481 auro
956 1447 1091 1481 Zalich.
1113 1456 1150 1482 ut
1171 1449 1233 1489 lv,
1258 1449 1280 1483 9
1298 1459 1560 1494 neque—aut.

33 1495 205 1533 Variatur
221 1502 338 1530 tamen
355 1494 452 1536 haud
473 1506 544 1529 uno
558 1494 666 1528 modo
695 1494 840 1539 negatio
858 1493 998 1528 iterata.
1038 1507 1166 1542 neque.
1175 1495 1285 1529 Goth.
1306 1507 1376 1530 sec.
1398 1496 1419 1530 a
1439 1510 1484 1532 m.
1504 1510 1560 1543 pr.

606 1165 676 1200 130
705 1178 757 1211 ag
757 1173 853 1198 ttata
876 1164 1024 1198 Vratisl.

37 1604 134 1645 130.
172 1603 266 1654 agit
299 1607 362 1640 est
397 1601 554 1654 exigit,
591 1602 770 1655 expellit.

37 1658 136 1702 134.
163 1659 241 1699 Ad
253 1661 419 1712 prima,
459 1666 510 1699 ut
537 1662 581 1698 in
603 1663 766 1712 primis,

827 1600 958 1640 Media
973 1631 984 1650 ,
1014 1601 1129 1640 malis
1147 1602 1229 1640 suis
1246 1602 1365 1652 felix,
1395 1616 1472 1642 nec
1491 1603 1562 1642 ln-

830 1659 897 1698 dia
924 1660 1089 1712 proprie
1120 1659 1252 1710 dicta,
1292 1660 1345 1699 ad
1370 1661 1560 1716 Gangem,

0 1762 2 1764 v
33 1719 303 1770 cumprimis,
328 1719 529 1769 apprime,
545 1718 654 1757 inter
674 1719 771 1757 alias

35 1775 221 1815 arbores:
240 1789 327 1815 non
346 1776 453 1814 enim
477 1775 674 1815 decidunt
690 1777 770 1815 flo-

32 1846 100 1874 res
122 1833 220 1887 qito.
264 1833 420 1873 mederi
440 1833 642 1873 Parthos·
630 1835 679 1873 1is
693 1849 772 1887 po-

33 1893 111 1932 mis
143 1892 443 1945 graveolentiae
486 1893 568 1931 oris
591 1923 604 1943 ,
649 1894 773 1931 etiam

33 1949 188 1990 Plinius
202 1951 361 1990 monuit
380 1949 470 1989 eod.
486 1951 513 1990 1.
529 1957 624 2003 post
636 1950 772 1990 Theo-

34 2007 192 2062 phrast.
252 2009 348 2052 135.
369 2009 520 2062 fovent
545 2008 587 2048 h.
613 2016 770 2060 curant,

35 2063 336 2120 θεραπεύουσι,
355 2081 446 2105 cum
458 2081 555 2105 mox
571 2067 771 2106 substitu-

36 2130 145 2174 atur,
175 2124 439 2163 medicantur.
482 2125 556 2163 Est
574 2126 681 2163 enim
699 2139 770 2178 ge·-

36 2196 116 2221 nus
144 2194 286 2231 curae,
326 2183 566 2232 calefacere,
603 2183 770 2222 reficere

36 2239 197 2279 modico
218 2239 371 2290 calore,
404 2240 516 2292 quod
530 2241 691 2294 proprie
709 2248 772 2281 est

24 2298 173 2354 fovere
182 2313 199 2346 ;
221 2297 319 2336 hinc
336 2299 459 2338 latius
471 2300 593 2337 etiam
611 2299 661 2338 de
672 2300 770 2339 aliis.

98 2358 182 2398 136
200 2379 259 2385 —
280 2359 375 2399 176.
414 2357 604 2409 Sequitur
635 2358 771 2410 signa-

36 2413 216 2453 tissimus
229 2414 361 2464 locus,
394 2429 486 2455 cum
502 2429 583 2467 quo
603 2416 651 2454 cs.
669 2417 771 2455 Plin.

24 2471 91 2514 ,Η.
124 2471 174 2511 N.
198 2472 269 2511 lib.
298 2480 405 2512 extr.
446 2474 611 2526 Dionys.
643 2474 772 2513 Halic.

38 2529 71 2579 I,
92 2531 162 2572 36.
219 2531 419 2570 VarroR.
440 2532 489 2571 R.
505 2532 586 2582 I‚,2
618 2532 773 2585 digres-

41 2587 100 2626 sio
119 2587 166 2625 in
181 2588 323 2634 laudes
340 2589 502 2639 Italiae,
542 2603 642 2641 quas
661 2591 774 2629 simi-

39 2644 147 2684 libus
182 2638 356 2687 aliorum
389 2648 637 2701 scriptorum
675 2649 774 2687 locis

41 2702 221 2742 fimavit
265 2711 309 2743 et
359 2706 584 2745 illustravit
632 2707 774 2746 Cerda.

42 2761 307 2814 Quantopere
336 2770 473 2803 autem
500 2764 617 2803 cultu
651 2779 773 2818 prae-

42 2818 192 2857 stitisse
231 2821 463 2871 putabimus
507 2822 663 2861 Italiam
679 2854 691 2874 ,
740 2823 774 2861 si

44 2890 140 2915 cum
163 2881 401 2918 nostrorum
439 2886 670 2932 temporum
694 2880 774 2919 ha—

42 2934 136 2973 bitu
166 2947 255 2972 eam
291 2939 587 2989 comparemus!
635 2939 773 2991 Neque

115 3003 327 3053 Vnum..
370 3004 512 3054 ΤοΜ.
548 3005 588 3054 Ι.

829 1723 902 1756 aut
917 1717 1061 1770 Lydia,
1095 1719 1209 1757 cuius
1228 1725 1288 1757 est
1306 1719 1460 1759 aurifer
1478 1720 1561 1759 flu—

827 1775 919 1815 vius
938 1775 1127 1826 Hermus,
1158 1789 1179 1814 e
1199 1776 1372 1830 Phrygia
1393 1777 1562 1817 descen-

830 1833 951 1883 dens,
982 1840 1023 1872 et
1046 1848 1145 1873 mox
1171 1847 1267 1873 ‘cum
1296 1836 1461 1875 Pactolo
1490 1850 1563 1875 eo-

830 1892 923 1930 dem
957 1893 1071 1932 alveo
1110 1893 1337 1945 profluens,
1379 1907 1454 1933 nec
1481 1895 1562 1933 Ba-

829 1950 1009 2000 ctriana,
1040 1964 1170 2002 neque
1186 1951 1411 2004 Aethiopia,
1442 1959 1515 1992 aut
1530 1953 1562 1992 si

827 2009 956 2047 mavis
975 2039 986 2059 ,
1024 2009 1183 2060 reliqua
1244 2010 1360 2048 India
1378 2041 1390 2060 ,
1431 2024 1562 2063 neque

827 2066 978 2105 Arabia
995 2081 1088 2105 cum
1097 2067 1210 2106 Italia
1229 2069 1455 2119 comparari
1463 2075 1562 2122 pot-

827 2131 908 2175 est3
936 2125 1068 2163 multo
1087 2125 1219 2164 minus
1239 2125 1416 2177 Colchis,
1441 2141 1562 2166 mon-

828 2183 922 2222 stris
942 2182 1103 2222 infamis
1124 2196 1164 2221 v.
1185 2182 1279 2226 140.

899 2243 995 2283 136.
1040 2241 1159 2279 Patet
1195 2242 1324 2280 silvae
1360 2242 1563 2282 ditissima

828 2299 1076 2351 iungendum
1093 2311 1196 2337 esse:
1212 2299 1425 2339 Medorum
1437 2307 1561 2352 terra,

831 2357 1025 2396 ditissima
1061 2357 1184 2396 silvae
1221 2357 1273 2410 h.
1292 2371 1325 2397 e.
1354 2358 1562 2409 silvarum,

829 2430 928 2469 pro,
958 2415 1178 2466 malorum,
1213 2418 1425 2471 quas-ante
1443 2417 1563 2455 dixe-

829 2480 909 2512 rat.
978 2476 1073 2515 137.
1111 2488 1212 2511 auro
1237 2473 1418 2512 turbidus
1448 2477 1562 2514 Her-

831 2546 922 2570 mus
947 2545 1021 2584 per
1058 2532 1243 2584 oxymori
1278 2533 1449 2584 speciem
1485 2547 1561 2586 pro

832 2590 993 2628 aurifer.
1055 2590 1265 2642 Expressit
1290 2589 1402 2629 hunc
1426 2591 1563 2630 locum

830 2648 1027 2686 Martialis
1079 2648 1318 2700 Epigrzimm.
1350 2649 1458 2699 VIII,
1506 2651 1561 2691 78

834 2706 990 2744 turbato
1025 2706 1209 2744 sordidus
1239 2720 1339 2744 aum
1364 2709 1557 2745 Hermus,

832 2765 1047 2803 Subtiliter
1070 2764 1194 2816 magis
1218 2777 1339 2815 quam
1358 2778 1454 2803 vere
1471 2778 1563 2801 mo-

830 2829 902 2861 net
930 2822 1132 2861 Drakenb.
1165 2821 1219 2859 ad
1249 2822 1389 2860 Silium
1414 2822 1452 2871 Ι,
1479 2821 1561 2862 159

830 2881 1028 2919 Hermum
1048 2879 1262 2918 turbidum
1279 2892 1362 2917 non
1376 2893 1462 2928 suo,
1492 2877 1563 2916 sed

833 2953 934 2978 auro
953 2951 1026 2991 per
1041 2937 1253 2976 Pactolum
1271 2935 1385 2997 illato
1396 2966 1408 2986 ,
1439 2935 1562 2988 signi-

1210 3004 1279 3050 27
