1734 3320
173 183 278 234 572
514 184 568 233 Ρ.
606 182 957 233 VIRGILII
991 182 1358 235 MARONIS

141 303 147 309 ⁷
172 313 470 376 Postquam
492 318 669 358 exusta
690 308 856 376 palm,
880 318 1166 376 terraeque
1185 310 1380 360 ardore
1403 309 1702 375 dehiscunt,

171 379 355 430 Exsilit
379 379 434 428 in
458 379 685 443 siccum,
725 388 778 429 et
802 376 1133 429 flammantia
1153 380 1356 430 lumina
1380 389 1642 448 torquens

175 450 351 501 Saevit
372 450 506 515 agris
522 491 535 515 ,
575 466 838 517 asperque
861 450 944 500 siti
963 459 1124 519 atque
1147 452 1424 502 exterritus
1448 460 1609 503 aestu.

242 550 719 598 432.nEn1chNr.·

216 663 287 699 432
311 671 444 697 exusta
471 662 667 708 repositum
697 661 740 695 ab
771 661 918 705 Heins.‚
954 661 1004 696 ita
1036 662 1128 696 enim
1153 663 1360 697 veterrimus
1388 664 1556 710 quisque,
1589 669 1625 698 et
1652 663 1703 698 sic

171 711 262 744 bene
281 711 352 744 dici
373 711 525 744 docebat
543 712 658 743 Burm
676 709 712 742 h.
731 708 756 743 l.
798 709 869 743 Sed
892 706 1093 743 confirmem
1114 710 1219 744 etiam
1241 723 1282 744 ex
1301 710 1473 745 Nicandri
1491 711 1585 754 loco,
1610 711 1703 744 unde

175 758 371 804 expressit:
407 754 493 791 αλλ’
513 769 608 792 οταν
630 752 737 800 ὕδωρ
760 755 913 801 Σείριος
934 753 1092 803 ἅζήνῃσι
1113 757 1161 803 (h.
1181 757 1364 805 ξηραίνῃ).
1410 760 1594 793 exhausta
1621 758 1703 792 vul-

170 818 216 851 go
236 806 444 851 legebatur,
480 811 519 838 ut
540 811 576 838 et
599 804 635 837 in
656 804 818 838 Mediceo
848 804 957 838 Pie-rii
977 812 1053 838 erat
1071 794 1345 851 intelpolatum,
1379 811 1416 839 et
1442 814 1479 840 ut
1497 806 1589 840 Gud.
1610 793 1702 839 Ὓεῐι.

170 854 280 887 Goth.
310 865 364 899 pr.
393 859 429 886 et
464 851 582 898 plures
613 851 757 885 Martini
788 851 1016 886 exhibebant.
1064 855 1096 887 A
1119 853 1238 886 Mead.
1266 853 1380 887 altero
1410 854 1536 888 aberat
1560 865 1593 887 v.
1619 851 1702 889 432.
1720 876 1724 883 ‹

168 900 239 937 433
263 900 410 934 Extultt
436 899 564 934 Medic.
598 900 827 945 depravatum
862 911 903 932 ex
930 900 1067 942 exam,
1109 900 1205 946 quod
1235 901 1376 945 Menag.
1406 913 1459 946 pr.
1491 900 1702 941 exhibebat;

170 960 376 994 quamquam
395 946 517 980 Heius.
541 947 587 980 ad
604 950 690 981 Aen.
709 948 752 987 Π,
777 947 848 982 207
870 946 960 980 illud
980 959 1023 980 ex
1044 959 1086 981 eo
1107 960 1170 981 usu
1199 947 1436 991 defendebat,
1461 960 1531 994 quo
1556 961 1596 982 se
1614 948 1702 981 snb—

168 996 318 1037 ticetur,
362 994 398 1028 h.
430 995 558 1027 extulit
589 1007 638 1028 se.
696 995 799 1028 Exnt
825 995 987 1039 Longob.
1020 1001 1057 1028 et
1085 994 1214 1028 Medic.
1242 995 1343 1028 multi
1370 975 1492 1029 Heins.
1523 1002 1559 1029 et
1585 997 1701 1029 Burm.
1728 996 1730 999 '

167 1021 338 1077 Arunde'l.
361 1048 398 1074 et
417 1042 536 1076 Mead.
558 1042 666 1075 Goth.
698 1041 772 1084 alt„
798 1041 912 1075 minus
941 1042 1045 1076 bene.
1095 1051 1132 1076 et
1150 1043 1274 1076 aberat
1300 1056 1320 1076 a
1339 1043 1451 1088 Regio
1476 1041 1640 1082 Martini·
1665 1042 1703 1076 in

170 1090 296 1123 eodem
322 1090 463 1123 lamma
496 1090 678 1135 lmqaens.
792 1086 865 1124 434
889 1091 1014 1136 Serpit
1047 1089 1183 1123 Zulich.
1232 1102 1414 1145 asperque
1439 1091 1546 1124 sinus
1571 1089 1701 1124 Medic.

169 1150 189 1171 a
207 1151 251 1171 m.
273 1150 326 1183 pr.
377 1138 560 1170 exercitas
585 1144 692 1170 aestu
715 1135 751 1168 in
779 1136 958 1169 nonnullis
983 1137 1056 1182 legi
1078 1137 1191 1171 Cerda
1220 1137 1370 1171 notavit.
1419 1137 1477 1171 Sic
1495 1137 1701 1171 Colotianus

168 1185 316 1227 habuit,
349 1191 385 1217 et
406 1183 494 1217 alius
519 1184 598 1217 cod.
619 1183 794 1217 Dorvillio
826 1192 1035 1218 memoratus
1054 1185 1155 1218 Obss.
1182 1184 1284 1219 Misc.
1311 1185 1396 1219 Crit.
1423 1185 1504 1218 Vol.
1525 1186 1552 1226 1,
1571 1197 1641 1230 pag
1667 1185 1700 1227 3,

169 1232 288 1278 sicque
314 1231 459 1277 legebat
486 1231 540 1264 vi1
568 1231 692 1264 doctus
726 1231 820 1276 apud
846 1231 1042 1265 Markland.
1071 1234 1136 1278 Ep.
1169 1232 1247 1266 crit.
1278 1233 1324 1266 ad
1353 1234 1474 1266 Franc.
1496 1234 1590 1266 Hare
1618 1244 1700 1277 pag.

169 1282 259 1319 1213
287 1280 394 1313 etiam
417 1280 467 1312 Io.
488 1279 676 1313 Schrader.
726 1278 822 1311 Idem
843 1279 965 1312 Heins.
984 1291 1050 1325 pro
1069 1279 1275 1313 coniectura
1292 1280 1549 1325 adscripserat;
1575 1280 1701 1313 Mark-

165 1327 291 1361 landus
314 1327 539 1361 extorerdus
586 1327 626 1359 In
649 1326 774 1359 eodem
795 1326 896 1360 Obss.
920 1326 1005 1360 Crit.
1031 1326 1110 1361 loco
1134 1328 1350 1375 expergitus
1376 1326 1603 1361 coniectatur.
1646 1328 1702 1372 (In

165 1375 244 1429 ipso
264 1374 408 1415 Medic„
435 1374 531 1419 quod
551 1373 643 1418 fugit
666 1373 870 1416 Heinsium,
895 1374 1000 1407 litera
1020 1383 1036 1407 t
1058 1375 1165 1408 rubro
1186 1382 1317 1420 puncto
1339 1381 1479 1415 notata,
1505 1382 1578 1408 tum
1594 1386 1701 1421 supra

165 1414 317 1456 alteram
335 1435 355 1456 r
376 1421 483 1455 litera
501 1434 521 1455 c
538 1421 647 1455 minio
669 1421 834 1467 appicta‚
859 1428 898 1455 ut
916 1422 978 1455 fiat
997 1430 1192 1456 exercttaS.
1225 1422 1320 1467 Wr.)
1369 1425 1416 1456 At
1434 1422 1516 1456 vide
1532 1423 1620 1456 Not.

164 1525 443 1574 prorumpunt
463 1532 524 1570 se3
554 1525 602 1557 ut
631 1518 701 1557 Ge.
721 1518 787 1568 IV,
808 1520 905 1561 368.

165 1579 245 1629 hic,
264 1579 307 1617 in
319 1578 428 1632 ripis,
447 1577 642 1617 abundat.
657 1575 756 1632 (non
780 1577 906 1616 abun-

166 1638 258 1688 dat3
289 1637 372 1677 vid.
393 1637 440 1676 V.
456 1637 499 1675 L.
529 1634 648 1691 Wr.)
709 1634 807 1679 431.
838 1638 905 1674 in—

163 1697 348 1749 gluviem
397 1694 619 1748 improprie
672 1694 778 1733 dixit
824 1708 901 1747 pro

164 1761 331 1804 ventre,
379 1754 532 1792 utiam
565 1753 758 1803 Servius3
808 1767 904 1791 nam

163 1813 328 1866 proprie
349 1818 410 1850 est
431 1807 654 1865 πρόλοβος,
687 1817 735 1849 ut
750 1811 792 1849 in
813 1811 903 1850 avi-

163 1871 252 1921 bus,
284 1871 462 1923 primum
481 1870 523 1908 in
546 1875 713 1922 gutture
736 1869 813 1907 cibi
833 1883 903 1908 re—

166 1930 435 1982 ceptaculum.
476 1928 637 1966 Laudat
659 1928 787 1966 Cerda
805 1927 901 1966 Ari—

165 1995 260 2028 stot.
290 1988 443 2027 Histor.
474 1986 605 2025 Anim.
632 1986 681 2036 II,
711 2000 744 2025 c.
773 1989 837 2028 17.
855 1987 902 2025 cs.

163 2047 234 2086 inf.
260 2047 354 2086 Var.
381 2047 488 2085 Lect.
525 2045 577 2083 ad
604 2043 702 2083 Aen.
732 2044 781 2094 II,
804 2043 902 2087 471.

164 2106 305 2145 Silium
330 2105 431 2144 haec
455 2104 659 2143 imitatum
690 2116 793 2152 esse,
825 2117 903 2141 no-

163 2171 228 2203 tat
259 2164 379 2203 idem.
449 2164 579 2202 Locus
616 2168 677 2200 est
720 2161 789 2200 lib.
825 2161 900 2212 VI,

167 2223 314 2266 155—
338 2222 433 2265 158.
464 2230 598 2260 atram
620 2228 754 2259 autem
785 2219 900 2270 dixit,

162 2279 205 2320 h.
223 2282 451 2330 funestam,
483 2279 706 2329 exitiosam,
736 2279 903 2317 luctuo-

165 2353 261 2378 sam.
322 2337 548 2390 Improba-9,
579 2337 793 2376 immodice
813 2337 903 2376 avi-

165 2398 253 2448 dus,
272 2411 416 2437 vorax.
429 2396 515 2436 vid.
537 2396 589 2434 ad
608 2395 790 2448 Georg.I,
808 2398 901 2437 119.

222 2455 319 2498 432.
350 2456 462 2494 Haec
490 2455 610 2507 plane
646 2469 665 2492 e
694 2453 900 2493 Nicandro

162 2515 190 2553 l.
211 2514 238 2553 l.
277 2513 374 2555 434.
397 2515 534 2551 Saevit
565 2515 693 2565 agris,
725 2514 901 2565 gravius,

164 2587 255 2611 cum
283 2572 449 2610 notione
474 2571 579 2621 irae,
619 2585 739 2622 quam
761 2571 897 2623 serpit,

161 2630 316 2670 incedit
334 2644 408 2683 per
421 2644 546 2681 agros.
571 2629 773 2668 Nicander
789 2629 899 2667 dixe-

162 2696 230 2729 rat
269 2704 308 2729 v.
349 2691 429 2731 371
487 2686 650 2739 νέμεται
696 2683 899 2739 διψήρεας

165 2746 332 2803 ὄγμους.
379 2747 584 2785 exterritus
607 2776 618 2795 ,
652 2745 898 2797 Interpreti-

162 2807 238 2845 bus
266 2805 469 2858 negotium
496 2804 613 2854 feeit,
662 2817 755 2841 cum
785 2811 900 2841 aestu.

161 2866 360 2904 iunctum.
414 2863 461 2902 In
491 2862 605 2901 Obss.
645 2861 757 2900 Mise.
798 2860 897 2899 Crit.

163 2923 251 2964 Vol.
276 2924 315 2973 I,
342 2936 430 2976 pag.
463 2924 489 2963 3
516 2926 557 2959 et
590 2922 644 2962 83
673 2919 818 2969 modo,
849 2925 898 2958 ut

164 2981 394 3036 φοβηθεὶς,
422 2980 568 3033 ficrore
599 2978 778 3032 quodam
797 2992 897 3030 per-

964 1521 1089 1569 citus,
1130 1521 1350 1569 excitatas,
1396 1524 1470 1564 aut
1505 1526 1701 1558 exterrens

963 1592 1024 1628 se,
1056 1577 1180 1616 modo
1212 1577 1262 1616 de
1298 1577 1486 1616 saevitiae
1517 1590 1568 1616 ex
1588 1576 1700 1616 calo-

961 1636 1017 1675 ris
1039 1636 1080 1676 vi
1110 1636 1442 1687 exacerbatione,
1479 1635 1602 1675 modo
1624 1634 1701 1677 ἐκ-

961 1694 1150 1749 πλαγεὶς,
1194 1703 1374 1747 punctus
1397 1725 1408 1745 ,
1457 1696 1501 1733 in
1547 1693 1700 1733 rabiem

963 1768 1100 1791 versus
1115 1784 1125 1804 ,
1177 1753 1416 1805 explicatur.
1478 1753 1700 1806 Simplicis-

963 1811 1107 1850 simum
1127 1811 1270 1863 utique
1290 1818 1362 1861 est,
1389 1817 1435 1850 ut
1443 1811 1607 1863 ficrens,
1631 1813 1699 1849 in·-

961 1884 1086 1907 samcs
1105 1876 1336 1922 exponatur
1352 1884 1363 1920 ;
1403 1883 1496 1908 nam
1516 1881 1699 1923 synony-

960 1942 1027 1966 ma
1061 1927 1295 1967 habentur:
1336 1928 1615 1978 consternari,
1651 1941 1699 1965 a—

963 1987 1115 2025 mentia
1147 1986 1320 2039 corripi,
1354 1987 1500 2026 furere.
1558 1987 1605 2025 In
1624 1986 1698 2025 Ni-

963 2045 1106 2084 candri
1123 2045 1213 2084 loco
1225 2076 1235 2095 ,
1267 2058 1384 2096 quem
1401 2051 1521 2099 poeta
1539 2044 1607 2084 hic
1628 2058 1697 2083 re-

961 2110 1221 2156 praesentare
1242 2103 1393 2154 voluit,
1424 2118 1464 2143 v.
1483 2106 1564 2146 371
1587 2102 1697 2142 The-

960 2163 1056 2201 riae.
1090 2163 1176 2216 ipse
1210 2175 1372 2215 serpens
1412 2168 1542 2202 tenet
1580 2162 1696 2200 alios:

962 2220 1004 2262 ἐν
1035 2218 1079 2261 δὲ
1108 2217 1324 2270 κελεύθοις
1349 2217 1516 2289 Πώσσῃ
1537 2216 1697 2272 ποιφύ-

961 2280 1064 2333 γόην
1095 2279 1258 2333 νέμεται
1288 2275 1491 2333 διψήρεας
1530 2276 1695 2333 ὄγμους.

962 2339 1005 2375 in
1036 2339 1115 2376 viis
1143 2352 1233 2377 tero
1264 2338 1433 2390 linguae
1471 2337 1587 2376 sibilo
1622 2352 1696 2375 ex-

961 2395 1216 2448 terrefaciens
1258 2396 1407 2434 incedit
1447 2411 1527 2448 per
1569 2397 1696 2433 siccos

961 2468 1099 2506 agros.
1133 2453 1266 2493 Schol.
1296 2470 1340 2495 το
1375 2451 1419 2495 δὲ
1455 2449 1696 2507 ποιφύγδην

963 2508 1054 2552 οἷντὶ
1071 2515 1146 2554 τοῦ
1164 2515 1400 2564 φυσητικαῒς
1418 2512 1488 2553 καὶ
1509 2507 1611 2565 μεθ’
1627 2510 1696 2566 ὅρ-

959 2573 1042 2624 μῆς
1072 2570 1278 2622 ἐκφοβῶν.
1323 2570 1469 2619 Sibila,
1501 2585 1695 2624 τραγικω-

958 2627 1083 2680 τέρως
1108 2627 1247 2667 reddit
1277 2626 1463 2681 Aeschyl.
1495 2630 1604 2681 Sept.
1640 2627 1694 2667 ad

959 2685 1034 2724 Th.
1055 2689 1137 2728 383
1161 2685 1694 2741 Τγᾶθιιε-μεσημβριναῖς

958 2747 1193 2798 κλαγγαῖσιν
1212 2742 1267 2793 οἷς
1292 2741 1455 2798 δράκων
1475 2747 1566 2802 βοᾷ.
1612 2744 1694 2783 Sed

956 2803 1075 2855 petiit
1102 2808 1220 2854 poeta
1247 2817 1366 2842 suum
1407 2806 1613 2842 exterritus
1641 2817 1693 2842 ex

959 2861 1035 2899 alio
1065 2860 1156 2899 loco
1188 2875 1227 2900 v.
1254 2860 1352 2911 417,
1388 2861 1458 2901 ubi
1482 2861 1531 2900 de
1550 2862 1691 2914 dryino

957 2932 1028 2958 seu
1048 2918 1261 2972 chelydro:
1303 2920 1451 2958 relictis
1471 2921 1540 2958 ille
1561 2920 1692 2971 palu-

956 2977 1095 3029 dibus,
1127 2992 1279 3017 venans
1292 2993 1373 3030 per
1395 2986 1520 3030 prata
1548 2993 1688 3027 ναηαε,
