<?xml version="1.0" encoding="UTF-8"?>
<!DOCTYPE html PUBLIC "-//W3C//DTD XHTML 1.0 Transitional//EN"
    "http://www.w3.org/TR/xhtml1/DTD/xhtml1-transitional.dtd">
<html xmlns="http://www.w3.org/1999/xhtml" xml:lang="en" lang="en">
 <head>
  <title>
</title>
<meta http-equiv="Content-Type" content="text/html;charset=utf-8" />
  <meta name='ocr-system' content='tesseract 3.04.00' />
  <meta name='ocr-capabilities' content='ocr_page ocr_carea ocr_par ocr_line ocrx_word'/>
</head>
<body>
  <div class='ocr_page' id='page_1' title='image "./publiusvirgilius01virguoft/publiusvirgilius01virguoft_0488.png"; bbox 0 0 1768 3320; ppageno 0'>
   <div class='ocr_carea' id='block_1_1' title="bbox 227 211 328 260">
    <p class='ocr_par' dir='ltr' id='par_1_1' title="bbox 227 211 328 260">
     <span class='ocr_line' id='line_1_1' title="bbox 227 211 328 260; baseline 0 -1"><span class='ocrx_word' id='word_1_1' title='bbox 227 211 328 260; x_wconf 74' lang='lat'><em>320</em></span> 
     </span>
    </p>
   </div>
   <div class='ocr_carea' id='block_1_2' title="bbox 564 207 1412 260">
    <p class='ocr_par' dir='ltr' id='par_1_2' title="bbox 564 207 1412 260">
     <span class='ocr_line' id='line_1_2' title="bbox 564 207 1412 260; baseline -0.001 -2"><span class='ocrx_word' id='word_1_2' title='bbox 564 209 620 259; x_wconf 88' lang='grc' dir='ltr'><em>Ρ.</em></span> <span class='ocrx_word' id='word_1_3' title='bbox 664 209 1007 260; x_wconf 89' lang='lat' dir='ltr'><strong>VIRGILII</strong></span> <span class='ocrx_word' id='word_1_4' title='bbox 1050 207 1412 260; x_wconf 88' lang='lat' dir='ltr'><strong>MARONIS</strong></span> 
     </span>
    </p>
   </div>
   <div class='ocr_carea' id='block_1_3' title="bbox 215 333 1609 474">
    <p class='ocr_par' dir='ltr' id='par_1_3' title="bbox 215 333 1609 474">
     <span class='ocr_line' id='line_1_3' title="bbox 215 333 1529 401; baseline -0.001 -14"><span class='ocrx_word' id='word_1_5' title='bbox 215 335 424 388; x_wconf 70' lang='lat' dir='ltr'><em>induet</em></span> <span class='ocrx_word' id='word_1_6' title='bbox 444 336 499 386; x_wconf 91' lang='lat' dir='ltr'><em>in</em></span> <span class='ocrx_word' id='word_1_7' title='bbox 517 333 715 386; x_wconf 89' lang='lat' dir='ltr'><em>florem</em></span> <span class='ocrx_word' id='word_1_8' title='bbox 729 376 742 401; x_wconf 88' lang='lat'>‚</span> <span class='ocrx_word' id='word_1_9' title='bbox 782 343 836 385; x_wconf 83' lang='lat' dir='ltr'><em>et</em></span> <span class='ocrx_word' id='word_1_10' title='bbox 854 352 1034 385; x_wconf 83' lang='lat' dir='ltr'><em>ramos</em></span> <span class='ocrx_word' id='word_1_11' title='bbox 1056 335 1293 386; x_wconf 79' lang='lat' dir='ltr'><strong>curvabit</strong></span> <span class='ocrx_word' id='word_1_12' title='bbox 1315 333 1529 386; x_wconf 87' lang='lat' dir='ltr'><strong>olentis:</strong></span> 
     </span>
     <span class='ocr_line' id='line_1_4' title="bbox 228 404 1609 474; baseline -0.004 -16"><span class='ocrx_word' id='word_1_13' title='bbox 228 408 284 458; x_wconf 92' lang='lat' dir='ltr'><em>Si</em></span> <span class='ocrx_word' id='word_1_14' title='bbox 307 415 562 474; x_wconf 80' lang='lat' dir='ltr'><em>superant</em></span> <span class='ocrx_word' id='word_1_15' title='bbox 579 404 746 470; x_wconf 79' lang='lat' dir='ltr'><em>fetuS‚</em></span> <span class='ocrx_word' id='word_1_16' title='bbox 781 406 980 472; x_wconf 81' lang='lat' dir='ltr'><em>pariter</em></span> <span class='ocrx_word' id='word_1_17' title='bbox 1000 404 1274 456; x_wconf 83' lang='lat' dir='ltr'><em>frumenta</em></span> <span class='ocrx_word' id='word_1_18' title='bbox 1297 413 1609 473; x_wconf 84' lang='lat' dir='ltr'><em>sequentur,</em></span> 
     </span>
    </p>
   </div>
   <div class='ocr_carea' id='block_1_4' title="bbox 224 475 1526 544">
    <p class='ocr_par' dir='ltr' id='par_1_4' title="bbox 224 475 1526 544">
     <span class='ocr_line' id='line_1_5' title="bbox 224 475 1526 544; baseline -0.002 -16"><span class='ocrx_word' id='word_1_19' title='bbox 224 482 526 544; x_wconf 78' lang='lat' dir='ltr'><strong>Magnaque</strong></span> <span class='ocrx_word' id='word_1_20' title='bbox 557 493 681 526; x_wconf 92' lang='lat' dir='ltr'><em>cum</em></span> <span class='ocrx_word' id='word_1_21' title='bbox 696 491 893 541; x_wconf 81' lang='lat' dir='ltr'><strong>magno</strong></span> <span class='ocrx_word' id='word_1_22' title='bbox 916 476 1098 532; x_wconf 79' lang='lat' dir='ltr'><em>veniet</em></span> <span class='ocrx_word' id='word_1_23' title='bbox 1115 477 1299 526; x_wconf 79' lang='lat' dir='ltr'><em>tritura</em></span> <span class='ocrx_word' id='word_1_24' title='bbox 1325 475 1526 538; x_wconf 82' lang='lat' dir='ltr'><em>calore3</em></span> 
     </span>
    </p>
   </div>
   <div class='ocr_carea' id='block_1_5' title="bbox 1651 479 1750 527">
    <p class='ocr_par' dir='ltr' id='par_1_5' title="bbox 1651 479 1750 527">
     <span class='ocr_line' id='line_1_6' title="bbox 1651 479 1750 527; baseline 0 -1"><span class='ocrx_word' id='word_1_25' title='bbox 1651 479 1750 527; x_wconf 84' lang='lat'><em>190</em></span> 
     </span>
    </p>
   </div>
   <div class='ocr_carea' id='block_1_6' title="bbox 225 544 1375 600">
    <p class='ocr_par' dir='ltr' id='par_1_6' title="bbox 225 544 1375 600">
     <span class='ocr_line' id='line_1_7' title="bbox 225 544 1375 600; baseline -0.002 -1"><span class='ocrx_word' id='word_1_26' title='bbox 225 551 295 600; x_wconf 80' lang='lat' dir='ltr'><em>At</em></span> <span class='ocrx_word' id='word_1_27' title='bbox 313 549 356 598; x_wconf 89' lang='lat' dir='ltr'><strong>si</strong></span> <span class='ocrx_word' id='word_1_28' title='bbox 381 547 584 598; x_wconf 83' lang='lat' dir='ltr'><em>luxuria</em></span> <span class='ocrx_word' id='word_1_29' title='bbox 606 544 867 599; x_wconf 87' lang='lat' dir='ltr'><em>foliorum</em></span> <span class='ocrx_word' id='word_1_30' title='bbox 888 546 1142 598; x_wconf 77' lang='lat' dir='ltr'><strong>exuberat</strong></span> <span class='ocrx_word' id='word_1_31' title='bbox 1157 546 1375 597; x_wconf 85' lang='lat' dir='ltr'><em>umbra:</em></span> 
     </span>
    </p>
   </div>
   <div class='ocr_carea' id='block_1_7' title="bbox 275 693 1750 742">
    <p class='ocr_par' dir='ltr' id='par_1_7' title="bbox 275 693 1750 742">
     <span class='ocr_line' id='line_1_8' title="bbox 275 693 1750 742; baseline -0.004 -7"><span class='ocrx_word' id='word_1_32' title='bbox 275 700 343 735; x_wconf 87' lang='lat'><em>188</em></span> <span class='ocrx_word' id='word_1_33' title='bbox 366 699 499 734; x_wconf 79' lang='lat' dir='ltr'><em>Induit</em></span> <span class='ocrx_word' id='word_1_34' title='bbox 528 705 564 732; x_wconf 89' lang='lat' dir='ltr'><em>et</em></span> <span class='ocrx_word' id='word_1_35' title='bbox 593 698 767 731; x_wconf 66' lang='lat' dir='ltr'><em>curvavit</em></span> <span class='ocrx_word' id='word_1_36' title='bbox 781 697 954 731; x_wconf 81' lang='lat' dir='ltr'><strong>Rufinian.</strong></span> <span class='ocrx_word' id='word_1_37' title='bbox 982 697 1028 731; x_wconf 88' lang='lat' dir='ltr'><strong>de</strong></span> <span class='ocrx_word' id='word_1_38' title='bbox 1046 696 1242 731; x_wconf 85' lang='lat' dir='ltr'><strong>Schematis</strong></span> <span class='ocrx_word' id='word_1_39' title='bbox 1262 696 1392 731; x_wconf 86' lang='lat' dir='ltr'><strong>Lexios</strong></span> <span class='ocrx_word' id='word_1_40' title='bbox 1415 708 1497 742; x_wconf 87' lang='lat' dir='ltr'><strong>pag.</strong></span> <span class='ocrx_word' id='word_1_41' title='bbox 1512 693 1571 733; x_wconf 83' lang='lat'><em>34.</em></span> <span class='ocrx_word' id='word_1_42' title='bbox 1618 694 1750 729; x_wconf 71' lang='lat' dir='ltr'><em>Induit</em></span> 
     </span>
    </p>
   </div>
   <div class='ocr_carea' id='block_1_8' title="bbox 227 743 996 782">
    <p class='ocr_par' dir='ltr' id='par_1_8' title="bbox 227 743 996 782">
     <span class='ocr_line' id='line_1_9' title="bbox 227 743 996 782; baseline -0.004 -1"><span class='ocrx_word' id='word_1_43' title='bbox 227 748 318 782; x_wconf 87' lang='lat' dir='ltr'><em>Gud.</em></span> <span class='ocrx_word' id='word_1_44' title='bbox 366 746 538 780; x_wconf 77' lang='lat' dir='ltr'><em>curvavit</em></span> <span class='ocrx_word' id='word_1_45' title='bbox 564 745 694 778; x_wconf 82' lang='lat' dir='ltr'><strong>Medic.</strong></span> <span class='ocrx_word' id='word_1_46' title='bbox 742 743 887 778; x_wconf 77' lang='lat' dir='ltr'><em>curabit</em></span> <span class='ocrx_word' id='word_1_47' title='bbox 904 746 996 779; x_wconf 84' lang='lat' dir='ltr'><strong>Ven.</strong></span> 
     </span>
    </p>
   </div>
   <div class='ocr_carea' id='block_1_9' title="bbox 227 791 948 836">
    <p class='ocr_par' dir='ltr' id='par_1_9' title="bbox 227 791 948 836">
     <span class='ocr_line' id='line_1_10' title="bbox 227 791 948 836; baseline -0.004 -8"><span class='ocrx_word' id='word_1_48' title='bbox 227 795 272 828; x_wconf 88' lang='lat' dir='ltr'><em>ad</em></span> <span class='ocrx_word' id='word_1_49' title='bbox 299 807 350 827; x_wconf 87' lang='lat' dir='ltr'><strong>vs.</strong></span> <span class='ocrx_word' id='word_1_50' title='bbox 376 794 452 831; x_wconf 88' lang='lat'>155.</span> <span class='ocrx_word' id='word_1_51' title='bbox 503 793 652 826; x_wconf 75' lang='lat' dir='ltr'><em>olentes</em></span> <span class='ocrx_word' id='word_1_52' title='bbox 678 791 807 824; x_wconf 86' lang='lat' dir='ltr'><strong>Medic.</strong></span> <span class='ocrx_word' id='word_1_53' title='bbox 852 791 948 836; x_wconf 88' lang='lat' dir='ltr'><em>Wr.)</em></span> 
     </span>
    </p>
   </div>
   <div class='ocr_carea' id='block_1_10' title="bbox 1046 742 1750 837">
    <p class='ocr_par' dir='ltr' id='par_1_10' title="bbox 1046 742 1750 837">
     <span class='ocr_line' id='line_1_11' title="bbox 1046 742 1749 789; baseline -0.003 -11"><span class='ocrx_word' id='word_1_54' title='bbox 1046 744 1192 789; x_wconf 71' lang='lat' dir='ltr'><em>(induet</em></span> <span class='ocrx_word' id='word_1_55' title='bbox 1218 744 1241 777; x_wconf 92' lang='lat' dir='ltr'><em>i.</em></span> <span class='ocrx_word' id='word_1_56' title='bbox 1270 756 1299 778; x_wconf 88' lang='lat' dir='ltr'><strong>e.</strong></span> <span class='ocrx_word' id='word_1_57' title='bbox 1327 743 1500 785; x_wconf 55' lang='lat' dir='ltr'><em>induerim</em></span> <span class='ocrx_word' id='word_1_58' title='bbox 1532 742 1603 777; x_wconf 88' lang='lat' dir='ltr'><em>vid.</em></span> <span class='ocrx_word' id='word_1_59' title='bbox 1632 743 1749 776; x_wconf 89' lang='lat' dir='ltr'><em>Burm.</em></span> 
     </span>
     <span class='ocr_line' id='line_1_12' title="bbox 1056 788 1750 837; baseline -0.007 -11"><span class='ocrx_word' id='word_1_60' title='bbox 1056 792 1122 828; x_wconf 88' lang='grc'><em>189</em></span> <span class='ocrx_word' id='word_1_61' title='bbox 1158 798 1364 837; x_wconf 79' lang='lat' dir='ltr'><em>sequuntur</em></span> <span class='ocrx_word' id='word_1_62' title='bbox 1392 790 1502 825; x_wconf 81' lang='lat' dir='ltr'><strong>Goth.</strong></span> <span class='ocrx_word' id='word_1_63' title='bbox 1532 802 1587 836; x_wconf 86' lang='lat' dir='ltr'><em>pr.</em></span> <span class='ocrx_word' id='word_1_64' title='bbox 1615 788 1750 823; x_wconf 81' lang='lat' dir='ltr'>Plinius</span> 
     </span>
    </p>
   </div>
   <div class='ocr_carea' id='block_1_11' title="bbox 225 836 1750 932">
    <p class='ocr_par' dir='ltr' id='par_1_11' title="bbox 225 836 1750 932">
     <span class='ocr_line' id='line_1_13' title="bbox 225 836 1750 885; baseline -0.003 -11"><span class='ocrx_word' id='word_1_65' title='bbox 225 842 368 883; x_wconf 90' lang='lat' dir='ltr'>XXIX,</span> <span class='ocrx_word' id='word_1_66' title='bbox 388 842 410 877; x_wconf 91' lang='lat'><strong>8</strong></span> <span class='ocrx_word' id='word_1_67' title='bbox 441 852 558 884; x_wconf 85' lang='lat' dir='ltr'><em>neque</em></span> <span class='ocrx_word' id='word_1_68' title='bbox 589 840 684 873; x_wconf 85' lang='lat' dir='ltr'><em>enim</em></span> <span class='ocrx_word' id='word_1_69' title='bbox 712 836 959 872; x_wconf 78' lang='lat' dir='ltr'><em>dubitaverim</em></span> <span class='ocrx_word' id='word_1_70' title='bbox 987 837 1172 884; x_wconf 75' lang='lat' dir='ltr'><em>aliquibus</em></span> <span class='ocrx_word' id='word_1_71' title='bbox 1199 836 1361 885; x_wconf 79' lang='lat' dir='ltr'><em>fastidio</em></span> <span class='ocrx_word' id='word_1_72' title='bbox 1380 836 1540 884; x_wconf 82' lang='lat' dir='ltr'><em>futura,</em></span> <span class='ocrx_word' id='word_1_73' title='bbox 1574 848 1669 884; x_wconf 89' lang='lat' dir='ltr'><em>quae</em></span> <span class='ocrx_word' id='word_1_74' title='bbox 1688 836 1750 869; x_wconf 84' lang='lat' dir='ltr'><em>di-</em></span> 
     </span>
     <span class='ocr_line' id='line_1_14' title="bbox 227 883 1750 932; baseline -0.004 -10"><span class='ocrx_word' id='word_1_75' title='bbox 227 897 373 929; x_wconf 78' lang='lat' dir='ltr'><strong><em>centur,</em></strong></span> <span class='ocrx_word' id='word_1_76' title='bbox 399 887 595 927; x_wconf 84' lang='lat' dir='ltr'><em>animalia3</em></span> <span class='ocrx_word' id='word_1_77' title='bbox 628 893 669 919; x_wconf 73' lang='lat' dir='ltr'><em>at</em></span> <span class='ocrx_word' id='word_1_78' title='bbox 688 898 765 919; x_wconf 86' lang='lat' dir='ltr'><em>non</em></span> <span class='ocrx_word' id='word_1_79' title='bbox 790 886 947 932; x_wconf 84' lang='lat' dir='ltr'><em>Virgilio</em></span> <span class='ocrx_word' id='word_1_80' title='bbox 989 887 1062 928; x_wconf 76' lang='lat' dir='ltr'><em>uit,</em></span> <span class='ocrx_word' id='word_1_81' title='bbox 1094 886 1287 919; x_wconf 87' lang='lat' dir='ltr'><em>nominare</em></span> <span class='ocrx_word' id='word_1_82' title='bbox 1308 883 1510 931; x_wconf 76' lang='lat' dir='ltr'><em>formicas,</em></span> <span class='ocrx_word' id='word_1_83' title='bbox 1542 884 1651 918; x_wconf 87' lang='lat' dir='ltr'><em>nulla</em></span> <span class='ocrx_word' id='word_1_84' title='bbox 1679 895 1750 916; x_wconf 88' lang='lat' dir='ltr'><em>ne-</em></span> 
     </span>
    </p>
   </div>
   <div class='ocr_carea' id='block_1_12' title="bbox 937 884 996 979">
    <p class='ocr_par' dir='ltr' id='par_1_12' title="bbox 937 884 996 979">
     <span class='ocr_line' id='line_1_15' title="bbox 937 884 996 979; baseline 0 0"><span class='ocrx_word' id='word_1_85' title='bbox 937 884 996 979; x_wconf 75' lang='lat' dir='ltr'><em>ss</em></span> 
     </span>
    </p>
   </div>
   <div class='ocr_carea' id='block_1_13' title="bbox 227 929 1584 979">
    <p class='ocr_par' dir='ltr' id='par_1_13' title="bbox 227 929 1584 979">
     <span class='ocr_line' id='line_1_16' title="bbox 227 929 1584 979; baseline -0.004 -10"><span class='ocrx_word' id='word_1_86' title='bbox 227 936 415 976; x_wconf 73' lang='lat' dir='ltr'><em>cessitate,</em></span> <span class='ocrx_word' id='word_1_87' title='bbox 450 941 488 966; x_wconf 71' lang='lat' dir='ltr'><em>et</em></span> <span class='ocrx_word' id='word_1_88' title='bbox 514 933 767 974; x_wconf 76' lang='lat' dir='ltr'><em>curculiones,</em></span> <span class='ocrx_word' id='word_1_89' title='bbox 799 945 843 966; x_wconf 85' lang='lat' dir='ltr'><em>ac</em></span> <span class='ocrx_word' id='word_1_90' title='bbox 870 933 946 966; x_wconf 84' lang='lat' dir='ltr'><em>luci</em></span> <span class='ocrx_word' id='word_1_91' title='bbox 964 934 1050 979; x_wconf 76' lang='lat' dir='ltr'><em>ugis</em></span> <span class='ocrx_word' id='word_1_92' title='bbox 1077 940 1255 979; x_wconf 79' lang='lat' dir='ltr'><em>congesta</em></span> <span class='ocrx_word' id='word_1_93' title='bbox 1282 929 1418 965; x_wconf 83' lang='lat' dir='ltr'><em>cubilia</em></span> <span class='ocrx_word' id='word_1_94' title='bbox 1445 930 1584 967; x_wconf 71' lang='lat' dir='ltr'><em>blattis.</em></span> 
     </span>
    </p>
   </div>
   <div class='ocr_carea' id='block_1_14' title="bbox 1680 931 1748 967">
    <p class='ocr_par' dir='ltr' id='par_1_14' title="bbox 1680 931 1748 967">
     <span class='ocr_line' id='line_1_17' title="bbox 1680 931 1748 967; baseline 0.015 -1"><span class='ocrx_word' id='word_1_95' title='bbox 1680 931 1748 967; x_wconf 89' lang='lat'><em>191</em></span> 
     </span>
    </p>
   </div>
   <div class='ocr_carea' id='block_1_15' title="bbox 226 977 1749 1214">
    <p class='ocr_par' dir='ltr' id='par_1_15' title="bbox 226 977 1749 1214">
     <span class='ocr_line' id='line_1_18' title="bbox 227 977 1749 1016; baseline -0.003 0"><span class='ocrx_word' id='word_1_96' title='bbox 227 982 396 1016; x_wconf 80' lang='lat' dir='ltr'><em>luxuries</em></span> <span class='ocrx_word' id='word_1_97' title='bbox 419 982 523 1014; x_wconf 92' lang='lat' dir='ltr'><strong>Voss.</strong></span> <span class='ocrx_word' id='word_1_98' title='bbox 558 979 626 1013; x_wconf 87' lang='lat' dir='ltr'><strong>alt.</strong></span> <span class='ocrx_word' id='word_1_99' title='bbox 653 979 703 1012; x_wconf 88' lang='lat' dir='ltr'><em>ita</em></span> <span class='ocrx_word' id='word_1_100' title='bbox 727 978 854 1012; x_wconf 87' lang='lat' dir='ltr'><em>umbra</em></span> <span class='ocrx_word' id='word_1_101' title='bbox 882 980 978 1012; x_wconf 86' lang='lat' dir='ltr'><em>foret</em></span> <span class='ocrx_word' id='word_1_102' title='bbox 1008 991 1107 1013; x_wconf 86' lang='lat' dir='ltr'><strong>casus</strong></span> <span class='ocrx_word' id='word_1_103' title='bbox 1140 986 1268 1012; x_wconf 80' lang='lat' dir='ltr'><strong>sextus.</strong></span> <span class='ocrx_word' id='word_1_104' title='bbox 1316 978 1490 1013; x_wconf 79' lang='lat' dir='ltr'><em>luxuriae</em></span> <span class='ocrx_word' id='word_1_105' title='bbox 1510 980 1612 1013; x_wconf 85' lang='lat' dir='ltr'><em>Rom.</em></span> <span class='ocrx_word' id='word_1_106' title='bbox 1629 977 1749 1012; x_wconf 84' lang='lat' dir='ltr'><em>Pierii.</em></span> 
     </span>
     <span class='ocr_line' id='line_1_19' title="bbox 228 1024 1749 1071; baseline -0.003 -9"><span class='ocrx_word' id='word_1_107' title='bbox 228 1029 376 1062; x_wconf 79' lang='lat' dir='ltr'><em>luxurie</em></span> <span class='ocrx_word' id='word_1_108' title='bbox 384 1027 546 1061; x_wconf 80' lang='lat' dir='ltr'><em>Parrhas.</em></span> <span class='ocrx_word' id='word_1_109' title='bbox 566 1033 602 1060; x_wconf 87' lang='lat' dir='ltr'><em>et</em></span> <span class='ocrx_word' id='word_1_110' title='bbox 614 1026 715 1060; x_wconf 91' lang='lat' dir='ltr'><strong>Huls.</strong></span> <span class='ocrx_word' id='word_1_111' title='bbox 736 1026 773 1059; x_wconf 87' lang='lat' dir='ltr'><em>in</em></span> <span class='ocrx_word' id='word_1_112' title='bbox 789 1026 845 1060; x_wconf 88' lang='lat' dir='ltr'><strong>ed.</strong></span> <span class='ocrx_word' id='word_1_113' title='bbox 857 1026 1096 1071; x_wconf 68' lang='lat' dir='ltr'><strong>Cuningham„</strong></span> <span class='ocrx_word' id='word_1_114' title='bbox 1121 1026 1180 1071; x_wconf 92' lang='lat' dir='ltr'><em>qui</em></span> <span class='ocrx_word' id='word_1_115' title='bbox 1200 1033 1252 1068; x_wconf 83' lang='lat' dir='ltr'><em>est</em></span> <span class='ocrx_word' id='word_1_116' title='bbox 1270 1024 1404 1070; x_wconf 85' lang='lat' dir='ltr'><em>Regius</em></span> <span class='ocrx_word' id='word_1_117' title='bbox 1420 1027 1549 1068; x_wconf 89' lang='lat' dir='ltr'><em>Burm.‚</em></span> <span class='ocrx_word' id='word_1_118' title='bbox 1573 1030 1679 1070; x_wconf 84' lang='lat' dir='ltr'><em>atque</em></span> <span class='ocrx_word' id='word_1_119' title='bbox 1697 1024 1749 1058; x_wconf 86' lang='lat' dir='ltr'><strong>sic</strong></span> 
     </span>
     <span class='ocr_line' id='line_1_20' title="bbox 226 1071 1748 1120; baseline -0.003 -12"><span class='ocrx_word' id='word_1_120' title='bbox 226 1075 263 1108; x_wconf 89' lang='lat' dir='ltr'><em>in</em></span> <span class='ocrx_word' id='word_1_121' title='bbox 289 1075 411 1108; x_wconf 84' lang='lat' dir='ltr'><strong>eadem</strong></span> <span class='ocrx_word' id='word_1_122' title='bbox 439 1074 522 1107; x_wconf 86' lang='lat' dir='ltr'><strong>edit.</strong></span> <span class='ocrx_word' id='word_1_123' title='bbox 551 1086 752 1120; x_wconf 85' lang='lat' dir='ltr'><em>expressum</em></span> <span class='ocrx_word' id='word_1_124' title='bbox 780 1081 842 1107; x_wconf 85' lang='lat' dir='ltr'><strong>est.</strong></span> <span class='ocrx_word' id='word_1_125' title='bbox 891 1074 1089 1107; x_wconf 76' lang='lat' dir='ltr'><em>luxurians</em></span> <span class='ocrx_word' id='word_1_126' title='bbox 1122 1073 1213 1107; x_wconf 89' lang='lat' dir='ltr'><strong>coni.</strong></span> <span class='ocrx_word' id='word_1_127' title='bbox 1234 1072 1383 1107; x_wconf 86' lang='lat' dir='ltr'><strong>Heinsii.</strong></span> <span class='ocrx_word' id='word_1_128' title='bbox 1426 1073 1496 1119; x_wconf 85' lang='lat' dir='ltr'><em>(cui</em></span> <span class='ocrx_word' id='word_1_129' title='bbox 1526 1071 1748 1107; x_wconf 88' lang='lat' dir='ltr'><em>coniecturae</em></span> 
     </span>
     <span class='ocr_line' id='line_1_21' title="bbox 226 1120 1749 1166; baseline -0.002 -11"><span class='ocrx_word' id='word_1_130' title='bbox 226 1122 314 1156; x_wconf 87' lang='lat' dir='ltr'><strong>fides</strong></span> <span class='ocrx_word' id='word_1_131' title='bbox 339 1122 507 1155; x_wconf 82' lang='lat' dir='ltr'><em>accedere</em></span> <span class='ocrx_word' id='word_1_132' title='bbox 533 1121 647 1165; x_wconf 88' lang='lat' dir='ltr'><strong>possit</strong></span> <span class='ocrx_word' id='word_1_133' title='bbox 676 1133 718 1154; x_wconf 82' lang='lat' dir='ltr'><em>ex</em></span> <span class='ocrx_word' id='word_1_134' title='bbox 736 1123 831 1154; x_wconf 89' lang='lat' dir='ltr'><em>Serv.</em></span> <span class='ocrx_word' id='word_1_135' title='bbox 853 1121 978 1154; x_wconf 88' lang='lat' dir='ltr'><strong>Dresd.</strong></span> <span class='ocrx_word' id='word_1_136' title='bbox 994 1147 1002 1163; x_wconf 92' lang='lat'>,</span> <span class='ocrx_word' id='word_1_137' title='bbox 1025 1121 1063 1153; x_wconf 90' lang='lat' dir='ltr'><em>in</em></span> <span class='ocrx_word' id='word_1_138' title='bbox 1085 1132 1154 1166; x_wconf 92' lang='lat' dir='ltr'><em>quo</em></span> <span class='ocrx_word' id='word_1_139' title='bbox 1174 1121 1371 1154; x_wconf 85' lang='lat' dir='ltr'><em>luxuriam.</em></span> <span class='ocrx_word' id='word_1_140' title='bbox 1403 1120 1500 1165; x_wconf 83' lang='lat' dir='ltr'><em>Wr.)</em></span> <span class='ocrx_word' id='word_1_141' title='bbox 1550 1126 1749 1166; x_wconf 74' lang='lat' dir='ltr'><em>exsuperat</em></span> 
     </span>
     <span class='ocr_line' id='line_1_22' title="bbox 227 1167 1327 1214; baseline -0.002 -11"><span class='ocrx_word' id='word_1_142' title='bbox 227 1170 297 1203; x_wconf 87' lang='lat' dir='ltr'><em>duo</em></span> <span class='ocrx_word' id='word_1_143' title='bbox 321 1169 415 1214; x_wconf 88' lang='lat' dir='ltr'><strong>apud</strong></span> <span class='ocrx_word' id='word_1_144' title='bbox 435 1168 580 1202; x_wconf 85' lang='lat' dir='ltr'><em>Martin.</em></span> <span class='ocrx_word' id='word_1_145' title='bbox 595 1195 604 1212; x_wconf 92' lang='lat'>,</span> <span class='ocrx_word' id='word_1_146' title='bbox 627 1167 768 1203; x_wconf 81' lang='lat' dir='ltr'><strong>vitiose.</strong></span> <span class='ocrx_word' id='word_1_147' title='bbox 817 1167 993 1202; x_wconf 80' lang='lat' dir='ltr'><em>exuberet</em></span> <span class='ocrx_word' id='word_1_148' title='bbox 1007 1167 1115 1202; x_wconf 88' lang='lat' dir='ltr'><em>Pierii</em></span> <span class='ocrx_word' id='word_1_149' title='bbox 1135 1167 1327 1201; x_wconf 84' lang='lat' dir='ltr'><strong>Mediceus.</strong></span> 
     </span>
    </p>
   </div>
   <div class='ocr_carea' id='block_1_16' title="bbox 200 1298 961 3038">
    <p class='ocr_par' dir='ltr' id='par_1_16' title="bbox 200 1298 961 3038">
     <span class='ocr_line' id='line_1_23' title="bbox 226 1298 960 1353; baseline -0.003 -13"><span class='ocrx_word' id='word_1_150' title='bbox 226 1300 351 1340; x_wconf 82' lang='lat' dir='ltr'><em>dicari</em></span> <span class='ocrx_word' id='word_1_151' title='bbox 371 1299 497 1353; x_wconf 85' lang='lat' dir='ltr'><strong>possit</strong></span> <span class='ocrx_word' id='word_1_152' title='bbox 510 1329 521 1348; x_wconf 87' lang='lat'>‚</span> <span class='ocrx_word' id='word_1_153' title='bbox 559 1298 859 1339; x_wconf 86' lang='lat' dir='ltr'><strong>observandum</strong></span> <span class='ocrx_word' id='word_1_154' title='bbox 877 1311 960 1338; x_wconf 88' lang='lat' dir='ltr'><strong>esse</strong></span> 
     </span>
     <span class='ocr_line' id='line_1_24' title="bbox 228 1357 960 1410; baseline -0.001 -13"><span class='ocrx_word' id='word_1_155' title='bbox 228 1358 346 1408; x_wconf 80' lang='lat' dir='ltr'><strong>dicit,</strong></span> <span class='ocrx_word' id='word_1_156' title='bbox 379 1371 430 1396; x_wconf 82' lang='lat' dir='ltr'><em>an</em></span> <span class='ocrx_word' id='word_1_157' title='bbox 450 1371 540 1396; x_wconf 83' lang='lat' dir='ltr'><em>nux</em></span> <span class='ocrx_word' id='word_1_158' title='bbox 567 1357 818 1410; x_wconf 69' lang='lat' dir='ltr'><em>amygdala,</em></span> <span class='ocrx_word' id='word_1_159' title='bbox 857 1371 960 1410; x_wconf 87' lang='lat' dir='ltr'><em>quae</em></span> 
     </span>
     <span class='ocr_line' id='line_1_25' title="bbox 224 1415 961 1470; baseline -0.003 -14"><span class='ocrx_word' id='word_1_160' title='bbox 224 1417 356 1470; x_wconf 87' lang='lat' dir='ltr'><em>primo</em></span> <span class='ocrx_word' id='word_1_161' title='bbox 370 1429 466 1456; x_wconf 89' lang='lat' dir='ltr'><em>vere</em></span> <span class='ocrx_word' id='word_1_162' title='bbox 479 1415 613 1465; x_wconf 86' lang='lat' dir='ltr'><em>floret,</em></span> <span class='ocrx_word' id='word_1_163' title='bbox 645 1415 825 1455; x_wconf 88' lang='lat' dir='ltr'><strong>abundet</strong></span> <span class='ocrx_word' id='word_1_164' title='bbox 850 1416 961 1455; x_wconf 89' lang='lat' dir='ltr'><em>mul-</em></span> 
     </span>
     <span class='ocr_line' id='line_1_26' title="bbox 224 1474 960 1526; baseline -0.001 -13"><span class='ocrx_word' id='word_1_165' title='bbox 224 1482 270 1513; x_wconf 83' lang='lat' dir='ltr'><em>to</em></span> <span class='ocrx_word' id='word_1_166' title='bbox 289 1474 411 1526; x_wconf 78' lang='lat' dir='ltr'><em>flore3</em></span> <span class='ocrx_word' id='word_1_167' title='bbox 440 1474 497 1513; x_wconf 85' lang='lat' dir='ltr'><em>ita</em></span> <span class='ocrx_word' id='word_1_168' title='bbox 516 1475 623 1513; x_wconf 86' lang='lat' dir='ltr'><em>enim</em></span> <span class='ocrx_word' id='word_1_169' title='bbox 641 1488 827 1526; x_wconf 81' lang='lat' dir='ltr'><strong>magnam</strong></span> <span class='ocrx_word' id='word_1_170' title='bbox 843 1474 960 1513; x_wconf 78' lang='lat' dir='ltr'><em>ferti-</em></span> 
     </span>
     <span class='ocr_line' id='line_1_27' title="bbox 224 1532 960 1586; baseline -0.003 -14"><span class='ocrx_word' id='word_1_171' title='bbox 224 1533 383 1572; x_wconf 77' lang='lat' dir='ltr'><strong>litatem</strong></span> <span class='ocrx_word' id='word_1_172' title='bbox 413 1532 507 1571; x_wconf 83' lang='lat' dir='ltr'><strong>anni</strong></span> <span class='ocrx_word' id='word_1_173' title='bbox 533 1533 639 1583; x_wconf 86' lang='lat' dir='ltr'><em>sore;</em></span> <span class='ocrx_word' id='word_1_174' title='bbox 677 1533 738 1571; x_wconf 90' lang='lat' dir='ltr'><strong>sin</strong></span> <span class='ocrx_word' id='word_1_175' title='bbox 766 1546 841 1586; x_wconf 90' lang='lat' dir='ltr'><em>pro</em></span> <span class='ocrx_word' id='word_1_176' title='bbox 859 1533 960 1572; x_wconf 88' lang='lat' dir='ltr'><em>flore</em></span> 
     </span>
     <span class='ocr_line' id='line_1_28' title="bbox 225 1591 960 1640; baseline -0.001 -10"><span class='ocrx_word' id='word_1_177' title='bbox 225 1592 348 1630; x_wconf 83' lang='lat' dir='ltr'><em>arbor</em></span> <span class='ocrx_word' id='word_1_178' title='bbox 378 1591 484 1629; x_wconf 85' lang='lat' dir='ltr'><strong>foliis</strong></span> <span class='ocrx_word' id='word_1_179' title='bbox 506 1591 761 1640; x_wconf 79' lang='lat' dir='ltr'><em>luxurietur,</em></span> <span class='ocrx_word' id='word_1_180' title='bbox 793 1604 960 1629; x_wconf 89' lang='lat' dir='ltr'><strong>messem</strong></span> 
     </span>
     <span class='ocr_line' id='line_1_29' title="bbox 224 1647 960 1701; baseline -0.003 -12"><span class='ocrx_word' id='word_1_181' title='bbox 224 1650 313 1689; x_wconf 87' lang='lat' dir='ltr'><em>fore</em></span> <span class='ocrx_word' id='word_1_182' title='bbox 332 1649 559 1701; x_wconf 83' lang='lat' dir='ltr'><strong>malignam.</strong></span> <span class='ocrx_word' id='word_1_183' title='bbox 606 1647 672 1687; x_wconf 82' lang='lat' dir='ltr'><em>Ad</em></span> <span class='ocrx_word' id='word_1_184' title='bbox 690 1649 960 1701; x_wconf 77' lang='lat' dir='ltr'><em>amygdalam</em></span> 
     </span>
     <span class='ocr_line' id='line_1_30' title="bbox 224 1706 959 1760; baseline -0.001 -13"><span class='ocrx_word' id='word_1_185' title='bbox 224 1707 484 1747; x_wconf 79' lang='lat' dir='ltr'><em>referendum</em></span> <span class='ocrx_word' id='word_1_186' title='bbox 515 1720 615 1757; x_wconf 87' lang='lat' dir='ltr'><strong>esse,</strong></span> <span class='ocrx_word' id='word_1_187' title='bbox 659 1720 709 1746; x_wconf 82' lang='lat' dir='ltr'><em>ex</em></span> <span class='ocrx_word' id='word_1_188' title='bbox 737 1706 959 1760; x_wconf 87' lang='lat' dir='ltr'><em>Theophy-</em></span> 
     </span>
     <span class='ocr_line' id='line_1_31' title="bbox 224 1763 959 1819; baseline -0.001 -15"><span class='ocrx_word' id='word_1_189' title='bbox 224 1766 333 1805; x_wconf 76' lang='lat' dir='ltr'><strong>lacto</strong></span> <span class='ocrx_word' id='word_1_190' title='bbox 366 1765 565 1804; x_wconf 87' lang='lat' dir='ltr'><em>Problem.</em></span> <span class='ocrx_word' id='word_1_191' title='bbox 597 1771 682 1805; x_wconf 81' lang='lat' dir='ltr'><strong>nat.</strong></span> <span class='ocrx_word' id='word_1_192' title='bbox 717 1763 778 1819; x_wconf 88' lang='lat' dir='ltr'><em>(c.</em></span> <span class='ocrx_word' id='word_1_193' title='bbox 802 1764 885 1819; x_wconf 85' lang='lat'><strong>16.)</strong></span> <span class='ocrx_word' id='word_1_194' title='bbox 917 1771 959 1804; x_wconf 84' lang='lat' dir='ltr'><em>et</em></span> 
     </span>
     <span class='ocr_line' id='line_1_32' title="bbox 225 1821 956 1877; baseline 0.004 -14"><span class='ocrx_word' id='word_1_195' title='bbox 225 1823 394 1863; x_wconf 85' lang='lat' dir='ltr'><strong>Philone</strong></span> <span class='ocrx_word' id='word_1_196' title='bbox 414 1823 463 1862; x_wconf 88' lang='lat' dir='ltr'><strong>de</strong></span> <span class='ocrx_word' id='word_1_197' title='bbox 473 1823 567 1862; x_wconf 83' lang='lat' dir='ltr'><strong>Vita</strong></span> <span class='ocrx_word' id='word_1_198' title='bbox 583 1823 682 1862; x_wconf 88' lang='lat' dir='ltr'><strong>Mos.</strong></span> <span class='ocrx_word' id='word_1_199' title='bbox 704 1821 786 1877; x_wconf 87' lang='lat'><strong>(111,</strong></span> <span class='ocrx_word' id='word_1_200' title='bbox 805 1838 844 1876; x_wconf 92' lang='lat' dir='ltr'><em>p.</em></span> <span class='ocrx_word' id='word_1_201' title='bbox 860 1826 956 1873; x_wconf 83' lang='lat'><strong>163,</strong></span> 
     </span>
     <span class='ocr_line' id='line_1_33' title="bbox 227 1880 958 1936; baseline 0 -16"><span class='ocrx_word' id='word_1_202' title='bbox 227 1883 272 1921; x_wconf 87' lang='lat' dir='ltr'><em>T.</em></span> <span class='ocrx_word' id='word_1_203' title='bbox 293 1881 342 1921; x_wconf 90' lang='grc' dir='ltr'><em>ΙΙ.</em></span> <span class='ocrx_word' id='word_1_204' title='bbox 374 1882 436 1921; x_wconf 86' lang='lat' dir='ltr'><strong>ed.</strong></span> <span class='ocrx_word' id='word_1_205' title='bbox 469 1880 627 1936; x_wconf 84' lang='lat' dir='ltr'><strong>Mang.)</strong></span> <span class='ocrx_word' id='word_1_206' title='bbox 655 1881 765 1934; x_wconf 86' lang='lat' dir='ltr'><strong>apud</strong></span> <span class='ocrx_word' id='word_1_207' title='bbox 786 1881 958 1921; x_wconf 86' lang='lat' dir='ltr'><em>Cerdam</em></span> 
     </span>
     <span class='ocr_line' id='line_1_34' title="bbox 226 1939 958 1993; baseline 0 -15"><span class='ocrx_word' id='word_1_208' title='bbox 226 1946 412 1993; x_wconf 79' lang='lat' dir='ltr'><em>apparet3</em></span> <span class='ocrx_word' id='word_1_209' title='bbox 451 1946 512 1978; x_wconf 86' lang='lat' dir='ltr'><em>est</em></span> <span class='ocrx_word' id='word_1_210' title='bbox 549 1940 655 1978; x_wconf 90' lang='lat' dir='ltr'><strong>enim</strong></span> <span class='ocrx_word' id='word_1_211' title='bbox 689 1954 773 1977; x_wconf 86' lang='lat' dir='ltr'><em>nux</em></span> <span class='ocrx_word' id='word_1_212' title='bbox 802 1939 958 1992; x_wconf 88' lang='lat' dir='ltr'><em>generis</em></span> 
     </span>
     <span class='ocr_line' id='line_1_35' title="bbox 225 1996 957 2037; baseline 0 0"><span class='ocrx_word' id='word_1_213' title='bbox 225 2011 386 2037; x_wconf 86' lang='lat' dir='ltr'><strong>nomen.</strong></span> <span class='ocrx_word' id='word_1_214' title='bbox 425 1996 665 2037; x_wconf 70' lang='lat' dir='ltr'><strong>Aemulatm·</strong></span> <span class='ocrx_word' id='word_1_215' title='bbox 689 2003 823 2037; x_wconf 85' lang='lat' dir='ltr'><em>autem</em></span> <span class='ocrx_word' id='word_1_216' title='bbox 842 1998 957 2037; x_wconf 91' lang='lat' dir='ltr'><em>Maro</em></span> 
     </span>
     <span class='ocr_line' id='line_1_36' title="bbox 200 2055 959 2109; baseline 0.004 -15"><span class='ocrx_word' id='word_1_217' title='bbox 200 2055 418 2107; x_wconf 79' lang='lat' dir='ltr'><em>—Aratum‚</em></span> <span class='ocrx_word' id='word_1_218' title='bbox 458 2056 528 2109; x_wconf 90' lang='lat' dir='ltr'><em>qui</em></span> <span class='ocrx_word' id='word_1_219' title='bbox 565 2056 609 2095; x_wconf 93' lang='lat' dir='ltr'><em>in</em></span> <span class='ocrx_word' id='word_1_220' title='bbox 634 2056 843 2108; x_wconf 85' lang='lat' dir='ltr'><em>Prognost.</em></span> <span class='ocrx_word' id='word_1_221' title='bbox 874 2055 959 2099; x_wconf 86' lang='lat'><em>314</em></span> 
     </span>
     <span class='ocr_line' id='line_1_37' title="bbox 226 2114 961 2167; baseline -0.003 -13"><span class='ocrx_word' id='word_1_222' title='bbox 226 2129 311 2167; x_wconf 87' lang='lat' dir='ltr'><strong>sqq.</strong></span> <span class='ocrx_word' id='word_1_223' title='bbox 337 2114 448 2167; x_wconf 86' lang='lat' dir='ltr'><strong>signa</strong></span> <span class='ocrx_word' id='word_1_224' title='bbox 484 2114 675 2153; x_wconf 83' lang='lat' dir='ltr'><strong>arationis</strong></span> <span class='ocrx_word' id='word_1_225' title='bbox 702 2114 907 2154; x_wconf 85' lang='lat' dir='ltr'><strong>faciendae</strong></span> <span class='ocrx_word' id='word_1_226' title='bbox 939 2129 961 2152; x_wconf 84' lang='lat' dir='ltr'>a</span> 
     </span>
     <span class='ocr_line' id='line_1_38' title="bbox 224 2171 957 2228; baseline 0 -17"><span class='ocrx_word' id='word_1_227' title='bbox 224 2173 395 2212; x_wconf 83' lang='lat' dir='ltr'><strong>lentisco</strong></span> <span class='ocrx_word' id='word_1_228' title='bbox 423 2178 465 2211; x_wconf 81' lang='lat' dir='ltr'><em>et</em></span> <span class='ocrx_word' id='word_1_229' title='bbox 489 2172 578 2212; x_wconf 86' lang='lat' dir='ltr'><strong>ilice</strong></span> <span class='ocrx_word' id='word_1_230' title='bbox 612 2171 766 2226; x_wconf 83' lang='grc' dir='ltr'>(σχῖνος</span> <span class='ocrx_word' id='word_1_231' title='bbox 798 2179 839 2212; x_wconf 85' lang='lat' dir='ltr'><em>et</em></span> <span class='ocrx_word' id='word_1_232' title='bbox 865 2177 957 2228; x_wconf 83' lang='grc' dir='ltr'><em>πρῖ-</em></span> 
     </span>
     <span class='ocr_line' id='line_1_39' title="bbox 225 2229 958 2285; baseline -0.003 -13"><span class='ocrx_word' id='word_1_233' title='bbox 225 2229 322 2285; x_wconf 85' lang='grc' dir='ltr'>νος)</span> <span class='ocrx_word' id='word_1_234' title='bbox 354 2231 538 2284; x_wconf 85' lang='lat' dir='ltr'><em>petierat.</em></span> <span class='ocrx_word' id='word_1_235' title='bbox 607 2230 669 2269; x_wconf 91' lang='lat' dir='ltr'><em>Ab</em></span> <span class='ocrx_word' id='word_1_236' title='bbox 700 2231 842 2270; x_wconf 86' lang='lat' dir='ltr'><em>eodem</em></span> <span class='ocrx_word' id='word_1_237' title='bbox 870 2233 958 2271; x_wconf 86' lang='lat' dir='ltr'><em>for—</em></span> 
     </span>
     <span class='ocr_line' id='line_1_40' title="bbox 225 2289 958 2343; baseline 0.003 -16"><span class='ocrx_word' id='word_1_238' title='bbox 225 2289 377 2327; x_wconf 83' lang='lat' dir='ltr'><strong>mulam</strong></span> <span class='ocrx_word' id='word_1_239' title='bbox 407 2303 557 2328; x_wconf 85' lang='lat' dir='ltr'><strong>novam</strong></span> <span class='ocrx_word' id='word_1_240' title='bbox 585 2290 857 2342; x_wconf 86' lang='lat' dir='ltr'><em>praecipiendi</em></span> <span class='ocrx_word' id='word_1_241' title='bbox 883 2303 958 2343; x_wconf 88' lang='lat' dir='ltr'><em>pe-</em></span> 
     </span>
     <span class='ocr_line' id='line_1_41' title="bbox 225 2344 958 2402; baseline 0.005 -17"><span class='ocrx_word' id='word_1_242' title='bbox 225 2347 315 2385; x_wconf 84' lang='lat' dir='ltr'><strong>tiit:</strong></span> <span class='ocrx_word' id='word_1_243' title='bbox 345 2348 658 2398; x_wconf 77' lang='lat' dir='ltr'><em>contemplator;</em></span> <span class='ocrx_word' id='word_1_244' title='bbox 686 2344 851 2402; x_wconf 78' lang='grc' dir='ltr'><em>φράζεο,</em></span> <span class='ocrx_word' id='word_1_245' title='bbox 873 2347 958 2389; x_wconf 82' lang='grc' dir='ltr'>σκέ-</span> 
     </span>
     <span class='ocr_line' id='line_1_42' title="bbox 226 2406 959 2459; baseline -0.003 -13"><span class='ocrx_word' id='word_1_246' title='bbox 226 2420 343 2456; x_wconf 85' lang='grc' dir='ltr'>πτεο,</span> <span class='ocrx_word' id='word_1_247' title='bbox 367 2406 599 2459; x_wconf 82' lang='grc' dir='ltr'><strong>τεκμαίρου.</strong></span> <span class='ocrx_word' id='word_1_248' title='bbox 658 2406 791 2444; x_wconf 84' lang='lat' dir='ltr'><strong>Etiam</strong></span> <span class='ocrx_word' id='word_1_249' title='bbox 808 2406 959 2445; x_wconf 88' lang='lat' dir='ltr'><strong>Nican-</strong></span> 
     </span>
     <span class='ocr_line' id='line_1_43' title="bbox 227 2463 957 2513; baseline -0.001 -11"><span class='ocrx_word' id='word_1_250' title='bbox 227 2463 323 2513; x_wconf 86' lang='lat' dir='ltr'><em>der,</em></span> <span class='ocrx_word' id='word_1_251' title='bbox 353 2469 400 2501; x_wconf 88' lang='lat' dir='ltr'><em>ut</em></span> <span class='ocrx_word' id='word_1_252' title='bbox 418 2463 536 2501; x_wconf 86' lang='lat' dir='ltr'><em>Ther.</em></span> <span class='ocrx_word' id='word_1_253' title='bbox 550 2466 646 2506; x_wconf 82' lang='lat'><strong>396.</strong></span> <span class='ocrx_word' id='word_1_254' title='bbox 660 2463 757 2506; x_wconf 82' lang='lat'><strong>438.</strong></span> <span class='ocrx_word' id='word_1_255' title='bbox 787 2479 871 2502; x_wconf 84' lang='lat' dir='ltr'><em>nux</em></span> <span class='ocrx_word' id='word_1_256' title='bbox 890 2466 957 2502; x_wconf 85' lang='lat' dir='ltr'><em>in-</em></span> 
     </span>
     <span class='ocr_line' id='line_1_44' title="bbox 226 2521 956 2572; baseline 0 -13"><span class='ocrx_word' id='word_1_257' title='bbox 226 2521 320 2559; x_wconf 81' lang='lat' dir='ltr'><em>duet</em></span> <span class='ocrx_word' id='word_1_258' title='bbox 351 2535 392 2559; x_wconf 82' lang='lat' dir='ltr'><em>se</em></span> <span class='ocrx_word' id='word_1_259' title='bbox 419 2522 639 2572; x_wconf 78' lang='lat' dir='ltr'><em>inflorem,</em></span> <span class='ocrx_word' id='word_1_260' title='bbox 686 2528 729 2560; x_wconf 86' lang='lat' dir='ltr'><em>ut</em></span> <span class='ocrx_word' id='word_1_261' title='bbox 752 2521 850 2561; x_wconf 90' lang='lat' dir='ltr'><strong>Aen.</strong></span> <span class='ocrx_word' id='word_1_262' title='bbox 871 2521 956 2571; x_wconf 88' lang='lat' dir='ltr'>VII,</span> 
     </span>
     <span class='ocr_line' id='line_1_45' title="bbox 225 2580 958 2631; baseline -0.004 -11"><span class='ocrx_word' id='word_1_263' title='bbox 225 2581 283 2620; x_wconf 80' lang='lat'><em>20</em></span> <span class='ocrx_word' id='word_1_264' title='bbox 294 2593 392 2631; x_wconf 81' lang='lat' dir='ltr'><em>quos</em></span> <span class='ocrx_word' id='word_1_265' title='bbox 402 2601 460 2608; x_wconf 82' lang='lat'>—</span> <span class='ocrx_word' id='word_1_266' title='bbox 471 2580 665 2618; x_wconf 82' lang='lat' dir='ltr'><em>Induerat</em></span> <span class='ocrx_word' id='word_1_267' title='bbox 676 2580 784 2618; x_wconf 78' lang='lat' dir='ltr'><em>Circe</em></span> <span class='ocrx_word' id='word_1_268' title='bbox 804 2583 847 2618; x_wconf 85' lang='lat' dir='ltr'><em>in</em></span> <span class='ocrx_word' id='word_1_269' title='bbox 862 2581 958 2619; x_wconf 69' lang='lat' dir='ltr'><em>vul-</em></span> 
     </span>
     <span class='ocr_line' id='line_1_46' title="bbox 226 2637 958 2689; baseline 0.001 -15"><span class='ocrx_word' id='word_1_270' title='bbox 226 2645 289 2674; x_wconf 80' lang='lat' dir='ltr'><em>tus</em></span> <span class='ocrx_word' id='word_1_271' title='bbox 323 2644 443 2689; x_wconf 83' lang='lat' dir='ltr'><em>atque</em></span> <span class='ocrx_word' id='word_1_272' title='bbox 469 2651 538 2675; x_wconf 88' lang='lat' dir='ltr'><em>ora</em></span> <span class='ocrx_word' id='word_1_273' title='bbox 554 2637 759 2688; x_wconf 85' lang='lat' dir='ltr'><em>serarum.</em></span> <span class='ocrx_word' id='word_1_274' title='bbox 822 2638 958 2675; x_wconf 84' lang='lat' dir='ltr'><strong>Usita-</strong></span> 
     </span>
     <span class='ocr_line' id='line_1_47' title="bbox 225 2695 954 2746; baseline -0.001 -12"><span class='ocrx_word' id='word_1_275' title='bbox 225 2695 308 2743; x_wconf 72' lang='lat' dir='ltr'><em>tius</em></span> <span class='ocrx_word' id='word_1_276' title='bbox 335 2700 458 2744; x_wconf 82' lang='lat' dir='ltr'><strong>esset,</strong></span> <span class='ocrx_word' id='word_1_277' title='bbox 497 2696 628 2732; x_wconf 78' lang='lat' dir='ltr'><em>induit</em></span> <span class='ocrx_word' id='word_1_278' title='bbox 665 2710 705 2732; x_wconf 82' lang='lat' dir='ltr'><em>se</em></span> <span class='ocrx_word' id='word_1_279' title='bbox 720 2696 828 2746; x_wconf 86' lang='lat' dir='ltr'><em>flore</em></span> <span class='ocrx_word' id='word_1_280' title='bbox 850 2725 860 2744; x_wconf 91' lang='lat'>,</span> <span class='ocrx_word' id='word_1_281' title='bbox 905 2700 954 2733; x_wconf 81' lang='lat' dir='ltr'><em>ut</em></span> 
     </span>
     <span class='ocr_line' id='line_1_48' title="bbox 226 2752 952 2805; baseline 0.001 -15"><span class='ocrx_word' id='word_1_282' title='bbox 226 2752 383 2805; x_wconf 77' lang='lat' dir='ltr'><strong>saepius</strong></span> <span class='ocrx_word' id='word_1_283' title='bbox 425 2752 537 2804; x_wconf 84' lang='lat' dir='ltr'><strong>apud</strong></span> <span class='ocrx_word' id='word_1_284' title='bbox 581 2759 766 2790; x_wconf 86' lang='lat' dir='ltr'><em>auctores</em></span> <span class='ocrx_word' id='word_1_285' title='bbox 808 2753 858 2791; x_wconf 89' lang='lat' dir='ltr'><em>R.</em></span> <span class='ocrx_word' id='word_1_286' title='bbox 890 2753 952 2802; x_wconf 69' lang='lat' dir='ltr'><em>R„</em></span> 
     </span>
     <span class='ocr_line' id='line_1_49' title="bbox 225 2808 954 2862; baseline -0.003 -12"><span class='ocrx_word' id='word_1_287' title='bbox 225 2824 266 2850; x_wconf 84' lang='lat' dir='ltr'><em>v.</em></span> <span class='ocrx_word' id='word_1_288' title='bbox 293 2824 326 2849; x_wconf 90' lang='lat' dir='ltr'><em>c.</em></span> <span class='ocrx_word' id='word_1_289' title='bbox 347 2809 552 2849; x_wconf 87' lang='lat' dir='ltr'><em>Columell.</em></span> <span class='ocrx_word' id='word_1_290' title='bbox 573 2810 638 2860; x_wconf 86' lang='lat' dir='ltr'><em>IV,</em></span> <span class='ocrx_word' id='word_1_291' title='bbox 659 2808 728 2860; x_wconf 79' lang='lat'><em>24,</em></span> <span class='ocrx_word' id='word_1_292' title='bbox 749 2808 791 2862; x_wconf 74' lang='lat'><em>§.</em></span> <span class='ocrx_word' id='word_1_293' title='bbox 818 2812 871 2852; x_wconf 81' lang='lat'><em>12</em></span> <span class='ocrx_word' id='word_1_294' title='bbox 888 2812 954 2849; x_wconf 81' lang='lat' dir='ltr'><em>in-</em></span> 
     </span>
     <span class='ocr_line' id='line_1_50' title="bbox 226 2866 954 2917; baseline 0 -10"><span class='ocrx_word' id='word_1_295' title='bbox 226 2868 355 2907; x_wconf 82' lang='lat' dir='ltr'><em>duunt</em></span> <span class='ocrx_word' id='word_1_296' title='bbox 381 2883 421 2906; x_wconf 86' lang='lat' dir='ltr'><em>se</em></span> <span class='ocrx_word' id='word_1_297' title='bbox 451 2869 542 2906; x_wconf 73' lang='lat' dir='ltr'><em>uvis</em></span> <span class='ocrx_word' id='word_1_298' title='bbox 573 2882 612 2906; x_wconf 83' lang='lat' dir='ltr'><em>n.</em></span> <span class='ocrx_word' id='word_1_299' title='bbox 645 2867 748 2906; x_wconf 80' lang='lat' dir='ltr'><strong>vites</strong></span> <span class='ocrx_word' id='word_1_300' title='bbox 769 2898 780 2917; x_wconf 86' lang='lat'><em>‚</em></span> <span class='ocrx_word' id='word_1_301' title='bbox 810 2866 852 2906; x_wconf 86' lang='lat' dir='ltr'><em>h.</em></span> <span class='ocrx_word' id='word_1_302' title='bbox 879 2881 954 2907; x_wconf 87' lang='lat' dir='ltr'><em>ve-</em></span> 
     </span>
     <span class='ocr_line' id='line_1_51' title="bbox 227 2924 955 2978; baseline 0.004 -13"><span class='ocrx_word' id='word_1_303' title='bbox 227 2926 357 2965; x_wconf 83' lang='lat' dir='ltr'><strong>stiunt</strong></span> <span class='ocrx_word' id='word_1_304' title='bbox 374 2939 433 2976; x_wconf 83' lang='lat' dir='ltr'><em>se3</em></span> <span class='ocrx_word' id='word_1_305' title='bbox 461 2931 502 2964; x_wconf 87' lang='lat' dir='ltr'><em>et</em></span> <span class='ocrx_word' id='word_1_306' title='bbox 517 2925 587 2964; x_wconf 88' lang='lat' dir='ltr'><strong>inf.</strong></span> <span class='ocrx_word' id='word_1_307' title='bbox 615 2925 758 2978; x_wconf 87' lang='lat' dir='ltr'><em>Georg.</em></span> <span class='ocrx_word' id='word_1_308' title='bbox 784 2925 850 2975; x_wconf 88' lang='lat' dir='ltr'><em>IV,</em></span> <span class='ocrx_word' id='word_1_309' title='bbox 872 2924 955 2968; x_wconf 81' lang='lat'><em>142</em></span> 
     </span>
     <span class='ocr_line' id='line_1_52' title="bbox 234 2984 956 3038; baseline -0.001 -15"><span class='ocrx_word' id='word_1_310' title='bbox 234 2985 415 3038; x_wconf 81' lang='lat' dir='ltr'><em>Quotque</em></span> <span class='ocrx_word' id='word_1_311' title='bbox 445 2986 489 3023; x_wconf 77' lang='lat' dir='ltr'><em>in</em></span> <span class='ocrx_word' id='word_1_312' title='bbox 503 2984 612 3035; x_wconf 88' lang='lat' dir='ltr'><em>flore</em></span> <span class='ocrx_word' id='word_1_313' title='bbox 639 2998 741 3023; x_wconf 70' lang='lat' dir='ltr'><em>novo</em></span> <span class='ocrx_word' id='word_1_314' title='bbox 764 2986 899 3035; x_wconf 82' lang='lat' dir='ltr'><strong>pomis</strong></span> <span class='ocrx_word' id='word_1_315' title='bbox 915 2998 956 3022; x_wconf 86' lang='lat' dir='ltr'><em>se</em></span> 
     </span>
    </p>
   </div>
   <div class='ocr_carea' id='block_1_17' title="bbox 1005 1296 1748 3039">
    <p class='ocr_par' dir='ltr' id='par_1_17' title="bbox 1005 1296 1748 3039">
     <span class='ocr_line' id='line_1_53' title="bbox 1005 1296 1739 1350; baseline -0.003 -14"><span class='ocrx_word' id='word_1_316' title='bbox 1005 1297 1163 1350; x_wconf 70' lang='lat' dir='ltr'><em>fertilis</em></span> <span class='ocrx_word' id='word_1_317' title='bbox 1179 1296 1295 1336; x_wconf 82' lang='lat' dir='ltr'><em>arbos</em></span> <span class='ocrx_word' id='word_1_318' title='bbox 1306 1297 1515 1337; x_wconf 83' lang='lat' dir='ltr'><em>Induerat.</em></span> <span class='ocrx_word' id='word_1_319' title='bbox 1545 1311 1631 1336; x_wconf 85' lang='lat' dir='ltr'><em>nux</em></span> <span class='ocrx_word' id='word_1_320' title='bbox 1643 1296 1739 1348; x_wconf 81' lang='lat' dir='ltr'><em>plu-</em></span> 
     </span>
     <span class='ocr_line' id='line_1_54' title="bbox 1017 1354 1747 1408; baseline -0.003 -14"><span class='ocrx_word' id='word_1_321' title='bbox 1017 1358 1123 1394; x_wconf 76' lang='lat' dir='ltr'><em>rima</em></span> <span class='ocrx_word' id='word_1_322' title='bbox 1139 1355 1206 1396; x_wconf 81' lang='lat' dir='ltr'><em>vel</em></span> <span class='ocrx_word' id='word_1_323' title='bbox 1222 1370 1332 1407; x_wconf 80' lang='lat' dir='ltr'><em>nux,</em></span> <span class='ocrx_word' id='word_1_324' title='bbox 1363 1368 1466 1408; x_wconf 84' lang='lat' dir='ltr'><em>quae</em></span> <span class='ocrx_word' id='word_1_325' title='bbox 1485 1355 1614 1394; x_wconf 87' lang='lat' dir='ltr'><strong>multa</strong></span> <span class='ocrx_word' id='word_1_326' title='bbox 1630 1360 1692 1393; x_wconf 83' lang='lat' dir='ltr'><strong>est</strong></span> <span class='ocrx_word' id='word_1_327' title='bbox 1704 1354 1747 1392; x_wconf 89' lang='lat' dir='ltr'><em>in</em></span> 
     </span>
     <span class='ocr_line' id='line_1_55' title="bbox 1018 1412 1747 1466; baseline -0.004 -14"><span class='ocrx_word' id='word_1_328' title='bbox 1018 1414 1139 1464; x_wconf 86' lang='lat' dir='ltr'><strong>silvis,</strong></span> <span class='ocrx_word' id='word_1_329' title='bbox 1159 1413 1200 1453; x_wconf 87' lang='lat' dir='ltr'><em>h.</em></span> <span class='ocrx_word' id='word_1_330' title='bbox 1220 1413 1364 1466; x_wconf 83' lang='lat' dir='ltr'><strong>quibus</strong></span> <span class='ocrx_word' id='word_1_331' title='bbox 1381 1414 1503 1454; x_wconf 86' lang='lat' dir='ltr'><strong>silvae</strong></span> <span class='ocrx_word' id='word_1_332' title='bbox 1517 1412 1747 1462; x_wconf 69' lang='lat' dir='ltr'><strong>abundant,</strong></span> 
     </span>
     <span class='ocr_line' id='line_1_56' title="bbox 1018 1470 1746 1524; baseline -0.003 -13"><span class='ocrx_word' id='word_1_333' title='bbox 1018 1485 1059 1511; x_wconf 84' lang='lat' dir='ltr'><em>v.</em></span> <span class='ocrx_word' id='word_1_334' title='bbox 1075 1470 1118 1511; x_wconf 89' lang='lat' dir='ltr'><em>h.</em></span> <span class='ocrx_word' id='word_1_335' title='bbox 1136 1471 1163 1511; x_wconf 94' lang='grc'><strong>1.</strong></span> <span class='ocrx_word' id='word_1_336' title='bbox 1173 1473 1323 1523; x_wconf 87' lang='lat' dir='ltr'><em>Burm.‚</em></span> <span class='ocrx_word' id='word_1_337' title='bbox 1341 1473 1408 1513; x_wconf 90' lang='lat' dir='ltr'><em>vel</em></span> <span class='ocrx_word' id='word_1_338' title='bbox 1428 1478 1475 1512; x_wconf 88' lang='lat' dir='ltr'><em>ut</em></span> <span class='ocrx_word' id='word_1_339' title='bbox 1491 1472 1552 1523; x_wconf 85' lang='lat' dir='ltr'><strong>sit,</strong></span> <span class='ocrx_word' id='word_1_340' title='bbox 1583 1470 1746 1524; x_wconf 86' lang='lat' dir='ltr'><strong>quando</strong></span> 
     </span>
     <span class='ocr_line' id='line_1_57' title="bbox 1018 1529 1746 1582; baseline -0.005 -12"><span class='ocrx_word' id='word_1_341' title='bbox 1018 1543 1108 1570; x_wconf 79' lang='lat' dir='ltr'><em>nux</em></span> <span class='ocrx_word' id='word_1_342' title='bbox 1118 1531 1359 1582; x_wconf 78' lang='lat' dir='ltr'><em>plurimum,</em></span> <span class='ocrx_word' id='word_1_343' title='bbox 1388 1530 1430 1570; x_wconf 88' lang='lat' dir='ltr'><em>h.</em></span> <span class='ocrx_word' id='word_1_344' title='bbox 1449 1544 1543 1570; x_wconf 87' lang='lat' dir='ltr'><em>cum</em></span> <span class='ocrx_word' id='word_1_345' title='bbox 1560 1529 1746 1579; x_wconf 80' lang='lat' dir='ltr'><strong>maxime,</strong></span> 
     </span>
     <span class='ocr_line' id='line_1_58' title="bbox 1019 1587 1747 1641; baseline -0.001 -15"><span class='ocrx_word' id='word_1_346' title='bbox 1019 1602 1060 1626; x_wconf 91' lang='lat' dir='ltr'><em>se</em></span> <span class='ocrx_word' id='word_1_347' title='bbox 1076 1588 1234 1628; x_wconf 78' lang='lat' dir='ltr'><em>induit:</em></span> <span class='ocrx_word' id='word_1_348' title='bbox 1265 1589 1408 1641; x_wconf 87' lang='lat' dir='ltr'><em>Georg.</em></span> <span class='ocrx_word' id='word_1_349' title='bbox 1436 1589 1494 1640; x_wconf 90' lang='grc' dir='ltr'><em>Π,</em></span> <span class='ocrx_word' id='word_1_350' title='bbox 1517 1591 1600 1631; x_wconf 88' lang='grc'><em>166</em></span> <span class='ocrx_word' id='word_1_351' title='bbox 1630 1587 1747 1626; x_wconf 81' lang='lat' dir='ltr'><strong>Italia</strong></span> 
     </span>
     <span class='ocr_line' id='line_1_59' title="bbox 1017 1644 1748 1700; baseline 0 -16"><span class='ocrx_word' id='word_1_352' title='bbox 1017 1661 1117 1685; x_wconf 84' lang='lat' dir='ltr'><em>auro</em></span> <span class='ocrx_word' id='word_1_353' title='bbox 1131 1648 1316 1699; x_wconf 81' lang='lat' dir='ltr'><em>plurima</em></span> <span class='ocrx_word' id='word_1_354' title='bbox 1335 1648 1469 1700; x_wconf 81' lang='lat' dir='ltr'><em>fluxit</em></span> <span class='ocrx_word' id='word_1_355' title='bbox 1481 1662 1498 1695; x_wconf 86' lang='lat'><em>,·</em></span> <span class='ocrx_word' id='word_1_356' title='bbox 1531 1652 1650 1699; x_wconf 84' lang='lat' dir='ltr'><em>atque</em></span> <span class='ocrx_word' id='word_1_357' title='bbox 1667 1644 1748 1684; x_wconf 90' lang='lat' dir='ltr'><em>hoc</em></span> 
     </span>
     <span class='ocr_line' id='line_1_60' title="bbox 1015 1703 1746 1759; baseline -0.001 -16"><span class='ocrx_word' id='word_1_358' title='bbox 1015 1711 1136 1757; x_wconf 86' lang='lat' dir='ltr'><em>poeta</em></span> <span class='ocrx_word' id='word_1_359' title='bbox 1165 1705 1332 1757; x_wconf 89' lang='lat' dir='ltr'><strong>dignius.</strong></span> <span class='ocrx_word' id='word_1_360' title='bbox 1394 1703 1577 1759; x_wconf 85' lang='lat' dir='ltr'><em>(Proprie</em></span> <span class='ocrx_word' id='word_1_361' title='bbox 1596 1705 1746 1754; x_wconf 82' lang='lat' dir='ltr'><em>fructu,</em></span> 
     </span>
     <span class='ocr_line' id='line_1_61' title="bbox 1015 1762 1746 1803; baseline 0 -2"><span class='ocrx_word' id='word_1_362' title='bbox 1015 1777 1100 1802; x_wconf 89' lang='lat' dir='ltr'><em>non</em></span> <span class='ocrx_word' id='word_1_363' title='bbox 1117 1763 1218 1801; x_wconf 85' lang='lat' dir='ltr'><em>flore</em></span> <span class='ocrx_word' id='word_1_364' title='bbox 1249 1764 1411 1803; x_wconf 88' lang='lat' dir='ltr'><em>curvari</em></span> <span class='ocrx_word' id='word_1_365' title='bbox 1428 1777 1564 1802; x_wconf 83' lang='lat' dir='ltr'><em>ramus</em></span> <span class='ocrx_word' id='word_1_366' title='bbox 1584 1762 1746 1801; x_wconf 77' lang='lat' dir='ltr'><em>dicitur.</em></span> 
     </span>
     <span class='ocr_line' id='line_1_62' title="bbox 1015 1816 1746 1873; baseline -0.001 -13"><span class='ocrx_word' id='word_1_367' title='bbox 1015 1821 1152 1873; x_wconf 79' lang='lat' dir='ltr'><strong>Itaque</strong></span> <span class='ocrx_word' id='word_1_368' title='bbox 1163 1821 1289 1860; x_wconf 84' lang='lat' dir='ltr'><em>verba</em></span> <span class='ocrx_word' id='word_1_369' title='bbox 1301 1836 1435 1860; x_wconf 83' lang='lat' dir='ltr'><em>ramos</em></span> <span class='ocrx_word' id='word_1_370' title='bbox 1444 1820 1626 1860; x_wconf 77' lang='lat' dir='ltr'><em>curvabit</em></span> <span class='ocrx_word' id='word_1_371' title='bbox 1635 1816 1746 1859; x_wconf 85' lang='lat' dir='ltr'><em>olen-</em></span> 
     </span>
     <span class='ocr_line' id='line_1_63' title="bbox 1015 1878 1747 1933; baseline 0.001 -17"><span class='ocrx_word' id='word_1_372' title='bbox 1015 1887 1071 1917; x_wconf 81' lang='lat' dir='ltr'><strong>tes</strong></span> <span class='ocrx_word' id='word_1_373' title='bbox 1089 1879 1144 1918; x_wconf 87' lang='lat' dir='ltr'><strong>sic</strong></span> <span class='ocrx_word' id='word_1_374' title='bbox 1163 1880 1316 1933; x_wconf 86' lang='lat' dir='ltr'><strong>accipe:</strong></span> <span class='ocrx_word' id='word_1_375' title='bbox 1346 1893 1473 1932; x_wconf 89' lang='lat' dir='ltr'><em>quum</em></span> <span class='ocrx_word' id='word_1_376' title='bbox 1501 1879 1618 1919; x_wconf 82' lang='lat' dir='ltr'><em>curvi</em></span> <span class='ocrx_word' id='word_1_377' title='bbox 1632 1878 1747 1918; x_wconf 89' lang='lat' dir='ltr'><strong>nucis</strong></span> 
     </span>
     <span class='ocr_line' id='line_1_64' title="bbox 1014 1935 1744 1992; baseline -0.001 -16"><span class='ocrx_word' id='word_1_378' title='bbox 1014 1937 1118 1976; x_wconf 85' lang='lat' dir='ltr'><em>rami</em></span> <span class='ocrx_word' id='word_1_379' title='bbox 1138 1938 1269 1977; x_wconf 85' lang='lat' dir='ltr'><em>multo</em></span> <span class='ocrx_word' id='word_1_380' title='bbox 1293 1938 1394 1977; x_wconf 84' lang='lat' dir='ltr'><em>flore</em></span> <span class='ocrx_word' id='word_1_381' title='bbox 1412 1938 1591 1977; x_wconf 86' lang='lat' dir='ltr'><strong>olebunt.</strong></span> <span class='ocrx_word' id='word_1_382' title='bbox 1624 1939 1694 1977; x_wconf 89' lang='lat' dir='ltr'><em>W</em></span> <span class='ocrx_word' id='word_1_383' title='bbox 1687 1935 1744 1992; x_wconf 92' lang='lat' dir='ltr'><em>r.)</em></span> 
     </span>
     <span class='ocr_line' id='line_1_65' title="bbox 1016 1995 1746 2048; baseline 0 -14"><span class='ocrx_word' id='word_1_384' title='bbox 1016 1997 1140 2034; x_wconf 83' lang='lat' dir='ltr'><em>Fetus</em></span> <span class='ocrx_word' id='word_1_385' title='bbox 1156 2010 1268 2036; x_wconf 90' lang='lat' dir='ltr'><strong>nunc</strong></span> <span class='ocrx_word' id='word_1_386' title='bbox 1294 1996 1415 2036; x_wconf 85' lang='lat' dir='ltr'><em>flores</em></span> <span class='ocrx_word' id='word_1_387' title='bbox 1443 2002 1561 2048; x_wconf 84' lang='lat' dir='ltr'><strong>sunt,</strong></span> <span class='ocrx_word' id='word_1_388' title='bbox 1590 1995 1746 2035; x_wconf 78' lang='lat' dir='ltr'><em>moxin</em></span> 
     </span>
     <span class='ocr_line' id='line_1_66' title="bbox 1016 2054 1745 2106; baseline 0.001 -13"><span class='ocrx_word' id='word_1_389' title='bbox 1016 2067 1140 2093; x_wconf 90' lang='lat' dir='ltr'><strong>nuces</strong></span> <span class='ocrx_word' id='word_1_390' title='bbox 1164 2085 1175 2105; x_wconf 84' lang='grc'>,</span> <span class='ocrx_word' id='word_1_391' title='bbox 1211 2055 1317 2094; x_wconf 85' lang='lat' dir='ltr'><strong>fetus</strong></span> <span class='ocrx_word' id='word_1_392' title='bbox 1355 2055 1511 2094; x_wconf 83' lang='lat' dir='ltr'><em>arboris</em></span> <span class='ocrx_word' id='word_1_393' title='bbox 1533 2085 1546 2106; x_wconf 87' lang='lat'><strong><em>,</em></strong></span> <span class='ocrx_word' id='word_1_394' title='bbox 1584 2054 1745 2094; x_wconf 83' lang='lat' dir='ltr'><em>abituri.</em></span> 
     </span>
     <span class='ocr_line' id='line_1_67' title="bbox 1018 2112 1745 2164; baseline -0.001 -13"><span class='ocrx_word' id='word_1_395' title='bbox 1018 2112 1226 2164; x_wconf 85' lang='lat' dir='ltr'><strong>Exquisite</strong></span> <span class='ocrx_word' id='word_1_396' title='bbox 1255 2113 1364 2152; x_wconf 85' lang='lat' dir='ltr'><strong>dicta</strong></span> <span class='ocrx_word' id='word_1_397' title='bbox 1393 2119 1516 2153; x_wconf 88' lang='lat' dir='ltr'><strong>sunt:</strong></span> <span class='ocrx_word' id='word_1_398' title='bbox 1559 2113 1593 2152; x_wconf 87' lang='lat' dir='ltr'><strong>si</strong></span> <span class='ocrx_word' id='word_1_399' title='bbox 1621 2127 1745 2164; x_wconf 82' lang='lat' dir='ltr'><em>supe-—</em></span> 
     </span>
     <span class='ocr_line' id='line_1_68' title="bbox 1016 2171 1744 2224; baseline 0.001 -16"><span class='ocrx_word' id='word_1_400' title='bbox 1016 2179 1130 2221; x_wconf 81' lang='lat' dir='ltr'><em>rant,</em></span> <span class='ocrx_word' id='word_1_401' title='bbox 1165 2171 1198 2210; x_wconf 90' lang='lat' dir='ltr'><strong>si</strong></span> <span class='ocrx_word' id='word_1_402' title='bbox 1215 2185 1355 2211; x_wconf 91' lang='lat' dir='ltr'><em>eorum</em></span> <span class='ocrx_word' id='word_1_403' title='bbox 1369 2171 1497 2211; x_wconf 86' lang='lat' dir='ltr'><em>maior</em></span> <span class='ocrx_word' id='word_1_404' title='bbox 1526 2171 1640 2224; x_wconf 86' lang='lat' dir='ltr'><em>copia</em></span> <span class='ocrx_word' id='word_1_405' title='bbox 1665 2176 1744 2210; x_wconf 84' lang='lat' dir='ltr'><strong>est:</strong></span> 
     </span>
     <span class='ocr_line' id='line_1_69' title="bbox 1016 2229 1746 2282; baseline 0.001 -15"><span class='ocrx_word' id='word_1_406' title='bbox 1016 2234 1058 2267; x_wconf 83' lang='lat' dir='ltr'><em>et</em></span> <span class='ocrx_word' id='word_1_407' title='bbox 1088 2242 1165 2282; x_wconf 86' lang='lat' dir='ltr'><em>pro</em></span> <span class='ocrx_word' id='word_1_408' title='bbox 1202 2230 1326 2269; x_wconf 80' lang='lat' dir='ltr'><em>altero</em></span> <span class='ocrx_word' id='word_1_409' title='bbox 1344 2260 1355 2281; x_wconf 85' lang='lat'>‚</span> <span class='ocrx_word' id='word_1_410' title='bbox 1395 2230 1518 2269; x_wconf 81' lang='lat' dir='ltr'><strong>etiam</strong></span> <span class='ocrx_word' id='word_1_411' title='bbox 1550 2229 1746 2269; x_wconf 84' lang='lat' dir='ltr'><em>frumenti</em></span> 
     </span>
     <span class='ocr_line' id='line_1_70' title="bbox 1015 2287 1744 2342; baseline 0.003 -18"><span class='ocrx_word' id='word_1_412' title='bbox 1015 2287 1146 2326; x_wconf 85' lang='lat' dir='ltr'><em>maior</em></span> <span class='ocrx_word' id='word_1_413' title='bbox 1183 2289 1260 2327; x_wconf 83' lang='lat' dir='ltr'><em>erit</em></span> <span class='ocrx_word' id='word_1_414' title='bbox 1298 2288 1433 2342; x_wconf 88' lang='lat' dir='ltr'><strong>copia:</strong></span> <span class='ocrx_word' id='word_1_415' title='bbox 1470 2290 1630 2340; x_wconf 76' lang='lat' dir='ltr'><em>pariter</em></span> <span class='ocrx_word' id='word_1_416' title='bbox 1640 2289 1744 2341; x_wconf 80' lang='lat' dir='ltr'><em>fm-</em></span> 
     </span>
     <span class='ocr_line' id='line_1_71' title="bbox 1016 2345 1743 2399; baseline 0.003 -16"><span class='ocrx_word' id='word_1_417' title='bbox 1016 2354 1150 2384; x_wconf 84' lang='lat' dir='ltr'><em>menta</em></span> <span class='ocrx_word' id='word_1_418' title='bbox 1168 2355 1388 2399; x_wconf 76' lang='lat' dir='ltr'><em>sequentur.</em></span> <span class='ocrx_word' id='word_1_419' title='bbox 1426 2346 1483 2385; x_wconf 87' lang='lat' dir='ltr'><em>De</em></span> <span class='ocrx_word' id='word_1_420' title='bbox 1497 2348 1639 2385; x_wconf 80' lang='lat' dir='ltr'><em>tritura</em></span> <span class='ocrx_word' id='word_1_421' title='bbox 1660 2345 1743 2386; x_wconf 82' lang='lat' dir='ltr'><strong>vid.</strong></span> 
     </span>
     <span class='ocr_line' id='line_1_72' title="bbox 1017 2401 1743 2457; baseline 0.003 -16"><span class='ocrx_word' id='word_1_422' title='bbox 1017 2401 1070 2441; x_wconf 86' lang='lat' dir='ltr'><em>ad</em></span> <span class='ocrx_word' id='word_1_423' title='bbox 1090 2417 1149 2443; x_wconf 78' lang='lat' dir='ltr'><em>VS.</em></span> <span class='ocrx_word' id='word_1_424' title='bbox 1172 2407 1266 2446; x_wconf 90' lang='lat'><strong>178.</strong></span> <span class='ocrx_word' id='word_1_425' title='bbox 1325 2405 1443 2444; x_wconf 87' lang='lat' dir='ltr'><strong>Nunc</strong></span> <span class='ocrx_word' id='word_1_426' title='bbox 1458 2404 1566 2443; x_wconf 85' lang='lat' dir='ltr'><strong>dicta</strong></span> <span class='ocrx_word' id='word_1_427' title='bbox 1588 2410 1648 2443; x_wconf 84' lang='lat' dir='ltr'><strong>est</strong></span> <span class='ocrx_word' id='word_1_428' title='bbox 1667 2418 1743 2457; x_wconf 88' lang='lat' dir='ltr'><em>pro</em></span> 
     </span>
     <span class='ocr_line' id='line_1_73' title="bbox 1014 2460 1744 2516; baseline 0.005 -18"><span class='ocrx_word' id='word_1_429' title='bbox 1014 2474 1152 2500; x_wconf 89' lang='lat' dir='ltr'><strong>messe.</strong></span> <span class='ocrx_word' id='word_1_430' title='bbox 1213 2460 1396 2516; x_wconf 86' lang='lat' dir='ltr'><em>(Proprie</em></span> <span class='ocrx_word' id='word_1_431' title='bbox 1415 2462 1520 2501; x_wconf 81' lang='lat' dir='ltr'><strong>dixit</strong></span> <span class='ocrx_word' id='word_1_432' title='bbox 1539 2461 1744 2515; x_wconf 84' lang='lat' dir='ltr'><em>Virgilius:</em></span> 
     </span>
     <span class='ocr_line' id='line_1_74' title="bbox 1014 2519 1745 2573; baseline 0.004 -16"><span class='ocrx_word' id='word_1_433' title='bbox 1014 2519 1215 2558; x_wconf 86' lang='lat' dir='ltr'><em>laboriosa</em></span> <span class='ocrx_word' id='word_1_434' title='bbox 1246 2521 1399 2559; x_wconf 83' lang='lat' dir='ltr'><em>tritura</em></span> <span class='ocrx_word' id='word_1_435' title='bbox 1433 2534 1625 2573; x_wconf 89' lang='lat' dir='ltr'><strong>magnum</strong></span> <span class='ocrx_word' id='word_1_436' title='bbox 1653 2521 1745 2560; x_wconf 88' lang='lat' dir='ltr'><em>sru-</em></span> 
     </span>
     <span class='ocr_line' id='line_1_75' title="bbox 1015 2578 1744 2631; baseline 0.005 -17"><span class='ocrx_word' id='word_1_437' title='bbox 1015 2591 1111 2629; x_wconf 88' lang='lat' dir='ltr'><em>gum</em></span> <span class='ocrx_word' id='word_1_438' title='bbox 1146 2578 1327 2630; x_wconf 83' lang='lat' dir='ltr'><em>sequitur</em></span> <span class='ocrx_word' id='word_1_439' title='bbox 1363 2585 1636 2631; x_wconf 87' lang='lat' dir='ltr'><em>proventum;</em></span> <span class='ocrx_word' id='word_1_440' title='bbox 1671 2594 1744 2618; x_wconf 69' lang='lat' dir='ltr'><em>ve—</em></span> 
     </span>
     <span class='ocr_line' id='line_1_76' title="bbox 1014 2635 1743 2692; baseline 0.005 -20"><span class='ocrx_word' id='word_1_441' title='bbox 1014 2637 1097 2673; x_wconf 79' lang='lat' dir='ltr'><em>niet</em></span> <span class='ocrx_word' id='word_1_442' title='bbox 1116 2665 1127 2685; x_wconf 90' lang='lat'>‚</span> <span class='ocrx_word' id='word_1_443' title='bbox 1169 2636 1361 2688; x_wconf 75' lang='lat' dir='ltr'><em>agricolis,</em></span> <span class='ocrx_word' id='word_1_444' title='bbox 1407 2638 1479 2677; x_wconf 92' lang='lat' dir='ltr'><em>W</em></span> <span class='ocrx_word' id='word_1_445' title='bbox 1472 2635 1560 2692; x_wconf 74' lang='lat' dir='ltr'><em>ch.)</em></span> <span class='ocrx_word' id='word_1_446' title='bbox 1602 2636 1743 2676; x_wconf 82' lang='lat' dir='ltr'><em>umbra</em></span> 
     </span>
     <span class='ocr_line' id='line_1_77' title="bbox 1015 2693 1742 2746; baseline 0.004 -15"><span class='ocrx_word' id='word_1_447' title='bbox 1015 2698 1076 2731; x_wconf 84' lang='lat' dir='ltr'><em>est</em></span> <span class='ocrx_word' id='word_1_448' title='bbox 1106 2693 1228 2732; x_wconf 84' lang='lat' dir='ltr'><em>arbor</em></span> <span class='ocrx_word' id='word_1_449' title='bbox 1255 2694 1342 2746; x_wconf 89' lang='lat' dir='ltr'><strong>ipsa</strong></span> <span class='ocrx_word' id='word_1_450' title='bbox 1373 2695 1588 2746; x_wconf 84' lang='lat' dir='ltr'><em>umbrosa,</em></span> <span class='ocrx_word' id='word_1_451' title='bbox 1625 2695 1742 2734; x_wconf 83' lang='lat' dir='ltr'><em>fron-</em></span> 
     </span>
     <span class='ocr_line' id='line_1_78' title="bbox 1012 2750 1742 2806; baseline 0.005 -18"><span class='ocrx_word' id='word_1_452' title='bbox 1012 2750 1121 2789; x_wconf 84' lang='lat' dir='ltr'><strong>dosa.</strong></span> <span class='ocrx_word' id='word_1_453' title='bbox 1179 2754 1289 2791; x_wconf 86' lang='lat' dir='ltr'><em>Area</em></span> <span class='ocrx_word' id='word_1_454' title='bbox 1309 2761 1402 2791; x_wconf 83' lang='lat' dir='ltr'><em>teret</em></span> <span class='ocrx_word' id='word_1_455' title='bbox 1431 2755 1608 2802; x_wconf 86' lang='lat' dir='ltr'><strong>culmos,</strong></span> <span class='ocrx_word' id='word_1_456' title='bbox 1641 2766 1742 2806; x_wconf 89' lang='lat' dir='ltr'><em>poe-</em></span> 
     </span>
     <span class='ocr_line' id='line_1_79' title="bbox 1010 2808 1741 2864; baseline 0.008 -19"><span class='ocrx_word' id='word_1_457' title='bbox 1010 2808 1093 2846; x_wconf 81' lang='lat' dir='ltr'><strong>tica</strong></span> <span class='ocrx_word' id='word_1_458' title='bbox 1109 2810 1266 2849; x_wconf 81' lang='lat' dir='ltr'><em>ratione</em></span> <span class='ocrx_word' id='word_1_459' title='bbox 1284 2824 1369 2850; x_wconf 87' lang='lat' dir='ltr'><em>non</em></span> <span class='ocrx_word' id='word_1_460' title='bbox 1385 2811 1637 2864; x_wconf 82' lang='lat' dir='ltr'><em>infrequente</em></span> <span class='ocrx_word' id='word_1_461' title='bbox 1651 2824 1741 2864; x_wconf 81' lang='lat' dir='ltr'><em>pre,</em></span> 
     </span>
     <span class='ocr_line' id='line_1_80' title="bbox 1013 2867 1741 2919; baseline 0.005 -15"><span class='ocrx_word' id='word_1_462' title='bbox 1013 2867 1135 2905; x_wconf 88' lang='lat' dir='ltr'><strong>culmi</strong></span> <span class='ocrx_word' id='word_1_463' title='bbox 1150 2874 1335 2907; x_wconf 83' lang='lat' dir='ltr'><em>terentur</em></span> <span class='ocrx_word' id='word_1_464' title='bbox 1351 2869 1395 2908; x_wconf 89' lang='lat' dir='ltr'><em>in</em></span> <span class='ocrx_word' id='word_1_465' title='bbox 1413 2882 1525 2919; x_wconf 84' lang='lat' dir='ltr'><em>area,</em></span> <span class='ocrx_word' id='word_1_466' title='bbox 1554 2869 1625 2908; x_wconf 79' lang='lat' dir='ltr'><strong>inf.</strong></span> <span class='ocrx_word' id='word_1_467' title='bbox 1643 2870 1741 2911; x_wconf 83' lang='lat'><strong>298.</strong></span> 
     </span>
     <span class='ocr_line' id='line_1_81' title="bbox 1012 2925 1742 2978; baseline 0.001 -14"><span class='ocrx_word' id='word_1_468' title='bbox 1012 2925 1095 2964; x_wconf 86' lang='lat' dir='ltr'><em>vid.</em></span> <span class='ocrx_word' id='word_1_469' title='bbox 1118 2926 1171 2965; x_wconf 81' lang='lat' dir='ltr'><em>ad</em></span> <span class='ocrx_word' id='word_1_470' title='bbox 1190 2927 1335 2966; x_wconf 81' lang='lat' dir='ltr'><strong>Tibull.</strong></span> <span class='ocrx_word' id='word_1_471' title='bbox 1351 2928 1390 2978; x_wconf 88' lang='grc' dir='ltr'><em>Ι,</em></span> <span class='ocrx_word' id='word_1_472' title='bbox 1410 2927 1450 2978; x_wconf 87' lang='grc'><em>5,</em></span> <span class='ocrx_word' id='word_1_473' title='bbox 1469 2930 1527 2969; x_wconf 84' lang='lat'><em>22</em></span> <span class='ocrx_word' id='word_1_474' title='bbox 1553 2933 1594 2966; x_wconf 86' lang='lat' dir='ltr'><em>et</em></span> <span class='ocrx_word' id='word_1_475' title='bbox 1613 2926 1742 2966; x_wconf 86' lang='lat' dir='ltr'><em>Cerda</em></span> 
     </span>
     <span class='ocr_line' id='line_1_82' title="bbox 1013 2983 1742 3039; baseline 0.003 -18"><span class='ocrx_word' id='word_1_476' title='bbox 1013 2983 1067 3022; x_wconf 87' lang='lat' dir='ltr'><em>ad</em></span> <span class='ocrx_word' id='word_1_477' title='bbox 1094 2983 1135 3023; x_wconf 89' lang='lat' dir='ltr'><em>h.</em></span> <span class='ocrx_word' id='word_1_478' title='bbox 1165 2985 1191 3024; x_wconf 92' lang='lat'><em>1.</em></span> <span class='ocrx_word' id='word_1_479' title='bbox 1260 2985 1429 3038; x_wconf 80' lang='lat' dir='ltr'><em>Reliqua</em></span> <span class='ocrx_word' id='word_1_480' title='bbox 1475 2985 1532 3024; x_wconf 88' lang='lat' dir='ltr'><strong>sic</strong></span> <span class='ocrx_word' id='word_1_481' title='bbox 1578 2985 1742 3039; x_wconf 85' lang='lat' dir='ltr'><em>iungere</em></span> 
     </span>
    </p>
   </div>
  </div>
 </body>
</html>
