1768 3320
193 230 389 266 cxan
491 215 546 264 P.
582 211 888 263 VIRGILII‘
907 204 1223 257 MARONIS
1261 202 1431 252 vrrA
1743 173 1768 239 ἓ

192 347 236 386 id
251 346 325 384 sub
347 344 469 383 finem
489 343 583 381 anni
600 341 775 381 videtur.
835 336 972 378 Videri
989 340 1120 388 potest
1150 332 1200 371 de
1218 331 1299 370 1100
1323 331 1471 370 itinere
1490 329 1622 369 Noris.
1645 330 1716 369 Ce-
1735 327 1768 390 ²7ss

193 403 360 457 notaph.
383 403 510 441 Pisan.
529 415 568 454 p.
587 395 841 442 292—294.
901 395 1003 434 Ante
1024 391 1193 444 Augusti
1216 403 1267 428 ex
1291 389 1395 428 urbe
1415 388 1634 428 discessum
1652 389 1719 428 Ia-
1751 402 1768 435 ιε

193 477 294 502 num
321 462 473 500 iterum
501 464 724 498 reseratum
753 468 833 494 esse
863 452 1070 507 probabile
1093 449 1160 488 fit:
1194 461 1271 487 nec
1293 454 1432 486 tamen
1451 446 1550 489 inde
1568 447 1720 487 inferre

194 521 294 560 velis
312 533 403 558 cum
433 518 618 557 Massono
647 530 685 568 p.
709 517 788 557 112
807 526 876 564 sq.,
900 512 1035 550 locum
1061 507 1160 547 Aen.
1185 507 1274 556 VII,
1299 504 1397 548 604.
1421 505 1520 549 605-
1553 509 1638 549 606
1668 519 1720 545 ex
1757 502 1768 559 Ξ

195 579 316 618 huius
338 577 431 615 anni
456 576 554 614 actis
570 571 917 626 interpretandum
938 581 1030 606 esse.
1386 563 1389 566 ⁴
1752 559 1768 636 ἐ

311 635 546 686 AethiopeS,
579 633 680 671 duce
699 631 854 682 regina,
886 627 1080 675 Candace,
1109 622 1417 676 impressionem
1432 622 1476 661 in
1493 620 1768 675 Aegyptum}

196 694 362 744 faciunt,
394 699 433 731 et
452 690 741 744 Elephantinen
761 688 902 726 urbem
923 684 1133 736 diripiunt.
1193 682 1459 720 Revertentes
1478 692 1545 719 eos
1564 681 1615 719 ad
1634 676 1722 721 terf-
1752 659 1768 709 ἒ

198 768 264 793 ras
285 766 375 792 suas
393 752 434 790 C.
454 749 660 788 Petronius
674 778 685 797 ,
718 745 887 798 Aegypti
907 743 1157 796 praefectuS,
1191 739 1342 789 caedit,
1373 738 1632 792 Aethiopiam
1656 740 1738 787 iii-2
1760 757 1768 786 ς

199 825 355 865 gressus
383 809 530 861 regiam
558 806 726 854 evertit,
768 811 808 842 et
832 810 984 841 terram
1013 813 1154 839 eorum
1187 797 1395 851 praesidiis
1424 804 1607 850 occupat.
1637 797 1722 838 vid.

200 871 274 909 Dio
303 869 398 918 LIV,
437 858 475 909 5.
534 865 679 904 strabo
714 863 779 901 lib.
811 860 947 910 xvu,
982 859 1053 897 ubi
1088 857 1138 895 de
1167 856 1554 910 Aethiopibusssgst.
1614 857 1726 896 Haec

200 927 386 980 Virgilius
415 924 609 978 respicere
642 922 800 961 videtur
829 918 927 958 Aen.
955 917 1022 966 VI,
1041 918 1126 959 796
1165 917 1281 954 lacet
1306 924 1419 954 extra
1434 909 1568 954 sidera
1589 916 1721 967 tellus,

208 990 331 1026 Extra
352 985 452 1025 anni
469 984 640 1035 solisque
661 982 749 1020 rias
766 984 854 1028 etc.,
885 976 957 1015 ubi
974 974 1059 1015 vid.
1076 974 1171 1013 Not.
1763 974 1766 980 ’

802 1069 864 1119 U.
901 1067 956 1118 C.
993 1070 1111 1117 733.

482 1168 551 1216 M.
588 1167 779 1213 Lollius.
858 1164 916 1230 Q.
947 1163 1183 1209 Aemilius
1218 1159 1445 1222 Lepidus.

584 1265 629 1296 α.
657 1248 707 1295 C.
730 1250 810 1297 21.
890 1245 1086 1309 Virgilii
1107 1241 1350 1298 49—50,

318 1343 528 1393 Augustus
553 1339 666 1378 rebus
695 1342 738 1378 in
767 1340 909 1378 Sicilia
942 1338 1138 1376 ordinatis
1174 1338 1217 1374 in
1246 1336 1467 1381 Graeciam
1494 1337 1728 1375 transmisit.
1762 1342 1768 1354 ⁴

206 1401 339 1440 Rebus
359 1403 400 1437 in
427 1401 600 1438 Graecia
619 1398 811 1450 consectis
833 1400 876 1436 in
901 1398 1071 1436 Samum
1092 1395 1332 1447 navigavit,
1364 1392 1496 1447 ibique
1517 1393 1746 1433 hiemavit.>

204 1460 277 1498 Dio
306 1458 403 1508 LIV,
433 1460 473 1499 7.

804 1548 866 1598 U.
906 1547 962 1597 C.
996 1548 1113 1596 734.

499 1643 569 1689 M.
616 1627 888 1705 Apuleius(
946 1643 1003 1690 P.
1057 1641 1205 1688 silius
1256 1640 1432 1692 Nerva,

581 1741 626 1773 a.
654 1725 705 1773 0.
724 1728 805 1775 20.
883 1722 1343 1787 Virgizzi50-51,
1440 1730 1443 1734 ¹

326 1817 475 1855 Iterum
509 1816 607 1855 victi
644 1817 724 1856 hoc:
757 1832 861 1857 anno
899 1817 1095 1856 Cantabri
1135 1817 1185 1856 ab
1210 1815 1406 1868 Agrippa:
1445 1813 1593 1854 Horat.
1621 1813 1732 1866 IEp.

215 1878 280 1923 12,
301 1878 368 1917 26.
434 1876 534 1914 Vere
551 1876 762 1927 Augustus
790 1878 831 1914 in
847 1878 995 1914 Asiam
1004 1866 1183 1927 pert-exii
1196 1905 1207 1924 ‚
1252 1874 1385 1927 ibique
1413 1882 1450 1912 et
1470 1875 1513 1911 in
1531 1872 1734 1926 Bithynia

213 1935 349 1970 omnia
384 1935 584 1971 constituit
606 1964 616 1982 ,
661 1934 733 1972 Dio
772 1935 870 1984 LIV,
897 1937 923 1976 7
934 1949 944 1985 3
995 1936 1119 1972 etiam
1149 1934 1310 1985 Syriam
1338 1931 1443 1971 adiit
1468 1931 1565 1971 ibid.
1597 1929 1742 1970 lustin.

213 1990 342 2040 XLII,
364 1991 402 2033 5.
461 1990 576 2029 Hanc
607 1990 774 2044 Augusti
802 1993 845 2030 in
872 1992 1091 2045 provinciis
1116 1991 1335 2041 adeundis,
1367 1989 1529 2043 dignam
1547 1989 1735 2044 principe

214 2055 350 2098 tanto,
392 2048 632 2087 industriam
661 2050 869 2103 praedicat
903 2051 1101 2103 Virgilius
1125 2049 1225 2089 Aen.
1255 2049 1322 2099 VI,
1349 2051 1434 2091 802
1452 2071 1510 2078 —
1529 2045 1614 2091 806
1644 2048 1735 2087 Nee

215 2121 303 2144 vero
329 2106 492 2144 Alcides
513 2115 668 2146 lantum
685 2110 834 2147 telluris
855 2108 976 2147 obivit
1003 2115 1075 2148 etc.
1102 2109 1152 2147 cf.
1174 2110 1341 2148 Sueton.
1360 2121 1445 2161 cap.
1464 2105 1532 2149 47.
1578 2118 1579 2122 ’

329 2164 427 2202 Cum
457 2165 497 2202 in
528 2166 683 2218 Syriam
716 2167 963 2218 advenisset,
993 2167 1209 2217 Phraates,
1239 2166 1418 2216 veritus,
1449 2178 1500 2204 ne
1534 2165 1640 2205 bello
1662 2177 1736 2217 pe-

217 2228 396 2272 teretur,
436 2222 543 2273 signa
569 2224 745 2276 Augusto
775 2239 867 2264 cum
900 2226 1070 2278 captivis
1089 2232 1140 2264 -et
1167 2225 1422 2264 exercituum
1453 2224 1571 2263 Rom.
1601 2223 1737 2276 spoliis

215 2280 380 2318 remisit.
438 2280 528 2329 Qua
555 2295 597 2319 re
623 2282 725 2321 nihil
756 2284 808 2321 ad
842 2284 1011 2336 Augusti
1041 2284 1211 2336 gloriam
1234 2283 1434 2334 illustrius
1466 2283 1648 2335 unquam
1675 2282 1738 2320 fa-

218 2343 329 2376 ctum
352 2338 482 2376 visum
505 2346 573 2377 est.
605 2341 685 2380 vid.
706 2342 776 2380 Dio
804 2342 901 2391 LIV,
932 2345 957 2383 8
978 2348 1016 2380 et
1045 2343 1097 2380 ibi
1118 2342 1275 2381 Fabric.
1307 2341 1438 2381 Etiam
1461 2340 1658 2389 Indorum
1676 2339 1738 2378 le—

216 2396 297 2447 gati
318 2409 407 2434 eum
424 2397 659 2436 Antiochiae
686 2399 894 2438 adierunt:
926 2401 1071 2439 Strabo
1092 2401 1184 2450 XV,
1206 2414 1247 2452 p.
1267 2403 1351 2442 719
1375 2400 1417 2439 C.
1439 2399 1486 2438 D.
1503 2398 1621 2443 Unde
1638 2398 1737 2437 Aen·

217 2453 284 2501 VI,
307 2454 390 2495 795
421 2469 540 2505 super
558 2457 681 2494 Indos
699 2458 880 2510 Profiret
900 2461 1125 2509 imperium.
1186 2459 1327 2510 Itaque
1347 2455 1740 2511 m'agnoperffiinpri-

217 2511 292 2549 mis
314 2524 337 2547 a
364 2513 492 2562 poetis
521 2525 565 2550 ea
596 2527 660 2552 res
691 2515 900 2555 extollitur
930 2523 970 2554 et
993 2517 1211 2568 magnificis
1229 2517 1364 2556 verbis
1384 2522 1583 2565 ornatur,
1614 2521 1665 2554 ut
1690 2513 1740 2552 de
1763 2507 1768 2514 “

217 2568 438 2622 profligatis
468 2570 648 2621 Parthis,
687 2586 825 2612 everso
853 2587 993 2612 eorum
1021 2575 1212 2627 imperio,
1255 2575 1366 2614 victo
1398 2575 1584 2623 Oriente,
1623 2571 1741 2613 India

219 2626 440 2675 debellata,
474 2640 538 2666 eos
566 2629 675 2680 loqui
702 2631 848 2670 videas.
879 2631 963 2671 vid.
991 2633 1080 2671 loca
1115 2634 1225 2686 apud
1254 2633 1426 2673 Cerdam
1460 2632 1513 2671 ad
1540 2631 1615 2672 VH
1641 2631 1740 2670 Aen.

219 2687 317 2727 606.
377 2684 440 2722 Ad
464 2684 573 2724 hunc
599 2687 733 2739 itaque
760 2704 911 2728 annum
940 2704 1080 2729 versus
1110 2698 1254 2743 poetae
1281 2692 1413 2732 nostri
1444 2691 1513 2730 Ge.
1539 2690 1596 2730 IV
1621 2694 1740 2738 extr„

217 2741 267 2808 Il,
295 2745 547 2807 t70—173‚
574 2744 640 2794 III,
660 2749 715 2788 26
735 2769 792 2777 —-
812 2751 865 2789 33
897 2762 918 2785 a
950 2750 1153 2788 nonnullis
1175 2750 1341 2800 referri,
1382 2763 1504 2802 supra
1522 2746 1574 2787 ad
1594 2762 1628 2787 a.
1656 2744 1742 2796 724

218 2799 542 2852 significavimus
611 2803 821 2855 Insigniter
861 2813 1024 2845 auctum
1059 2814 1117 2845 est
1163 2807 1242 2846 hoc
1279 2809 1389 2847 idem
1423 2808 1523 2848 Aen.
1552 2806 1630 2857 VI,
1657 2806 1742 2848 799

195 2858 360 2895 ‚Huius
386 2859 428 2895 in
465 2860 681 2898 advenlmn
710 2864 793 2900 iam
823 2878 928 2902 nunc
957 2873 992 2902 el
1020 2865 1172 2916 Caspia
1202 2881 1328 2918 regna
1347 2868 1569 2918 Responsis
1587 2865 1745 2903 horrent

217 2914 464 3011 divunxryec
506 2919 692 2956 spsaeolia
737 2922 876 2971 tellus,
926 2923 981 2960 Et
1009 2931 1159 2973 sepiem
1198 2927 1357 2975 gemini
1391 2924 1552 2964 turbant
1586 2921 1743 2975 trepida

220 2981 322 3011 aetia
354 3008 359 3011 .
392 2989 405 3010 1
424 2989 450 3011 ι.
