1734 3320
5 1097 12 1101 ’
79 1099 307 1135 auctoritate.

303 224 794 287 GEORGICON
838 231 982 283 ΜΒ.
1020 231 1113 296 ΠΙ,
1151 237 1376 286 67-76

1504 223 1609 288 515

151 364 274 414 Nec
285 377 401 412 non
422 368 479 410 et
500 358 686 426 pecori
710 366 790 408 est
811 357 960 408 idem
983 357 1207 408 dilectus
1231 361 1446 426 equino,

84 435 172 484 Tu
193 430 391 495 mod0‚
429 446 567 497 quos
590 430 647 479 in
674 445 831 496 spem
853 437 1050 479 statues
1078 428 1395 480 submittere
1418 432 1607 499 gentis,

53 537 59 540 -
80 501 471 569 Praecipuum
458 517 565 550 iam
592 499 721 549 inde
745 516 773 548 a
794 500 995 549 teneris
1012 498 1252 566 inpende
1278 499 1536 556 laborem.

83 571 357 625 Continuo
378 571 591 638 pecoris
613 570 863 636 generosi
889 569 1106 637 pullus
1093 586 1149 619 1n
1172 570 1307 619 arvis

1537 576 1608 625 75

80 641 250 694 Altius
271 641 594 708 ingreditur,
634 649 687 691 et
707 639 892 691 mollia
917 657 1069 691 crura
1090 641 1335 707 reponit;

149 741 234 788 76.
266 749 515 786 mirmur.

125 864 175 901 72
197 863 359 899 dilectus
380 875 401 898 e
419 862 550 897 Medic.
572 869 609 897 et
632 868 704 897 vet.
722 862 864 904 Heins.,
899 868 939 897 ut
958 868 1041 897 ante
1069 861 1229 899 suboles.
1282 862 1403 909 Vulgo
1431 863 1605 899 delectus.

81 919 125 945 ut
134 913 264 960 pecori
276 912 368 945 Ven.
416 919 496 945 esto
514 910 610 945 idem
633 911 724 944 coni.
744 911 775 944 H
781 922 894 944 emsn

990 910 1038 946 73
1069 918 1215 944 statues
1239 910 1283 944 ab
1305 912 1425 945 Heius.
1454 923 1497 944 ex
1523 912 1606 945 Me-

79 957 151 992 dic.
181 965 219 992 et
243 957 495 1004 antiquissimis
522 957 621 998 aliis3
657 958 708 992 sic
735 964 771 991 et
796 957 955 991 macrob.
984 960 1057 991 Sat.
1090 959 1153 1001 VI,
1189 959 1224 999 6,
1250 964 1287 991 et
1307 958 1474 992 Probus'
1462 970 1499 992 ιιι
1519 962 1606 993 Arte

80 1006 272 1040 Grammat.
305 1006 425 1052 (etiam
441 1006 476 1041 3.
497 1006 532 1040 8.
563 1005 681 1050 Wr);
706 1005 757 1039 sic
775 1011 895 1038 tamen
919 1004 989 1038 iam
1010 1004 1198 1038 ediderant
1216 1005 1382 1049 Egnatius
1404 1012 1440 1038 et
1458 1007 1606 1061 Nauge-

77 1052 165 1087 rius.
213 1054 351 1088 statuis
376 1052 495 1098 vulgo.

78 1215 201 1256 sortis
220 1217 387 1258 notione
405 1224 467 1259 est
485 1219 632 1272 eligere
650 1224 694 1257 et
711 1218 813 1257 sub-

77 1275 260 1315 nituere.

138 1337 195 1376 72
215 1355 275 1364 -
294 1337 393 1378 137.
420 1334 615 1387 Sequitur
629 1333 745 1373 locus
765 1331 815 1372 de

79 1404 279 1444 equorum
321 1406 419 1432 cura
432 1423 445 1443 ,
489 1398 530 1431 et
567 1392 730 1444 quidem
767 1391 818 1430 de

79 1450 306 1507 admissura
341 1464 469 1503 usque
515 1450 569 1489 ad
605 1453 704 1493 208.
771 1450 819 1488 ln

79 1521 184 1562 equo
213 1509 448 1548 admissario
481 1509 683 1561 seligendo
712 1521 816 1560 quae

78 1567 160 1606 sint
176 1567 394 1621 spectanda
423 1571 491 1611 75.
502 1568 614 1620 signa
630 1581 652 1606 e
669 1568 815 1616 forma,

77 1626 260 1678 inoessu,
291 1626 450 1676 animo,
480 1626 637 1677 colore,
668 1631 814 1676 aetate,

76 1691 167 1724 tum
193 1683 236 1724 et
260 1698 321 1724 vs.
342 1687 423 1728 100
441 1690 630 1737 parentes
648 1698 695 1724 ac
715 1685 814 1723 stir-

77 1757 194 1797 pem,
232 1743 482 1782 alacritatem
517 1749 558 1782 et
595 1743 814 1797 impatien-

77 1802 179 1841 tiam
213 1801 258 1841 in
296 1802 522 1852 curriculo,
572 1802 624 1840 ad
659 1805 742 1845 122
773 1807 814 1840 et

76 1860 235 1900 victum
256 1860 533 1912 reliquamque
557 1874 697 1899 curam
714 1859 814 1899 sub-

77 1919 212 1972 iungit
229 1948 241 1969 ‚
280 1918 357 1958 sub
397 1919 531 1972 ipsum
567 1919 815 1958 admissurae

76 1983 243 2030 tempus
254 1978 375 2016 etiam
392 1977 437 2016 in
450 1977 696 2029 equabus—
718 1979 814 2019 137.

78 2038 148 2078 73.
178 2036 392 2088 Exquisita
409 2036 621 2086 varietate,
650 2042 700 2074 ut
718 2037 816 2073 Ser-

78 2094 170 2133 vius
201 2094 384 2143 notavit,
434 2107 528 2133 cum
566 2094 618 2133 de
648 2093 814 2132 taurino

77 2165 222 2205 genere
261 2157 395 2204 ageret
414 2181 426 2202 ,
471 2157 643 2191 matrem
681 2165 814 2201 nunc,

79 2224 172 2250 cum
201 2209 256 2249 de'
281 2210 452 2262 equino,
481 2216 641 2263 patrem
662 2209 814 2248 admis-

78 2269 231 2308 sarium
256 2267 461 2307 describit.
492 2267 727 2307 Submittere
748 2267 814 2306 di-

78 2327 187 2366 citur
215 2327 405 2366 universe
438 2325 489 2364 de
523 2326 592 2376 iis,
623 2326 693 2378 qui
715 2325 815 2364 sub-

77 2386 311 2425 stituuntur
328 2385 371 2424 in
391 2384 562 2423 aliorum
573 2385 722 2435 locum,
742 2389 815 2423 aut

78 2443 133 2483 ad
156 2443 427 2497 supplendum
446 2456 605 2495 gregem
626 2443 815 2493 aluntur,

31 2500 34 2501 ⁷
77 2492 163 2542 vid.
196 2516 284 2568 sup.
314 2501 368 2541 ad
394 2502 547 2551 Ecl.1‚
577 2500 657 2552 463
698 2514 810 2540 nunc

77 2561 243 2614 proprie
275 2559 326 2599 de
362 2560 497 2612 equis,
545 2559 615 2611 qui
650 2559 703 2598 ad
738 2559 815 2598 ad-

0 2628 1 2651 i
77 2618 293 2659 missuram
320 2618 510 2668 aluntur,
548 2617 591 2656 h.
612 2624 660 2657 ut
686 2618 728 2656 in
748 2618 815 2656 lo-

79 2691 174 2716 cum
192 2677 385 2727 aliorum,
415 2678 574 2716 feturae
593 2676 812 2726 inutilium,

77 2735 156 2788 ipsi
197 2735 426 2774 succedant.
494 2735 600 2773 Satis
643 2734 813 2773 definita

77 2806 144 2832 res
163 2799 205 2832 et
223 2794 413 2847 expedita
431 2793 589 2832 adiecto
600 2823 611 2843 ‚
643 2795 811 2845 inspem

76 2853 247 2903 gregis;
288 2852 547 2904 praecipuam
582 2865 723 2890 curam
762 2851 811 2889 iis

77 2908 286 2962 impende,
325 2923 447 2960 quos,
477 2916 527 2948 ut
555 2923 664 2948 nova
678 2909 813 2962 proles

78 2967 175 3006 inde
195 2973 400 3016 nascatur,
427 2967 539 3006 voles
566 2967 812 3006 substituere

80 3025 325 3065 admissariis
350 3030 521 3077 propter
540 3024 647 3064 vires
664 3026 811 3064 fractas

541 1061 675 1100 gentes
699 1054 846 1086 Roman.

399 1101 448 1136 76
470 1101 629 1147 reflectit
650 1099 852 1145 Cantabrig.

941 1052 987 1087 75
1010 1064 1218 1100 generosus
1242 1052 1356 1086 cerda
1373 1052 1505 1097 edidit,
1529 1053 1605 1087 sine

869 1215 1139 1257 removendis.
1182 1217 1242 1256 Ita
1263 1217 1492 1257 discernere
1511 1218 1607 1258 licet

870 1276 991 1329 plura
1014 1281 1166 1314 temere
1195 1276 1373 1316 confusa.
1431 1277 1487 1316 Ut
1504 1290 1607 1330 poe-

873 1340 933 1384 ta,
980 1338 1187 1387 permutat
1217 1347 1337 1373 voees
1367 1349 1537 1387 gregem
1563 1342 1606 1375 et

875 1400 1083 1442 armenta,
1131 1399 1176 1431 ut
1198 1407 1301 1445 grex
1337 1407 1449 1433 nunc
1476 1407 1605 1446 equo-

874 1464 970 1491 rum
990 1451 1061 1500 sit,
1090 1450 1151 1489 ita
1172 1458 1213 1490 et
1227 1466 1369 1503 pecus.

932 1509 1001 1552 75.
1022 1508 1233 1559 Continuo,
1255 1510 1400 1562 primo.
1439 1510 1496 1548 De
1515 1510 1605 1550 for-

873 1581 939 1606 ma
960 1566 1040 1606 hac
1060 1568 1109 1606 cf.
1130 1568 1271 1619 Georg.
1289 1568 1320 1618 I,
1346 1570 1440 1611 169.
1484 1566 1605 1623 (Sen-

872 1626 1003 1665 tentia
1016 1624 1165 1664 horum
1175 1626 1396 1665 verborum
1406 1625 1508 1666 haec
1524 1633 1605 1667 est:

873 1686 1021 1723 Statim
1053 1697 1106 1722 ex
1128 1685 1308 1735 incessu,
1354 1700 1384 1724 s.
1410 1685 1498 1737 ipso
1523 1686 1605 1724 iam

873 1756 924 1782 ax
962 1742 1119 1781 incessu
1155 1744 1387 1782 coniectura
1414 1743 1465 1782 de
1500 1757 1604 1796 equo

870 1801 959 1840 fieri
990 1800 1157 1854 poterit.
1229 1802 1424 1840 Continuo
1440 1808 1502 1841 est
1526 1816 1605 1841 no-

871 1866 1004 1899 strum
1029 1859 1166 1911 gleiclc
1180 1890 1191 1908 ,
1232 1860 1358 1912 sosort
1366 1876 1382 1908 ;
1430 1861 1502 1900 cfr.
1533 1861 1604 1900 Ge.

871 1918 912 1968 Ι,
944 1921 1013 1960 60.
1039 1920 1134 1959 169.
1166 1917 1240 1969 111,
1267 1919 1362 1961 158.
1386 1921 1485 1961 271.
1505 1919 1603 1961 468.

871 1977 1013 2015 Latine
1034 1989 1132 2014 mox
1158 1989 1233 2028 per
1261 1978 1372 2026 iam,
1411 1990 1510 2016 mox
1530 1991 1605 2030 per

872 2037 1011 2073 statim
1050 2033 1244 2086 explicari
1282 2041 1430 2087 potest.
1472 2037 1544 2076 W
1536 2035 1603 2090 r.)

867 2107 1011 2144 pecus,
1044 2091 1086 2131 h.
1107 2092 1134 2129 1.
1155 2092 1349 2143 equinum
1366 2107 1407 2132 v.
1420 2096 1488 2135 72.
1518 2094 1605 2133 No-

872 2156 936 2189 tas
962 2149 1036 2188 has
1067 2150 1332 2202 generosioris
1371 2151 1475 2204 pulli
1507 2151 1604 2190 illu-

872 2214 1007 2247 strant
1044 2207 1134 2246 loca
1173 2222 1196 2246 a
1236 2208 1367 2247 Cerda
1402 2215 1602 2261 congesta:
1652 2250 1656 2258 .

872 2266 966 2305 vide
987 2265 1176 2318 Xenoph.
1205 2266 1255 2305 de
1279 2280 1326 2305 re
1343 2267 1517 2318 equestri
1539 2282 1602 2321 pr.

870 2325 1001 2363 Varro
1022 2325 1070 2362 R.
1091 2325 1139 2363 R.
1159 2325 1206 2374 11,
1223 2327 1262 2367 7.
1274 2325 1428 2364 Colum.
1449 2325 1516 2375 VI,
1532 2328 1602 2368 29.

872 2384 1052 2436 Geopon.
1067 2383 1176 2432 XVI,
1192 2386 1212 2425 1
1236 2389 1276 2421 et
1294 2387 1333 2425 2.
1372 2383 1486 2422 Inter
1504 2396 1603 2436 poe-
1620 2424 1624 2426 ,

871 2448 947 2491 tas,
972 2447 1135 2493 praeter
1153 2442 1399 2494 Oppianum,
1429 2441 1499 2493 qui
1512 2441 1603 2480 Ma-

871 2513 1012 2539 ronem
1037 2505 1130 2538 ante
1159 2501 1297 2539 oculos
1327 2499 1514 2539 habuisse
1535 2500 1603 2540 vi-

874 2558 1018 2607 detur,
1050 2558 1195 2610 Cyneg.
1218 2559 1247 2608 1,
1269 2561 1363 2608 173,
1383 2559 1434 2598 cf.
1454 2559 1603 2597 Neme-

871 2618 971 2656 sian.
996 2617 1142 2669 Cyneg.
1165 2616 1252 2659 240
1274 2630 1358 2668 sqq.
1387 2630 1439 2656 ex
1460 2623 1601 2656 nostro

869 2674 1160 2725 illustrandus,
1213 2681 1254 2713 et
1295 2675 1485 2728 Calpurn.
1517 2676 1601 2714 Ecl.

870 2734 937 2783 VI,
952 2734 1004 2776 51
1030 2747 1116 2785 sqq.
1153 2733 1329 2772 Omnino
1348 2734 1401 2771 ad
1422 2733 1601 2784 antiqui-

868 2798 996 2831 tatem
1016 2791 1075 2830 rei
1094 2792 1292 2842 equestris
1308 2792 1508 2831 videndus
1519 2791 1602 2829 Bo-

870 2850 1000 2889 chart.
1012 2849 1235 2889 Hierozoic.
1250 2850 1297 2898 11,
1309 2853 1335 2891 6
1346 2863 1402 2901 sq.
1434 2851 1501 2891 76.
1518 2849 1600 2886 Al-

869 2911 948 2947 tius
969 2908 1216 2960 ingreditur,
1250 2908 1380 2946 Varro
1398 2907 1425 2945 l.
1449 2906 1475 2944 l.
1498 2905 1600 2944 Cru-

867 2966 976 3005 ribus
990 2968 1104 3005 rectis
1136 2975 1173 3004 et
1199 2964 1446 3017 aequalibus.
1476 2963 1601 3002 Colu-

867 3025 974 3064 men.
987 3025 1015 3063 l.
1036 3024 1063 3062 Ι.
1093 3022 1332 3076 aequalibus
1359 3030 1480 3075 abque
1503 3022 1600 3060 altis

1200 3090 1319 3137 33*
