<?xml version="1.0" encoding="UTF-8"?>
<!DOCTYPE html PUBLIC "-//W3C//DTD XHTML 1.0 Transitional//EN"
    "http://www.w3.org/TR/xhtml1/DTD/xhtml1-transitional.dtd">
<html xmlns="http://www.w3.org/1999/xhtml" xml:lang="en" lang="en">
 <head>
  <title>
</title>
<meta http-equiv="Content-Type" content="text/html;charset=utf-8" />
  <meta name='ocr-system' content='tesseract 3.04.00' />
  <meta name='ocr-capabilities' content='ocr_page ocr_carea ocr_par ocr_line ocrx_word'/>
</head>
<body>
  <div class='ocr_page' id='page_1' title='image "./publiusvirgilius01virguoft_0711.png"; bbox 0 0 1734 3320; ppageno 0'>
   <div class='ocr_carea' id='block_1_1' title="bbox 243 184 1346 264">
    <p class='ocr_par' dir='ltr' id='par_1_1' title="bbox 243 184 1346 264">
     <span class='ocr_line' id='line_1_1' title="bbox 243 184 1346 264; baseline 0.005 -14"><span class='ocrx_word' id='word_1_1' title='bbox 243 184 728 258; x_wconf 74' lang='lat' dir='ltr'><strong>GEoRGmoN</strong></span> <span class='ocrx_word' id='word_1_2' title='bbox 762 199 904 261; x_wconf 69' lang='grc' dir='ltr'><strong>ΜΒ.</strong></span> <span class='ocrx_word' id='word_1_3' title='bbox 924 200 1346 264; x_wconf 58' lang='grc'><strong>111215-230</strong></span> 
     </span>
    </p>
   </div>
   <div class='ocr_carea' id='block_1_2' title="bbox 1453 206 1552 257">
    <p class='ocr_par' dir='ltr' id='par_1_2' title="bbox 1453 206 1552 257">
     <span class='ocr_line' id='line_1_2' title="bbox 1453 206 1552 257; baseline 0 -1"><span class='ocrx_word' id='word_1_4' title='bbox 1453 206 1552 257; x_wconf 83' lang='grc'><strong>541</strong></span> 
     </span>
    </p>
   </div>
   <div class='ocr_carea' id='block_1_3' title="bbox 31 326 1555 525">
    <p class='ocr_par' dir='ltr' id='par_1_3' title="bbox 31 326 1555 525">
     <span class='ocr_line' id='line_1_3' title="bbox 33 326 1344 395; baseline 0.001 -18"><span class='ocrx_word' id='word_1_5' title='bbox 33 328 310 395; x_wconf 85' lang='lat' dir='ltr'><strong>Versaque</strong></span> <span class='ocrx_word' id='word_1_6' title='bbox 333 327 390 387; x_wconf 85' lang='lat' dir='ltr'><strong>in</strong></span> <span class='ocrx_word' id='word_1_7' title='bbox 408 326 634 381; x_wconf 88' lang='lat' dir='ltr'><strong>obnixos</strong></span> <span class='ocrx_word' id='word_1_8' title='bbox 652 333 956 389; x_wconf 86' lang='lat' dir='ltr'><strong>urguentur</strong></span> <span class='ocrx_word' id='word_1_9' title='bbox 975 342 1176 376; x_wconf 88' lang='lat' dir='ltr'><strong>cornua</strong></span> <span class='ocrx_word' id='word_1_10' title='bbox 1197 338 1344 379; x_wconf 86' lang='lat' dir='ltr'><strong>vasto</strong></span> 
     </span>
     <span class='ocr_line' id='line_1_4' title="bbox 35 393 1555 467; baseline 0.003 -20"><span class='ocrx_word' id='word_1_11' title='bbox 35 398 175 448; x_wconf 91' lang='lat' dir='ltr'><strong>Cum</strong></span> <span class='ocrx_word' id='word_1_12' title='bbox 193 397 434 462; x_wconf 46' lang='lat' dir='ltr'><strong>gemitu,</strong></span> <span class='ocrx_word' id='word_1_13' title='bbox 457 395 689 446; x_wconf 83' lang='lat' dir='ltr'><strong>reboant</strong></span> <span class='ocrx_word' id='word_1_14' title='bbox 705 393 977 463; x_wconf 85' lang='lat' dir='ltr'><strong>silvaeque</strong></span> <span class='ocrx_word' id='word_1_15' title='bbox 999 405 1053 446; x_wconf 94' lang='lat' dir='ltr'><strong>et</strong></span> <span class='ocrx_word' id='word_1_16' title='bbox 1072 396 1264 461; x_wconf 83' lang='lat' dir='ltr'><strong>longus</strong></span> <span class='ocrx_word' id='word_1_17' title='bbox 1279 399 1555 467; x_wconf 64' lang='lat' dir='ltr'><strong>Olympus</strong></span> 
     </span>
     <span class='ocr_line' id='line_1_5' title="bbox 31 465 1275 525; baseline -0.001 -8"><span class='ocrx_word' id='word_1_18' title='bbox 31 469 144 525; x_wconf 84' lang='lat' dir='ltr'><strong>Nec</strong></span> <span class='ocrx_word' id='word_1_19' title='bbox 163 482 286 517; x_wconf 90' lang='lat' dir='ltr'><strong>mos</strong></span> <span class='ocrx_word' id='word_1_20' title='bbox 306 466 554 517; x_wconf 86' lang='lat' dir='ltr'><strong>bellantis</strong></span> <span class='ocrx_word' id='word_1_21' title='bbox 572 482 681 516; x_wconf 89' lang='lat' dir='ltr'><strong>una</strong></span> <span class='ocrx_word' id='word_1_22' title='bbox 699 465 985 517; x_wconf 79' lang='lat' dir='ltr'><strong>stabulare:</strong></span> <span class='ocrx_word' id='word_1_23' title='bbox 1021 465 1118 515; x_wconf 91' lang='lat' dir='ltr'><strong>sed</strong></span> <span class='ocrx_word' id='word_1_24' title='bbox 1142 466 1275 517; x_wconf 87' lang='lat' dir='ltr'><strong>alter</strong></span> 
     </span>
    </p>
   </div>
   <div class='ocr_carea' id='block_1_4' title="bbox 31 535 1274 616">
    <p class='ocr_par' dir='ltr' id='par_1_4' title="bbox 31 535 1274 616">
     <span class='ocr_line' id='line_1_6' title="bbox 31 535 1274 616; baseline -0.001 -29"><span class='ocrx_word' id='word_1_25' title='bbox 31 537 216 588; x_wconf 80' lang='lat' dir='ltr'><strong>Victus</strong></span> <span class='ocrx_word' id='word_1_26' title='bbox 241 536 375 600; x_wconf 88' lang='lat' dir='ltr'><strong>abit,</strong></span> <span class='ocrx_word' id='word_1_27' title='bbox 411 535 684 603; x_wconf 84' lang='lat' dir='ltr'><strong>longeque</strong></span> <span class='ocrx_word' id='word_1_28' title='bbox 705 535 899 616; x_wconf 76' lang='lat' dir='ltr'><strong>ignotis</strong></span> <span class='ocrx_word' id='word_1_29' title='bbox 920 535 1120 586; x_wconf 83' lang='lat' dir='ltr'><strong>exsulat</strong></span> <span class='ocrx_word' id='word_1_30' title='bbox 1142 538 1274 598; x_wconf 82' lang='lat' dir='ltr'><strong>oris3</strong></span> 
     </span>
    </p>
   </div>
   <div class='ocr_carea' id='block_1_5' title="bbox 1452 544 1555 593">
    <p class='ocr_par' dir='ltr' id='par_1_5' title="bbox 1452 544 1555 593">
     <span class='ocr_line' id='line_1_7' title="bbox 1452 544 1555 593; baseline 0 0"><span class='ocrx_word' id='word_1_31' title='bbox 1452 544 1555 593; x_wconf 75' lang='lat'><strong>225</strong></span> 
     </span>
    </p>
   </div>
   <div class='ocr_carea' id='block_1_6' title="bbox 29 605 1363 882">
    <p class='ocr_par' dir='ltr' id='par_1_6' title="bbox 29 605 1363 882">
     <span class='ocr_line' id='line_1_8' title="bbox 30 605 1359 674; baseline -0.002 -16"><span class='ocrx_word' id='word_1_32' title='bbox 30 605 200 658; x_wconf 83' lang='lat' dir='ltr'><strong>Multa</strong></span> <span class='ocrx_word' id='word_1_33' title='bbox 214 605 442 672; x_wconf 82' lang='lat' dir='ltr'><strong>gemens</strong></span> <span class='ocrx_word' id='word_1_34' title='bbox 459 606 812 672; x_wconf 78' lang='lat' dir='ltr'><strong>ignominiam</strong></span> <span class='ocrx_word' id='word_1_35' title='bbox 832 605 1119 674; x_wconf 82' lang='lat' dir='ltr'><strong>plagasque</strong></span> <span class='ocrx_word' id='word_1_36' title='bbox 1141 607 1359 673; x_wconf 85' lang='lat' dir='ltr'><strong>superbi</strong></span> 
     </span>
     <span class='ocr_line' id='line_1_9' title="bbox 30 675 1363 744; baseline 0 -17"><span class='ocrx_word' id='word_1_37' title='bbox 30 677 284 741; x_wconf 80' lang='lat' dir='ltr'><strong>VictoriS,</strong></span> <span class='ocrx_word' id='word_1_38' title='bbox 319 686 437 727; x_wconf 86' lang='lat' dir='ltr'><strong>tum</strong></span> <span class='ocrx_word' id='word_1_39' title='bbox 453 719 467 742; x_wconf 90' lang='lat'><strong>,</strong></span> <span class='ocrx_word' id='word_1_40' title='bbox 506 693 644 744; x_wconf 91' lang='lat' dir='ltr'><strong>quos</strong></span> <span class='ocrx_word' id='word_1_41' title='bbox 669 676 842 725; x_wconf 89' lang='lat' dir='ltr'><strong>amisit</strong></span> <span class='ocrx_word' id='word_1_42' title='bbox 862 675 1085 739; x_wconf 68' lang='grc'><strong>1111111113,</strong></span> <span class='ocrx_word' id='word_1_43' title='bbox 1123 693 1363 740; x_wconf 82' lang='lat' dir='ltr'><strong>amores3</strong></span> 
     </span>
     <span class='ocr_line' id='line_1_10' title="bbox 31 746 1285 814; baseline 0.001 -17"><span class='ocrx_word' id='word_1_44' title='bbox 31 749 101 799; x_wconf 86' lang='lat' dir='ltr'><strong>Et</strong></span> <span class='ocrx_word' id='word_1_45' title='bbox 121 746 328 797; x_wconf 87' lang='lat' dir='ltr'><strong>stabula</strong></span> <span class='ocrx_word' id='word_1_46' title='bbox 349 747 666 814; x_wconf 85' lang='lat' dir='ltr'><strong>adspectans</strong></span> <span class='ocrx_word' id='word_1_47' title='bbox 686 747 865 811; x_wconf 87' lang='lat' dir='ltr'><strong>regnis</strong></span> <span class='ocrx_word' id='word_1_48' title='bbox 885 747 1103 797; x_wconf 83' lang='lat' dir='ltr'><strong>excessit</strong></span> <span class='ocrx_word' id='word_1_49' title='bbox 1126 747 1285 799; x_wconf 78' lang='lat' dir='ltr'><strong>avitis,</strong></span> 
     </span>
     <span class='ocr_line' id='line_1_11' title="bbox 29 817 1167 882; baseline -0.001 -14"><span class='ocrx_word' id='word_1_50' title='bbox 29 818 349 882; x_wconf 81' lang='lat' dir='ltr'><strong>Ergo&#39;omni</strong></span> <span class='ocrx_word' id='word_1_51' title='bbox 371 835 495 868; x_wconf 88' lang='lat' dir='ltr'><strong>cura</strong></span> <span class='ocrx_word' id='word_1_52' title='bbox 512 818 653 868; x_wconf 84' lang='lat' dir='ltr'><strong>vires</strong></span> <span class='ocrx_word' id='word_1_53' title='bbox 675 825 909 880; x_wconf 83' lang='lat' dir='ltr'><strong>exercet,</strong></span> <span class='ocrx_word' id='word_1_54' title='bbox 949 825 1002 866; x_wconf 87' lang='lat' dir='ltr'><strong>et</strong></span> <span class='ocrx_word' id='word_1_55' title='bbox 1025 817 1167 867; x_wconf 86' lang='lat' dir='ltr'><strong>inter</strong></span> 
     </span>
    </p>
   </div>
   <div class='ocr_carea' id='block_1_7' title="bbox 30 886 1130 956">
    <p class='ocr_par' dir='ltr' id='par_1_7' title="bbox 30 886 1130 956">
     <span class='ocr_line' id='line_1_12' title="bbox 30 886 1130 956; baseline -0.001 -18"><span class='ocrx_word' id='word_1_56' title='bbox 30 890 176 938; x_wconf 87' lang='lat' dir='ltr'><strong>Dura</strong></span> <span class='ocrx_word' id='word_1_57' title='bbox 197 888 332 939; x_wconf 89' lang='lat' dir='ltr'><strong>iacet</strong></span> <span class='ocrx_word' id='word_1_58' title='bbox 349 905 557 956; x_wconf 86' lang='lat' dir='ltr'><strong>pernox</strong></span> <span class='ocrx_word' id='word_1_59' title='bbox 577 888 799 939; x_wconf 88' lang='lat' dir='ltr'><strong>instrato</strong></span> <span class='ocrx_word' id='word_1_60' title='bbox 818 903 934 938; x_wconf 85' lang='lat' dir='ltr'><strong>saxa</strong></span> <span class='ocrx_word' id='word_1_61' title='bbox 953 886 1130 953; x_wconf 86' lang='lat' dir='ltr'><strong>cubili,</strong></span> 
     </span>
    </p>
   </div>
   <div class='ocr_carea' id='block_1_8' title="bbox 31 1022 531 1110">
    <p class='ocr_par' dir='ltr' id='par_1_8' title="bbox 31 1022 531 1110">
     <span class='ocr_line' id='line_1_13' title="bbox 78 1022 531 1058; baseline -0.002 0"><span class='ocrx_word' id='word_1_62' title='bbox 78 1022 151 1058; x_wconf 80' lang='lat'><strong>222</strong></span> <span class='ocrx_word' id='word_1_63' title='bbox 172 1034 241 1056; x_wconf 83' lang='lat' dir='ltr'><strong>ver</strong></span> <span class='ocrx_word' id='word_1_64' title='bbox 267 1031 380 1057; x_wconf 76' lang='lat' dir='ltr'><strong>entur</strong></span> <span class='ocrx_word' id='word_1_65' title='bbox 407 1024 531 1058; x_wconf 81' lang='lat' dir='ltr'><strong>Franc.</strong></span> 
     </span>
     <span class='ocr_line' id='line_1_14' title="bbox 31 1069 238 1110; baseline 0.005 -8"><span class='ocrx_word' id='word_1_66' title='bbox 31 1069 174 1110; x_wconf 62' lang='lat' dir='ltr'><strong>Medic„</strong></span> <span class='ocrx_word' id='word_1_67' title='bbox 199 1081 238 1103; x_wconf 77' lang='lat' dir='ltr'><strong>se</strong></span> 
     </span>
    </p>
   </div>
   <div class='ocr_carea' id='block_1_9' title="bbox 1450 893 1553 941">
    <p class='ocr_par' dir='ltr' id='par_1_9' title="bbox 1450 893 1553 941">
     <span class='ocr_line' id='line_1_15' title="bbox 1450 893 1553 941; baseline -0.019 0"><span class='ocrx_word' id='word_1_68' title='bbox 1450 893 1553 941; x_wconf 82' lang='grc'><strong>230</strong></span> 
     </span>
    </p>
   </div>
   <div class='ocr_carea' id='block_1_10' title="bbox 293 1021 1555 1115">
    <p class='ocr_par' dir='ltr' id='par_1_10' title="bbox 293 1021 1555 1115">
     <span class='ocr_line' id='line_1_16' title="bbox 636 1021 1555 1068; baseline -0.003 -10"><span class='ocrx_word' id='word_1_69' title='bbox 636 1023 707 1058; x_wconf 83' lang='lat'><strong>223</strong></span> <span class='ocrx_word' id='word_1_70' title='bbox 747 1024 840 1056; x_wconf 83' lang='lat' dir='ltr'><strong>Tum</strong></span> <span class='ocrx_word' id='word_1_71' title='bbox 867 1023 997 1056; x_wconf 85' lang='lat' dir='ltr'><strong>Moret.</strong></span> <span class='ocrx_word' id='word_1_72' title='bbox 1025 1033 1082 1068; x_wconf 86' lang='lat' dir='ltr'><strong>pr.</strong></span> <span class='ocrx_word' id='word_1_73' title='bbox 1136 1030 1315 1057; x_wconf 76' lang='lat' dir='ltr'><strong>resonant</strong></span> <span class='ocrx_word' id='word_1_74' title='bbox 1340 1021 1457 1056; x_wconf 73' lang='lat' dir='ltr'><strong>silvae</strong></span> <span class='ocrx_word' id='word_1_75' title='bbox 1483 1034 1555 1068; x_wconf 84' lang='lat' dir='ltr'><strong>que</strong></span> 
     </span>
     <span class='ocr_line' id='line_1_17' title="bbox 293 1068 1554 1115; baseline -0.002 -11"><span class='ocrx_word' id='word_1_76' title='bbox 293 1068 450 1104; x_wconf 80' lang='lat' dir='ltr'><strong>reboant</strong></span> <span class='ocrx_word' id='word_1_77' title='bbox 471 1077 508 1104; x_wconf 87' lang='lat' dir='ltr'><strong>et</strong></span> <span class='ocrx_word' id='word_1_78' title='bbox 536 1070 674 1104; x_wconf 86' lang='lat' dir='ltr'><strong>Nonius</strong></span> <span class='ocrx_word' id='word_1_79' title='bbox 702 1077 738 1104; x_wconf 88' lang='lat' dir='ltr'><strong>et</strong></span> <span class='ocrx_word' id='word_1_80' title='bbox 769 1071 927 1104; x_wconf 86' lang='lat' dir='ltr'><strong>Macrob.</strong></span> <span class='ocrx_word' id='word_1_81' title='bbox 957 1073 1028 1104; x_wconf 85' lang='lat' dir='ltr'><strong>Sat.</strong></span> <span class='ocrx_word' id='word_1_82' title='bbox 1055 1070 1118 1111; x_wconf 81' lang='lat' dir='ltr'><strong>VI,</strong></span> <span class='ocrx_word' id='word_1_83' title='bbox 1140 1069 1166 1105; x_wconf 80' lang='lat'>4</span> <span class='ocrx_word' id='word_1_84' title='bbox 1187 1069 1369 1115; x_wconf 82' lang='lat' dir='ltr'><strong>agnoscit,</strong></span> <span class='ocrx_word' id='word_1_85' title='bbox 1403 1069 1554 1114; x_wconf 81' lang='lat' dir='ltr'><strong>quieta</strong></span> 
     </span>
    </p>
   </div>
   <div class='ocr_carea' id='block_1_11' title="bbox 30 1115 1553 1353">
    <p class='ocr_par' dir='ltr' id='par_1_11' title="bbox 31 1115 1553 1164">
     <span class='ocr_line' id='line_1_18' title="bbox 31 1115 1553 1164; baseline 0 -15"><span class='ocrx_word' id='word_1_86' title='bbox 31 1115 198 1150; x_wconf 81' lang='lat' dir='ltr'><strong>Lucretio</strong></span> <span class='ocrx_word' id='word_1_87' title='bbox 217 1117 274 1162; x_wconf 85' lang='lat'><strong>(11,</strong></span> <span class='ocrx_word' id='word_1_88' title='bbox 296 1116 357 1161; x_wconf 81' lang='lat'><strong>28)</strong></span> <span class='ocrx_word' id='word_1_89' title='bbox 378 1121 561 1163; x_wconf 83' lang='lat' dir='ltr'><strong>acceptum</strong></span> <span class='ocrx_word' id='word_1_90' title='bbox 578 1117 741 1151; x_wconf 82' lang='lat' dir='ltr'><strong>affirmat.</strong></span> <span class='ocrx_word' id='word_1_91' title='bbox 779 1129 849 1164; x_wconf 87' lang='lat' dir='ltr'><strong>que</strong></span> <span class='ocrx_word' id='word_1_92' title='bbox 867 1123 951 1163; x_wconf 87' lang='lat' dir='ltr'><strong>post</strong></span> <span class='ocrx_word' id='word_1_93' title='bbox 971 1117 1090 1150; x_wconf 74' lang='lat' dir='ltr'><strong>silvae</strong></span> <span class='ocrx_word' id='word_1_94' title='bbox 1111 1117 1214 1150; x_wconf 86' lang='lat' dir='ltr'><strong>abest</strong></span> <span class='ocrx_word' id='word_1_95' title='bbox 1233 1130 1254 1150; x_wconf 85' lang='lat' dir='ltr'><strong>a</strong></span> <span class='ocrx_word' id='word_1_96' title='bbox 1269 1116 1431 1150; x_wconf 80' lang='lat' dir='ltr'><strong>Parrhas.</strong></span> <span class='ocrx_word' id='word_1_97' title='bbox 1466 1117 1553 1150; x_wconf 85' lang='lat' dir='ltr'><strong>Ion-</strong></span> 
     </span>
    </p>

    <p class='ocr_par' dir='ltr' id='par_1_12' title="bbox 30 1162 1553 1353">
     <span class='ocr_line' id='line_1_19' title="bbox 59 1162 1553 1211; baseline -0.001 -14"><span class='ocrx_word' id='word_1_98' title='bbox 59 1175 106 1197; x_wconf 72' lang='grc' dir='ltr'><strong>ιω</strong></span> <span class='ocrx_word' id='word_1_99' title='bbox 121 1163 300 1211; x_wconf 56' lang='lat' dir='ltr'><strong>Olympus</strong></span> <span class='ocrx_word' id='word_1_100' title='bbox 317 1175 385 1210; x_wconf 84' lang='lat' dir='ltr'><strong>pro</strong></span> <span class='ocrx_word' id='word_1_101' title='bbox 406 1164 552 1210; x_wconf 83' lang='lat' dir='ltr'><strong>vulgato</strong></span> <span class='ocrx_word' id='word_1_102' title='bbox 573 1177 732 1211; x_wconf 72' lang='lat' dir='ltr'><strong>magnus</strong></span> <span class='ocrx_word' id='word_1_103' title='bbox 750 1165 928 1211; x_wconf 54' lang='lat' dir='ltr'><strong>Ogympus</strong></span> <span class='ocrx_word' id='word_1_104' title='bbox 952 1163 1022 1197; x_wconf 88' lang='lat' dir='ltr'><strong>iam</strong></span> <span class='ocrx_word' id='word_1_105' title='bbox 1039 1164 1188 1198; x_wconf 83' lang='lat' dir='ltr'><strong>Heinsio</strong></span> <span class='ocrx_word' id='word_1_106' title='bbox 1206 1164 1396 1208; x_wconf 87' lang='lat' dir='ltr'><strong>probatum</strong></span> <span class='ocrx_word' id='word_1_107' title='bbox 1415 1162 1553 1209; x_wconf 84' lang='lat' dir='ltr'><strong>recepit</strong></span> 
     </span>
     <span class='ocr_line' id='line_1_20' title="bbox 30 1176 1552 1256; baseline 0 -12"><span class='ocrx_word' id='word_1_108' title='bbox 30 1176 149 1245; x_wconf 57' lang='lat' dir='ltr'><strong>gurm.</strong></span> <span class='ocrx_word' id='word_1_109' title='bbox 167 1221 211 1244; x_wconf 81' lang='lat' dir='ltr'><strong>ex</strong></span> <span class='ocrx_word' id='word_1_110' title='bbox 231 1222 301 1244; x_wconf 89' lang='lat' dir='ltr'><strong>uno</strong></span> <span class='ocrx_word' id='word_1_111' title='bbox 321 1211 483 1245; x_wconf 85' lang='lat' dir='ltr'><strong>Mediceo</strong></span> <span class='ocrx_word' id='word_1_112' title='bbox 503 1218 540 1244; x_wconf 87' lang='lat' dir='ltr'><strong>et</strong></span> <span class='ocrx_word' id='word_1_113' title='bbox 557 1212 715 1245; x_wconf 84' lang='lat' dir='ltr'><strong>Macrob.</strong></span> <span class='ocrx_word' id='word_1_114' title='bbox 738 1213 800 1252; x_wconf 90' lang='lat' dir='ltr'><strong>VI,</strong></span> <span class='ocrx_word' id='word_1_115' title='bbox 823 1211 848 1246; x_wconf 86' lang='lat'>4</span> <span class='ocrx_word' id='word_1_116' title='bbox 868 1218 968 1252; x_wconf 68' lang='lat' dir='ltr'><strong>extr„</strong></span> <span class='ocrx_word' id='word_1_117' title='bbox 1002 1217 1041 1244; x_wconf 88' lang='lat' dir='ltr'><strong>ut</strong></span> <span class='ocrx_word' id='word_1_118' title='bbox 1071 1211 1118 1244; x_wconf 79' lang='lat' dir='ltr'><strong>sit</strong></span> <span class='ocrx_word' id='word_1_119' title='bbox 1137 1223 1237 1245; x_wconf 85' lang='grc'><strong>1110113</strong></span> <span class='ocrx_word' id='word_1_120' title='bbox 1254 1211 1363 1255; x_wconf 86' lang='lat' dir='ltr'><strong>longo</strong></span> <span class='ocrx_word' id='word_1_121' title='bbox 1385 1210 1467 1256; x_wconf 87' lang='lat' dir='ltr'><strong>iugo</strong></span> <span class='ocrx_word' id='word_1_122' title='bbox 1488 1222 1552 1244; x_wconf 86' lang='lat' dir='ltr'><strong>ex-</strong></span> 
     </span>
     <span class='ocr_line' id='line_1_21' title="bbox 33 1257 1553 1306; baseline -0.001 -14"><span class='ocrx_word' id='word_1_123' title='bbox 33 1269 188 1292; x_wconf 77' lang='lat' dir='ltr'><strong>currens.</strong></span> <span class='ocrx_word' id='word_1_124' title='bbox 235 1259 370 1293; x_wconf 82' lang='lat' dir='ltr'><strong>Verum</strong></span> <span class='ocrx_word' id='word_1_125' title='bbox 386 1258 422 1292; x_wconf 91' lang='grc'><strong>11.</strong></span> <span class='ocrx_word' id='word_1_126' title='bbox 444 1259 469 1293; x_wconf 89' lang='grc'><strong>1.</strong></span> <span class='ocrx_word' id='word_1_127' title='bbox 491 1259 669 1306; x_wconf 58' lang='lat' dir='ltr'><strong>Olympus</strong></span> <span class='ocrx_word' id='word_1_128' title='bbox 686 1270 757 1292; x_wconf 92' lang='lat' dir='ltr'><strong>non</strong></span> <span class='ocrx_word' id='word_1_129' title='bbox 771 1270 892 1300; x_wconf 87' lang='lat' dir='ltr'><strong>mons,</strong></span> <span class='ocrx_word' id='word_1_130' title='bbox 917 1258 982 1292; x_wconf 88' lang='lat' dir='ltr'><strong>sed</strong></span> <span class='ocrx_word' id='word_1_131' title='bbox 998 1257 1152 1300; x_wconf 83' lang='lat' dir='ltr'><strong>caelum3</strong></span> <span class='ocrx_word' id='word_1_132' title='bbox 1177 1265 1233 1292; x_wconf 87' lang='lat' dir='ltr'><strong>ut:</strong></span> <span class='ocrx_word' id='word_1_133' title='bbox 1258 1261 1289 1292; x_wconf 75' lang='lat' dir='ltr'><strong>ic</strong></span> <span class='ocrx_word' id='word_1_134' title='bbox 1308 1259 1447 1292; x_wconf 86' lang='lat' dir='ltr'><strong>clamor</strong></span> <span class='ocrx_word' id='word_1_135' title='bbox 1466 1270 1553 1291; x_wconf 84' lang='lat' dir='ltr'><strong>cae-</strong></span> 
     </span>
     <span class='ocr_line' id='line_1_22' title="bbox 32 1304 1553 1353; baseline 0 -15"><span class='ocrx_word' id='word_1_136' title='bbox 32 1305 81 1339; x_wconf 89' lang='lat' dir='ltr'><strong>lo.</strong></span> <span class='ocrx_word' id='word_1_137' title='bbox 106 1305 212 1351; x_wconf 74' lang='lat' dir='ltr'><strong>(bene</strong></span> <span class='ocrx_word' id='word_1_138' title='bbox 230 1304 387 1353; x_wconf 76' lang='lat' dir='ltr'><strong>longus,</strong></span> <span class='ocrx_word' id='word_1_139' title='bbox 409 1313 563 1352; x_wconf 85' lang='lat' dir='ltr'><strong>propter</strong></span> <span class='ocrx_word' id='word_1_140' title='bbox 591 1305 767 1346; x_wconf 76' lang='lat' dir='ltr'><strong>reboant3</strong></span> <span class='ocrx_word' id='word_1_141' title='bbox 801 1318 962 1353; x_wconf 79' lang='lat' dir='ltr'><strong>magnus</strong></span> <span class='ocrx_word' id='word_1_142' title='bbox 980 1317 1022 1338; x_wconf 81' lang='lat' dir='ltr'><strong>ex</strong></span> <span class='ocrx_word' id='word_1_143' title='bbox 1048 1307 1135 1340; x_wconf 83' lang='lat' dir='ltr'><strong>Aen.</strong></span> <span class='ocrx_word' id='word_1_144' title='bbox 1154 1307 1204 1348; x_wconf 92' lang='lat' dir='ltr'><strong>X,</strong></span> <span class='ocrx_word' id='word_1_145' title='bbox 1227 1305 1308 1342; x_wconf 85' lang='lat'><strong>437.</strong></span> <span class='ocrx_word' id='word_1_146' title='bbox 1333 1305 1402 1338; x_wconf 88' lang='lat' dir='ltr'><strong>huc</strong></span> <span class='ocrx_word' id='word_1_147' title='bbox 1417 1305 1553 1338; x_wconf 88' lang='lat' dir='ltr'><strong>illatum</strong></span> 
     </span>
    </p>
   </div>
   <div class='ocr_carea' id='block_1_12' title="bbox 31 1352 1070 1400">
    <p class='ocr_par' dir='ltr' id='par_1_13' title="bbox 31 1352 1070 1400">
     <span class='ocr_line' id='line_1_23' title="bbox 31 1352 1070 1400; baseline -0.001 -14"><span class='ocrx_word' id='word_1_148' title='bbox 31 1352 182 1387; x_wconf 83' lang='lat' dir='ltr'><strong>videtur.</strong></span> <span class='ocrx_word' id='word_1_149' title='bbox 229 1352 391 1386; x_wconf 82' lang='lat' dir='ltr'><strong>Ceterum</strong></span> <span class='ocrx_word' id='word_1_150' title='bbox 418 1353 569 1400; x_wconf 71' lang='lat' dir='ltr'><strong>longtus</strong></span> <span class='ocrx_word' id='word_1_151' title='bbox 587 1353 715 1387; x_wconf 83' lang='lat' dir='ltr'><strong>Medic.</strong></span> <span class='ocrx_word' id='word_1_152' title='bbox 755 1365 776 1386; x_wconf 84' lang='lat' dir='ltr'><strong>a</strong></span> <span class='ocrx_word' id='word_1_153' title='bbox 806 1366 851 1387; x_wconf 91' lang='lat' dir='ltr'><strong>m.</strong></span> <span class='ocrx_word' id='word_1_154' title='bbox 880 1365 934 1398; x_wconf 86' lang='lat' dir='ltr'><strong>pr.</strong></span> <span class='ocrx_word' id='word_1_155' title='bbox 974 1352 1070 1396; x_wconf 81' lang='lat' dir='ltr'><strong>lVr.)</strong></span> 
     </span>
    </p>
   </div>
   <div class='ocr_carea' id='block_1_13' title="bbox 30 1400 754 1494">
    <p class='ocr_par' dir='ltr' id='par_1_14' title="bbox 30 1400 754 1494">
     <span class='ocr_line' id='line_1_24' title="bbox 31 1400 754 1446; baseline -0.004 -10"><span class='ocrx_word' id='word_1_156' title='bbox 31 1400 103 1436; x_wconf 70' lang='grc'><strong>226</strong></span> <span class='ocrx_word' id='word_1_157' title='bbox 125 1401 330 1446; x_wconf 79' lang='lat' dir='ltr'><strong>ignominia</strong></span> <span class='ocrx_word' id='word_1_158' title='bbox 347 1400 449 1434; x_wconf 83' lang='lat' dir='ltr'><strong>Leid.</strong></span> <span class='ocrx_word' id='word_1_159' title='bbox 466 1407 504 1433; x_wconf 91' lang='lat' dir='ltr'><strong>et</strong></span> <span class='ocrx_word' id='word_1_160' title='bbox 524 1402 663 1446; x_wconf 85' lang='lat' dir='ltr'><strong>Menag.</strong></span> <span class='ocrx_word' id='word_1_161' title='bbox 684 1412 754 1434; x_wconf 90' lang='lat' dir='ltr'><strong>sec.</strong></span> 
     </span>
     <span class='ocr_line' id='line_1_25' title="bbox 30 1446 367 1494; baseline 0.006 -14"><span class='ocrx_word' id='word_1_162' title='bbox 30 1454 87 1480; x_wconf 71' lang='lat' dir='ltr'><strong>rat</strong></span> <span class='ocrx_word' id='word_1_163' title='bbox 113 1446 367 1494; x_wconf 78' lang='lat' dir='ltr'><strong>interpunctio.</strong></span> 
     </span>
    </p>
   </div>
   <div class='ocr_carea' id='block_1_14' title="bbox 865 1351 1554 1435">
    <p class='ocr_par' dir='ltr' id='par_1_15' title="bbox 865 1351 1554 1435">
     <span class='ocr_line' id='line_1_26' title="bbox 1174 1351 1553 1388; baseline -0.005 0"><span class='ocrx_word' id='word_1_164' title='bbox 1174 1354 1246 1388; x_wconf 77' lang='lat'><strong>225</strong></span> <span class='ocrx_word' id='word_1_165' title='bbox 1270 1351 1426 1387; x_wconf 77' lang='lat' dir='ltr'><strong>excubat</strong></span> <span class='ocrx_word' id='word_1_166' title='bbox 1460 1353 1553 1386; x_wconf 71' lang='lat' dir='ltr'><strong>Ven-</strong></span> 
     </span>
     <span class='ocr_line' id='line_1_27' title="bbox 865 1399 1554 1435; baseline -0.004 0"><span class='ocrx_word' id='word_1_167' title='bbox 865 1401 936 1435; x_wconf 80' lang='lat'><strong>227</strong></span> <span class='ocrx_word' id='word_1_168' title='bbox 959 1400 1014 1433; x_wconf 80' lang='lat' dir='ltr'><strong>Ad</strong></span> <span class='ocrx_word' id='word_1_169' title='bbox 1035 1399 1139 1433; x_wconf 87' lang='lat' dir='ltr'><strong>finem</strong></span> <span class='ocrx_word' id='word_1_170' title='bbox 1164 1412 1286 1434; x_wconf 80' lang='lat' dir='ltr'><strong>versus</strong></span> <span class='ocrx_word' id='word_1_171' title='bbox 1305 1411 1387 1433; x_wconf 87' lang='lat' dir='ltr'><strong>casu</strong></span> <span class='ocrx_word' id='word_1_172' title='bbox 1407 1399 1554 1434; x_wconf 81' lang='lat' dir='ltr'><strong>excide-</strong></span> 
     </span>
    </p>
   </div>
   <div class='ocr_carea' id='block_1_15' title="bbox 477 1446 1553 1492">
    <p class='ocr_par' dir='ltr' id='par_1_16' title="bbox 477 1446 1553 1492">
     <span class='ocr_line' id='line_1_28' title="bbox 477 1446 1553 1492; baseline -0.001 -11"><span class='ocrx_word' id='word_1_173' title='bbox 477 1448 547 1484; x_wconf 79' lang='grc'><strong>228</strong></span> <span class='ocrx_word' id='word_1_174' title='bbox 580 1447 722 1481; x_wconf 78' lang='lat' dir='ltr'><strong>stabuli</strong></span> <span class='ocrx_word' id='word_1_175' title='bbox 753 1446 790 1480; x_wconf 90' lang='lat' dir='ltr'><strong>in</strong></span> <span class='ocrx_word' id='word_1_176' title='bbox 817 1447 946 1481; x_wconf 87' lang='lat' dir='ltr'><strong>Medic.</strong></span> <span class='ocrx_word' id='word_1_177' title='bbox 977 1459 998 1480; x_wconf 88' lang='lat' dir='ltr'><strong>a</strong></span> <span class='ocrx_word' id='word_1_178' title='bbox 1031 1446 1076 1480; x_wconf 84' lang='lat' dir='ltr'><strong>ni.</strong></span> <span class='ocrx_word' id='word_1_179' title='bbox 1110 1459 1163 1492; x_wconf 89' lang='lat' dir='ltr'><strong>pr.</strong></span> <span class='ocrx_word' id='word_1_180' title='bbox 1211 1446 1405 1492; x_wconf 77' lang='lat' dir='ltr'><strong>Fogginius</strong></span> <span class='ocrx_word' id='word_1_181' title='bbox 1433 1453 1553 1482; x_wconf 84' lang='lat' dir='ltr'><strong>tamen</strong></span> 
     </span>
    </p>
   </div>
   <div class='ocr_carea' id='block_1_16' title="bbox 30 1493 1552 1541">
    <p class='ocr_par' dir='ltr' id='par_1_17' title="bbox 30 1493 1552 1541">
     <span class='ocr_line' id='line_1_29' title="bbox 30 1493 1552 1541; baseline -0.001 -14"><span class='ocrx_word' id='word_1_182' title='bbox 30 1505 106 1528; x_wconf 89' lang='lat' dir='ltr'><strong>non</strong></span> <span class='ocrx_word' id='word_1_183' title='bbox 121 1494 305 1541; x_wconf 76' lang='lat' dir='ltr'><strong>expressit.</strong></span> <span class='ocrx_word' id='word_1_184' title='bbox 323 1494 432 1540; x_wconf 81' lang='lat' dir='ltr'><strong>(apud</strong></span> <span class='ocrx_word' id='word_1_185' title='bbox 443 1495 496 1528; x_wconf 92' lang='lat' dir='ltr'><strong>Fo</strong></span> <span class='ocrx_word' id='word_1_186' title='bbox 522 1494 594 1540; x_wconf 86' lang='lat' dir='ltr'><strong>gin.</strong></span> <span class='ocrx_word' id='word_1_187' title='bbox 615 1493 750 1535; x_wconf 76' lang='lat' dir='ltr'><strong>stabul,</strong></span> <span class='ocrx_word' id='word_1_188' title='bbox 771 1501 844 1527; x_wconf 88' lang='lat' dir='ltr'><strong>tum</strong></span> <span class='ocrx_word' id='word_1_189' title='bbox 861 1501 992 1540; x_wconf 89' lang='lat' dir='ltr'><strong>puncta</strong></span> <span class='ocrx_word' id='word_1_190' title='bbox 1008 1494 1149 1531; x_wconf 87' lang='lat' dir='ltr'><strong>lituram</strong></span> <span class='ocrx_word' id='word_1_191' title='bbox 1171 1493 1376 1535; x_wconf 82' lang='lat' dir='ltr'><strong>indicantia,</strong></span> <span class='ocrx_word' id='word_1_192' title='bbox 1395 1501 1431 1528; x_wconf 84' lang='lat' dir='ltr'><strong>et</strong></span> <span class='ocrx_word' id='word_1_193' title='bbox 1446 1505 1552 1538; x_wconf 86' lang='lat' dir='ltr'><strong>supra</strong></span> 
     </span>
    </p>
   </div>
   <div class='ocr_carea' id='block_1_17' title="bbox 32 1540 467 1586">
    <p class='ocr_par' dir='ltr' id='par_1_18' title="bbox 32 1540 467 1586">
     <span class='ocr_line' id='line_1_30' title="bbox 32 1540 467 1586; baseline -0.002 -10"><span class='ocrx_word' id='word_1_194' title='bbox 32 1540 165 1586; x_wconf 78' lang='lat' dir='ltr'><strong>scripta</strong></span> <span class='ocrx_word' id='word_1_195' title='bbox 182 1555 225 1581; x_wconf 75' lang='grc' dir='ltr'><strong>ας</strong></span> <span class='ocrx_word' id='word_1_196' title='bbox 257 1542 410 1576; x_wconf 78' lang='lat' dir='ltr'><strong>fortasse</strong></span> <span class='ocrx_word' id='word_1_197' title='bbox 431 1551 467 1576; x_wconf 78' lang='lat' dir='ltr'><strong>st</strong></span> 
     </span>
    </p>
   </div>
   <div class='ocr_carea' id='block_1_18' title="bbox 31 1587 1552 1682">
    <p class='ocr_par' dir='ltr' id='par_1_19' title="bbox 31 1587 1552 1682">
     <span class='ocr_line' id='line_1_31' title="bbox 31 1587 1270 1635; baseline 0.001 -13"><span class='ocrx_word' id='word_1_198' title='bbox 31 1588 177 1635; x_wconf 72' lang='lat' dir='ltr'><strong>antiqua</strong></span> <span class='ocrx_word' id='word_1_199' title='bbox 191 1588 322 1632; x_wconf 79' lang='lat' dir='ltr'><strong>lectio,</strong></span> <span class='ocrx_word' id='word_1_200' title='bbox 347 1596 506 1624; x_wconf 85' lang='lat' dir='ltr'><strong>correcta</strong></span> <span class='ocrx_word' id='word_1_201' title='bbox 534 1589 578 1622; x_wconf 88' lang='lat' dir='ltr'><strong>ab</strong></span> <span class='ocrx_word' id='word_1_202' title='bbox 609 1590 732 1623; x_wconf 85' lang='lat' dir='ltr'><strong>eadem</strong></span> <span class='ocrx_word' id='word_1_203' title='bbox 754 1589 913 1622; x_wconf 83' lang='lat' dir='ltr'><strong>manain</strong></span> <span class='ocrx_word' id='word_1_204' title='bbox 942 1587 1102 1622; x_wconf 73' lang='lat' dir='ltr'><strong>stabula.</strong></span> <span class='ocrx_word' id='word_1_205' title='bbox 1114 1592 1137 1608; x_wconf 89' lang='lat'>“</span> <span class='ocrx_word' id='word_1_206' title='bbox 1166 1590 1270 1634; x_wconf 89' lang='lat' dir='ltr'><strong>Wr.)</strong></span> 
     </span>
     <span class='ocr_line' id='line_1_32' title="bbox 662 1634 1552 1682; baseline -0.004 -10"><span class='ocrx_word' id='word_1_207' title='bbox 662 1637 733 1672; x_wconf 79' lang='lat'><strong>230</strong></span> <span class='ocrx_word' id='word_1_208' title='bbox 752 1637 888 1682; x_wconf 68' lang='lat' dir='ltr'><strong>pernix</strong></span> <span class='ocrx_word' id='word_1_209' title='bbox 912 1641 1116 1669; x_wconf 84' lang='lat' dir='ltr'><strong>constanter</strong></span> <span class='ocrx_word' id='word_1_210' title='bbox 1141 1636 1227 1670; x_wconf 85' lang='lat' dir='ltr'><strong>libri</strong></span> <span class='ocrx_word' id='word_1_211' title='bbox 1256 1641 1293 1669; x_wconf 87' lang='lat' dir='ltr'><strong>et</strong></span> <span class='ocrx_word' id='word_1_212' title='bbox 1313 1634 1552 1678; x_wconf 79' lang='lat' dir='ltr'><strong>Grammatici,</strong></span> 
     </span>
    </p>
   </div>
   <div class='ocr_carea' id='block_1_19' title="bbox 30 1635 569 1672">
    <p class='ocr_par' dir='ltr' id='par_1_20' title="bbox 30 1635 569 1672">
     <span class='ocr_line' id='line_1_33' title="bbox 30 1635 569 1672; baseline 0.002 -3"><span class='ocrx_word' id='word_1_213' title='bbox 30 1635 116 1670; x_wconf 85' lang='lat' dir='ltr'><strong>lich.</strong></span> <span class='ocrx_word' id='word_1_214' title='bbox 209 1637 282 1672; x_wconf 77' lang='lat'><strong>229</strong></span> <span class='ocrx_word' id='word_1_215' title='bbox 306 1642 343 1670; x_wconf 73' lang='lat' dir='ltr'><strong>et</strong></span> <span class='ocrx_word' id='word_1_216' title='bbox 357 1638 462 1670; x_wconf 79' lang='lat' dir='ltr'><strong>intus</strong></span> <span class='ocrx_word' id='word_1_217' title='bbox 478 1638 569 1670; x_wconf 83' lang='lat' dir='ltr'><strong>Ven.</strong></span> 
     </span>
    </p>
   </div>
   <div class='ocr_carea' id='block_1_20' title="bbox 516 1540 1555 1587">
    <p class='ocr_par' dir='ltr' id='par_1_21' title="bbox 516 1540 1555 1587">
     <span class='ocr_line' id='line_1_34' title="bbox 516 1540 1555 1587; baseline -0.001 -12"><span class='ocrx_word' id='word_1_218' title='bbox 516 1543 618 1575; x_wconf 84' lang='lat' dir='ltr'><strong>ulum</strong></span> <span class='ocrx_word' id='word_1_219' title='bbox 633 1542 783 1587; x_wconf 86' lang='lat' dir='ltr'><strong>primum</strong></span> <span class='ocrx_word' id='word_1_220' title='bbox 801 1542 929 1575; x_wconf 83' lang='lat' dir='ltr'><strong>fuerat.</strong></span> <span class='ocrx_word' id='word_1_221' title='bbox 978 1541 1185 1586; x_wconf 85' lang='lat' dir='ltr'><strong>Freytagius</strong></span> <span class='ocrx_word' id='word_1_222' title='bbox 1203 1541 1347 1576; x_wconf 87' lang='lat' dir='ltr'><strong>scribit:</strong></span> <span class='ocrx_word' id='word_1_223' title='bbox 1382 1567 1404 1583; x_wconf 88' lang='lat'><strong>‚,</strong></span> <span class='ocrx_word' id='word_1_224' title='bbox 1415 1540 1555 1575; x_wconf 74' lang='lat' dir='ltr'><strong>stabuli</strong></span> 
     </span>
    </p>
   </div>
   <div class='ocr_carea' id='block_1_21' title="bbox 1318 1589 1552 1622">
    <p class='ocr_par' dir='ltr' id='par_1_22' title="bbox 1318 1589 1552 1622">
     <span class='ocr_line' id='line_1_35' title="bbox 1318 1589 1552 1622; baseline 0 -1"><span class='ocrx_word' id='word_1_225' title='bbox 1318 1589 1462 1622; x_wconf 78' lang='lat' dir='ltr'><strong>excedit</strong></span> <span class='ocrx_word' id='word_1_226' title='bbox 1478 1590 1552 1621; x_wconf 91' lang='lat' dir='ltr'><strong>Zu-</strong></span> 
     </span>
    </p>
   </div>
   <div class='ocr_carea' id='block_1_22' title="bbox 28 1682 1553 1906">
    <p class='ocr_par' dir='ltr' id='par_1_23' title="bbox 28 1682 1553 1906">
     <span class='ocr_line' id='line_1_36' title="bbox 32 1682 1552 1732; baseline -0.001 -16"><span class='ocrx_word' id='word_1_227' title='bbox 32 1683 93 1729; x_wconf 87' lang='lat' dir='ltr'><strong>qui</strong></span> <span class='ocrx_word' id='word_1_228' title='bbox 110 1696 132 1718; x_wconf 79' lang='lat' dir='ltr'><strong>a</strong></span> <span class='ocrx_word' id='word_1_229' title='bbox 145 1684 373 1732; x_wconf 72' lang='lat' dir='ltr'><strong>pernitendo</strong></span> <span class='ocrx_word' id='word_1_230' title='bbox 389 1684 532 1717; x_wconf 83' lang='lat' dir='ltr'><strong>ductum</strong></span> <span class='ocrx_word' id='word_1_231' title='bbox 553 1696 631 1717; x_wconf 86' lang='lat' dir='ltr'><strong>esse</strong></span> <span class='ocrx_word' id='word_1_232' title='bbox 646 1691 947 1730; x_wconf 78' lang='lat' dir='ltr'><strong>perseverantem</strong></span> <span class='ocrx_word' id='word_1_233' title='bbox 974 1683 1203 1717; x_wconf 85' lang='lat' dir='ltr'><strong>contendunt.</strong></span> <span class='ocrx_word' id='word_1_234' title='bbox 1251 1682 1358 1725; x_wconf 90' lang='lat' dir='ltr'><strong>Quod</strong></span> <span class='ocrx_word' id='word_1_235' title='bbox 1373 1682 1404 1715; x_wconf 89' lang='lat' dir='ltr'><strong>si</strong></span> <span class='ocrx_word' id='word_1_236' title='bbox 1424 1695 1445 1716; x_wconf 91' lang='lat' dir='ltr'><strong>a</strong></span> <span class='ocrx_word' id='word_1_237' title='bbox 1463 1682 1552 1716; x_wconf 88' lang='lat' dir='ltr'><strong>Vir-</strong></span> 
     </span>
     <span class='ocr_line' id='line_1_37' title="bbox 31 1729 1552 1778; baseline -0.001 -14"><span class='ocrx_word' id='word_1_238' title='bbox 31 1730 119 1775; x_wconf 78' lang='lat' dir='ltr'><strong>gilio</strong></span> <span class='ocrx_word' id='word_1_239' title='bbox 141 1737 216 1772; x_wconf 78' lang='lat' dir='ltr'><strong>est,</strong></span> <span class='ocrx_word' id='word_1_240' title='bbox 252 1741 345 1764; x_wconf 80' lang='lat' dir='ltr'><strong>nove</strong></span> <span class='ocrx_word' id='word_1_241' title='bbox 370 1730 470 1765; x_wconf 82' lang='lat' dir='ltr'><strong>dixit.</strong></span> <span class='ocrx_word' id='word_1_242' title='bbox 517 1731 685 1764; x_wconf 88' lang='lat' dir='ltr'><strong>Nondum</strong></span> <span class='ocrx_word' id='word_1_243' title='bbox 715 1729 809 1763; x_wconf 86' lang='lat' dir='ltr'><strong>enim</strong></span> <span class='ocrx_word' id='word_1_244' title='bbox 835 1730 953 1763; x_wconf 89' lang='lat' dir='ltr'><strong>locum</strong></span> <span class='ocrx_word' id='word_1_245' title='bbox 982 1730 1073 1771; x_wconf 85' lang='lat' dir='ltr'><strong>vidi,</strong></span> <span class='ocrx_word' id='word_1_246' title='bbox 1107 1731 1167 1764; x_wconf 92' lang='lat' dir='ltr'><strong>ubi</strong></span> <span class='ocrx_word' id='word_1_247' title='bbox 1186 1730 1324 1778; x_wconf 73' lang='lat' dir='ltr'><strong>pernix</strong></span> <span class='ocrx_word' id='word_1_248' title='bbox 1352 1730 1403 1763; x_wconf 85' lang='lat' dir='ltr'><strong>ita</strong></span> <span class='ocrx_word' id='word_1_249' title='bbox 1420 1729 1552 1763; x_wconf 89' lang='lat' dir='ltr'><strong>dictum</strong></span> 
     </span>
     <span class='ocr_line' id='line_1_38' title="bbox 28 1777 1553 1824; baseline 0 -14"><span class='ocrx_word' id='word_1_250' title='bbox 28 1784 147 1820; x_wconf 71' lang='grc' dir='ltr'><strong>003οη</strong></span> <span class='ocrx_word' id='word_1_251' title='bbox 171 1777 236 1812; x_wconf 80' lang='lat' dir='ltr'><strong>sed</strong></span> <span class='ocrx_word' id='word_1_252' title='bbox 264 1788 404 1824; x_wconf 73' lang='lat' dir='ltr'><strong>semper</strong></span> <span class='ocrx_word' id='word_1_253' title='bbox 431 1784 487 1812; x_wconf 87' lang='lat' dir='ltr'><strong>est</strong></span> <span class='ocrx_word' id='word_1_254' title='bbox 509 1778 628 1819; x_wconf 86' lang='lat' dir='ltr'><strong>celer,</strong></span> <span class='ocrx_word' id='word_1_255' title='bbox 664 1789 765 1819; x_wconf 85' lang='lat' dir='ltr'><strong>acer,</strong></span> <span class='ocrx_word' id='word_1_256' title='bbox 797 1783 984 1819; x_wconf 85' lang='lat' dir='ltr'><strong>strenuus,</strong></span> <span class='ocrx_word' id='word_1_257' title='bbox 1020 1777 1125 1811; x_wconf 87' lang='lat' dir='ltr'><strong>etiam</strong></span> <span class='ocrx_word' id='word_1_258' title='bbox 1144 1778 1181 1811; x_wconf 91' lang='lat' dir='ltr'><strong>in</strong></span> <span class='ocrx_word' id='word_1_259' title='bbox 1198 1778 1299 1817; x_wconf 87' lang='lat' dir='ltr'><strong>loco,</strong></span> <span class='ocrx_word' id='word_1_260' title='bbox 1332 1789 1435 1822; x_wconf 87' lang='lat' dir='ltr'><strong>quem</strong></span> <span class='ocrx_word' id='word_1_261' title='bbox 1461 1777 1553 1810; x_wconf 85' lang='lat' dir='ltr'><strong>male</strong></span> 
     </span>
     <span class='ocr_line' id='line_1_39' title="bbox 29 1824 1553 1906; baseline -0.001 -48"><span class='ocrx_word' id='word_1_262' title='bbox 29 1824 200 1868; x_wconf 80' lang='lat' dir='ltr'><strong>laudant,</strong></span> <span class='ocrx_word' id='word_1_263' title='bbox 223 1825 350 1859; x_wconf 80' lang='lat' dir='ltr'><strong>Horat.</strong></span> <span class='ocrx_word' id='word_1_264' title='bbox 370 1824 485 1906; x_wconf 64' lang='lat' dir='ltr'><strong>prd.</strong></span> <span class='ocrx_word' id='word_1_265' title='bbox 506 1827 556 1867; x_wconf 89' lang='lat'><strong>11,</strong></span> <span class='ocrx_word' id='word_1_266' title='bbox 580 1824 629 1861; x_wconf 80' lang='grc'><strong>42</strong></span> <span class='ocrx_word' id='word_1_267' title='bbox 653 1826 822 1878; x_wconf 54' lang='grc' dir='ltr'><strong>Ρενηζοῐε</strong></span> <span class='ocrx_word' id='word_1_268' title='bbox 842 1824 1109 1878; x_wconf 48' lang='grc' dir='ltr'><strong>ιιεον.ΑρΡιιῖι”.</strong></span> <span class='ocrx_word' id='word_1_269' title='bbox 1148 1826 1259 1870; x_wconf 85' lang='lat' dir='ltr'><strong>(Serv.</strong></span> <span class='ocrx_word' id='word_1_270' title='bbox 1279 1824 1406 1857; x_wconf 82' lang='lat' dir='ltr'><strong>Dresd.</strong></span> <span class='ocrx_word' id='word_1_271' title='bbox 1433 1827 1553 1865; x_wconf 85' lang='lat' dir='ltr'><strong>„Sunt</strong></span> 
     </span>
    </p>
   </div>
   <div class='ocr_carea' id='block_1_23' title="bbox 32 1871 381 1918">
    <p class='ocr_par' dir='ltr' id='par_1_24' title="bbox 32 1871 381 1918">
     <span class='ocr_line' id='line_1_40' title="bbox 32 1871 381 1918; baseline 0.003 -13"><span class='ocrx_word' id='word_1_272' title='bbox 32 1871 160 1914; x_wconf 79' lang='lat' dir='ltr'><strong>etiam,</strong></span> <span class='ocrx_word' id='word_1_273' title='bbox 186 1871 247 1918; x_wconf 88' lang='lat' dir='ltr'><strong>qui</strong></span> <span class='ocrx_word' id='word_1_274' title='bbox 273 1872 381 1906; x_wconf 76' lang='lat' dir='ltr'><strong>aliter</strong></span> 
     </span>
    </p>
   </div>
   <div class='ocr_carea' id='block_1_24' title="bbox 418 1871 1551 1920">
    <p class='ocr_par' dir='ltr' id='par_1_25' title="bbox 418 1871 1551 1920">
     <span class='ocr_line' id='line_1_41' title="bbox 418 1871 1551 1920; baseline -0.002 -14"><span class='ocrx_word' id='word_1_275' title='bbox 418 1879 547 1917; x_wconf 87' lang='lat' dir='ltr'><strong>egunt,</strong></span> <span class='ocrx_word' id='word_1_276' title='bbox 568 1885 734 1920; x_wconf 77' lang='lat' dir='ltr'><strong>pernox,</strong></span> <span class='ocrx_word' id='word_1_277' title='bbox 758 1883 782 1904; x_wconf 89' lang='lat'><strong>1.</strong></span> <span class='ocrx_word' id='word_1_278' title='bbox 807 1883 838 1905; x_wconf 88' lang='lat' dir='ltr'><strong>e.</strong></span> <span class='ocrx_word' id='word_1_279' title='bbox 859 1875 1058 1916; x_wconf 77' lang='lat' dir='ltr'><strong>pertinax.“</strong></span> <span class='ocrx_word' id='word_1_280' title='bbox 1107 1873 1247 1905; x_wconf 74' lang='lat' dir='ltr'><strong>Pemix</strong></span> <span class='ocrx_word' id='word_1_281' title='bbox 1268 1872 1374 1904; x_wconf 86' lang='lat' dir='ltr'><strong>Voss.</strong></span> <span class='ocrx_word' id='word_1_282' title='bbox 1394 1877 1431 1904; x_wconf 90' lang='lat' dir='ltr'><strong>et</strong></span> <span class='ocrx_word' id='word_1_283' title='bbox 1452 1871 1551 1904; x_wconf 88' lang='lat' dir='ltr'><strong>Iahn.</strong></span> 
     </span>
    </p>
   </div>
   <div class='ocr_carea' id='block_1_25' title="bbox 29 1917 1553 2107">
    <p class='ocr_par' dir='ltr' id='par_1_26' title="bbox 29 1917 1553 2107">
     <span class='ocr_line' id='line_1_42' title="bbox 29 1917 1552 1966; baseline -0.001 -14"><span class='ocrx_word' id='word_1_284' title='bbox 29 1926 256 1960; x_wconf 78' lang='lat' dir='ltr'><strong>revocarunt3</strong></span> <span class='ocrx_word' id='word_1_285' title='bbox 283 1919 348 1954; x_wconf 81' lang='lat' dir='ltr'><strong>sed</strong></span> <span class='ocrx_word' id='word_1_286' title='bbox 363 1920 422 1953; x_wconf 81' lang='lat' dir='ltr'><strong>vix</strong></span> <span class='ocrx_word' id='word_1_287' title='bbox 442 1920 537 1954; x_wconf 84' lang='lat' dir='ltr'><strong>feras</strong></span> <span class='ocrx_word' id='word_1_288' title='bbox 560 1922 656 1954; x_wconf 78' lang='lat' dir='ltr'><strong>iacet</strong></span> <span class='ocrx_word' id='word_1_289' title='bbox 669 1919 824 1966; x_wconf 67' lang='lat' dir='ltr'><strong>peruia-3</strong></span> <span class='ocrx_word' id='word_1_290' title='bbox 858 1918 929 1952; x_wconf 80' lang='lat' dir='ltr'><strong>vid.</strong></span> <span class='ocrx_word' id='word_1_291' title='bbox 951 1919 1058 1952; x_wconf 87' lang='lat' dir='ltr'><strong>etiam</strong></span> <span class='ocrx_word' id='word_1_292' title='bbox 1072 1917 1301 1953; x_wconf 89' lang='lat' dir='ltr'><strong>Doederlenii</strong></span> <span class='ocrx_word' id='word_1_293' title='bbox 1321 1917 1450 1952; x_wconf 86' lang='lat' dir='ltr'><strong>librum</strong></span> <span class='ocrx_word' id='word_1_294' title='bbox 1467 1920 1552 1952; x_wconf 82' lang='lat' dir='ltr'><strong>Lat.</strong></span> 
     </span>
     <span class='ocr_line' id='line_1_43' title="bbox 32 1965 1551 2013; baseline -0.001 -13"><span class='ocrx_word' id='word_1_295' title='bbox 32 1967 244 2012; x_wconf 80' lang='lat' dir='ltr'><strong>Synonyme</strong></span> <span class='ocrx_word' id='word_1_296' title='bbox 270 1979 306 2001; x_wconf 85' lang='lat' dir='ltr'><strong>u.</strong></span> <span class='ocrx_word' id='word_1_297' title='bbox 326 1965 608 2013; x_wconf 55' lang='lat' dir='ltr'><strong>Efflnologieen</strong></span> <span class='ocrx_word' id='word_1_298' title='bbox 633 1967 670 1999; x_wconf 90' lang='lat' dir='ltr'><strong>P.</strong></span> <span class='ocrx_word' id='word_1_299' title='bbox 700 1967 753 2006; x_wconf 93' lang='lat'><strong>11,</strong></span> <span class='ocrx_word' id='word_1_300' title='bbox 778 1977 860 2010; x_wconf 86' lang='lat' dir='ltr'><strong>pag.</strong></span> <span class='ocrx_word' id='word_1_301' title='bbox 890 1967 970 2001; x_wconf 89' lang='lat'><strong>127.</strong></span> <span class='ocrx_word' id='word_1_302' title='bbox 997 1979 1049 2012; x_wconf 90' lang='lat' dir='ltr'><strong>sq.</strong></span> <span class='ocrx_word' id='word_1_303' title='bbox 1088 1967 1184 2009; x_wconf 86' lang='lat' dir='ltr'><strong>Wr.)</strong></span> <span class='ocrx_word' id='word_1_304' title='bbox 1234 1967 1383 2000; x_wconf 74' lang='lat' dir='ltr'><strong>Per-nox</strong></span> <span class='ocrx_word' id='word_1_305' title='bbox 1410 1966 1479 1998; x_wconf 89' lang='lat' dir='ltr'><strong>iam</strong></span> <span class='ocrx_word' id='word_1_306' title='bbox 1507 1965 1551 1998; x_wconf 88' lang='lat' dir='ltr'><strong>ab</strong></span> 
     </span>
     <span class='ocr_line' id='line_1_44' title="bbox 29 2011 1552 2058; baseline -0.001 -11"><span class='ocrx_word' id='word_1_307' title='bbox 29 2013 110 2047; x_wconf 77' lang='lat' dir='ltr'><strong>Ald.</strong></span> <span class='ocrx_word' id='word_1_308' title='bbox 138 2014 195 2047; x_wconf 87' lang='lat' dir='ltr'><strong>ed.</strong></span> <span class='ocrx_word' id='word_1_309' title='bbox 223 2013 283 2047; x_wconf 85' lang='lat' dir='ltr'><strong>alt.</strong></span> <span class='ocrx_word' id='word_1_310' title='bbox 313 2020 350 2047; x_wconf 91' lang='lat' dir='ltr'><strong>et</strong></span> <span class='ocrx_word' id='word_1_311' title='bbox 377 2020 461 2047; x_wconf 78' lang='lat' dir='ltr'><strong>tert.</strong></span> <span class='ocrx_word' id='word_1_312' title='bbox 493 2013 651 2054; x_wconf 84' lang='lat' dir='ltr'><strong>editum,</strong></span> <span class='ocrx_word' id='word_1_313' title='bbox 682 2011 774 2046; x_wconf 85' lang='lat' dir='ltr'><strong>male</strong></span> <span class='ocrx_word' id='word_1_314' title='bbox 802 2012 930 2045; x_wconf 87' lang='lat' dir='ltr'><strong>iterum</strong></span> <span class='ocrx_word' id='word_1_315' title='bbox 950 2013 1113 2046; x_wconf 86' lang='lat' dir='ltr'><strong>relictum</strong></span> <span class='ocrx_word' id='word_1_316' title='bbox 1136 2013 1180 2047; x_wconf 88' lang='lat' dir='ltr'><strong>ab</strong></span> <span class='ocrx_word' id='word_1_317' title='bbox 1200 2012 1299 2053; x_wconf 86' lang='lat' dir='ltr'><strong>aliis,</strong></span> <span class='ocrx_word' id='word_1_318' title='bbox 1322 2012 1383 2057; x_wconf 90' lang='lat' dir='ltr'><strong>qui</strong></span> <span class='ocrx_word' id='word_1_319' title='bbox 1404 2012 1552 2058; x_wconf 86' lang='lat' dir='ltr'><strong>primam</strong></span> 
     </span>
     <span class='ocr_line' id='line_1_45' title="bbox 30 2058 1553 2107; baseline -0.001 -13"><span class='ocrx_word' id='word_1_320' title='bbox 30 2060 195 2095; x_wconf 78' lang='lat' dir='ltr'><strong>Aldinam</strong></span> <span class='ocrx_word' id='word_1_321' title='bbox 213 2072 419 2107; x_wconf 82' lang='lat' dir='ltr'><strong>expressere</strong></span> <span class='ocrx_word' id='word_1_322' title='bbox 431 2087 440 2104; x_wconf 93' lang='lat'><strong>,</strong></span> <span class='ocrx_word' id='word_1_323' title='bbox 463 2060 583 2094; x_wconf 81' lang='lat' dir='ltr'><strong>multis</strong></span> <span class='ocrx_word' id='word_1_324' title='bbox 601 2059 715 2094; x_wconf 85' lang='lat' dir='ltr'><strong>doctis</strong></span> <span class='ocrx_word' id='word_1_325' title='bbox 735 2058 820 2093; x_wconf 83' lang='lat' dir='ltr'><strong>viris</strong></span> <span class='ocrx_word' id='word_1_326' title='bbox 833 2086 842 2102; x_wconf 94' lang='lat'>‚</span> <span class='ocrx_word' id='word_1_327' title='bbox 876 2059 982 2093; x_wconf 80' lang='lat' dir='ltr'><strong>etiam</strong></span> <span class='ocrx_word' id='word_1_328' title='bbox 1000 2060 1200 2105; x_wconf 86' lang='lat' dir='ltr'><strong>Scaligero,</strong></span> <span class='ocrx_word' id='word_1_329' title='bbox 1224 2059 1372 2093; x_wconf 88' lang='lat' dir='ltr'><strong>Heinsio</strong></span> <span class='ocrx_word' id='word_1_330' title='bbox 1384 2085 1394 2102; x_wconf 89' lang='lat'><strong>,</strong></span> <span class='ocrx_word' id='word_1_331' title='bbox 1417 2059 1553 2104; x_wconf 86' lang='lat' dir='ltr'><strong>proba-</strong></span> 
     </span>
    </p>
   </div>
   <div class='ocr_carea' id='block_1_26' title="bbox 29 2165 769 3031">
    <p class='ocr_par' dir='ltr' id='par_1_27' title="bbox 29 2165 769 3031">
     <span class='ocr_line' id='line_1_46' title="bbox 32 2165 768 2216; baseline -0.004 -10"><span class='ocrx_word' id='word_1_332' title='bbox 32 2167 122 2206; x_wconf 61' lang='lat' dir='ltr'><strong>Silet</strong></span> <span class='ocrx_word' id='word_1_333' title='bbox 133 2182 150 2215; x_wconf 92' lang='lat'><strong>·,·</strong></span> <span class='ocrx_word' id='word_1_334' title='bbox 176 2166 261 2206; x_wconf 85' lang='lat' dir='ltr'><strong>vid.</strong></span> <span class='ocrx_word' id='word_1_335' title='bbox 274 2165 326 2216; x_wconf 84' lang='lat' dir='ltr'><strong>Q.</strong></span> <span class='ocrx_word' id='word_1_336' title='bbox 340 2166 388 2206; x_wconf 92' lang='lat' dir='ltr'><strong>V.</strong></span> <span class='ocrx_word' id='word_1_337' title='bbox 403 2166 596 2215; x_wconf 86' lang='lat' dir='ltr'><strong>XXXIII,</strong></span> <span class='ocrx_word' id='word_1_338' title='bbox 606 2167 646 2208; x_wconf 89' lang='lat'><strong>8.</strong></span> <span class='ocrx_word' id='word_1_339' title='bbox 661 2171 768 2204; x_wconf 77' lang='lat' dir='ltr'><strong>extr.</strong></span> 
     </span>
     <span class='ocr_line' id='line_1_47' title="bbox 37 2219 769 2279; baseline 0 -15"><span class='ocrx_word' id='word_1_340' title='bbox 37 2227 109 2265; x_wconf 90' lang='lat' dir='ltr'><em>W</em></span> <span class='ocrx_word' id='word_1_341' title='bbox 100 2223 158 2279; x_wconf 84' lang='lat' dir='ltr'><strong>r.)</strong></span> <span class='ocrx_word' id='word_1_342' title='bbox 216 2227 316 2268; x_wconf 84' lang='lat'><strong>220.</strong></span> <span class='ocrx_word' id='word_1_343' title='bbox 346 2226 589 2263; x_wconf 80' lang='lat' dir='ltr'><strong>alternantes</strong></span> <span class='ocrx_word' id='word_1_344' title='bbox 602 2254 613 2272; x_wconf 95' lang='lat'>‚</span> <span class='ocrx_word' id='word_1_345' title='bbox 658 2219 769 2275; x_wconf 83' lang='grc' dir='ltr'><strong>α’μει·</strong></span> 
     </span>
     <span class='ocr_line' id='line_1_48' title="bbox 31 2279 767 2336; baseline -0.008 -11"><span class='ocrx_word' id='word_1_346' title='bbox 31 2279 227 2336; x_wconf 79' lang='grc' dir='ltr'><strong>βόμενοι,</strong></span> <span class='ocrx_word' id='word_1_347' title='bbox 270 2297 347 2336; x_wconf 88' lang='lat' dir='ltr'><strong>pro</strong></span> <span class='ocrx_word' id='word_1_348' title='bbox 374 2283 563 2331; x_wconf 81' lang='lat' dir='ltr'><strong>vicissim,</strong></span> <span class='ocrx_word' id='word_1_349' title='bbox 593 2281 767 2320; x_wconf 88' lang='lat' dir='ltr'><strong>invicem</strong></span> 
     </span>
     <span class='ocr_line' id='line_1_49' title="bbox 30 2340 766 2391; baseline -0.003 -10"><span class='ocrx_word' id='word_1_350' title='bbox 30 2341 140 2381; x_wconf 85' lang='lat' dir='ltr'><strong>inter</strong></span> <span class='ocrx_word' id='word_1_351' title='bbox 159 2354 212 2380; x_wconf 86' lang='lat' dir='ltr'><strong>se.</strong></span> <span class='ocrx_word' id='word_1_352' title='bbox 231 2341 283 2381; x_wconf 86' lang='lat' dir='ltr'><strong>cf.</strong></span> <span class='ocrx_word' id='word_1_353' title='bbox 297 2340 494 2391; x_wconf 85' lang='lat' dir='ltr'><strong>Aen.XII,</strong></span> <span class='ocrx_word' id='word_1_354' title='bbox 507 2342 766 2383; x_wconf 80' lang='lat'><strong>720—723.</strong></span> 
     </span>
     <span class='ocr_line' id='line_1_50' title="bbox 30 2398 766 2453; baseline -0.005 -12"><span class='ocrx_word' id='word_1_355' title='bbox 30 2402 130 2441; x_wconf 90' lang='grc'><strong>221.</strong></span> <span class='ocrx_word' id='word_1_356' title='bbox 167 2400 294 2450; x_wconf 75' lang='lat' dir='ltr'><strong>lavit,</strong></span> <span class='ocrx_word' id='word_1_357' title='bbox 348 2399 554 2453; x_wconf 83' lang='lat' dir='ltr'><strong>poeticum</strong></span> <span class='ocrx_word' id='word_1_358' title='bbox 593 2398 766 2437; x_wconf 86' lang='lat' dir='ltr'><strong>verbum</strong></span> 
     </span>
     <span class='ocr_line' id='line_1_51' title="bbox 30 2455 765 2511; baseline -0.005 -14"><span class='ocrx_word' id='word_1_359' title='bbox 30 2471 107 2510; x_wconf 86' lang='lat' dir='ltr'><strong>pro</strong></span> <span class='ocrx_word' id='word_1_360' title='bbox 125 2457 265 2510; x_wconf 85' lang='lat' dir='ltr'><strong>tingit,</strong></span> <span class='ocrx_word' id='word_1_361' title='bbox 295 2457 518 2511; x_wconf 76' lang='lat' dir='ltr'><strong>perfundit,</strong></span> <span class='ocrx_word' id='word_1_362' title='bbox 550 2455 695 2495; x_wconf 83' lang='lat' dir='ltr'><strong>defluit</strong></span> <span class='ocrx_word' id='word_1_363' title='bbox 714 2455 765 2494; x_wconf 86' lang='lat' dir='ltr'><strong>de</strong></span> 
     </span>
     <span class='ocr_line' id='line_1_52' title="bbox 32 2514 765 2568; baseline -0.004 -13"><span class='ocrx_word' id='word_1_364' title='bbox 32 2529 217 2568; x_wconf 74' lang='lat' dir='ltr'><strong>corpore.</strong></span> <span class='ocrx_word' id='word_1_365' title='bbox 273 2515 374 2555; x_wconf 82' lang='lat' dir='ltr'><strong>Mox</strong></span> <span class='ocrx_word' id='word_1_366' title='bbox 398 2515 562 2554; x_wconf 73' lang='lat' dir='ltr'><strong>obnixos</strong></span> <span class='ocrx_word' id='word_1_367' title='bbox 581 2527 673 2553; x_wconf 89' lang='lat' dir='ltr'><strong>cum</strong></span> <span class='ocrx_word' id='word_1_368' title='bbox 699 2514 765 2552; x_wconf 89' lang='lat' dir='ltr'><strong>di-</strong></span> 
     </span>
     <span class='ocr_line' id='line_1_53' title="bbox 29 2571 766 2614; baseline -0.004 -1"><span class='ocrx_word' id='word_1_369' title='bbox 29 2573 144 2613; x_wconf 84' lang='lat' dir='ltr'><strong>lectu</strong></span> <span class='ocrx_word' id='word_1_370' title='bbox 181 2580 224 2613; x_wconf 84' lang='lat' dir='ltr'><strong>et</strong></span> <span class='ocrx_word' id='word_1_371' title='bbox 249 2575 306 2614; x_wconf 84' lang='lat' dir='ltr'><strong>vi.</strong></span> <span class='ocrx_word' id='word_1_372' title='bbox 364 2574 447 2613; x_wconf 88' lang='lat' dir='ltr'><strong>Nec</strong></span> <span class='ocrx_word' id='word_1_373' title='bbox 477 2573 610 2612; x_wconf 85' lang='lat' dir='ltr'><strong>omisit</strong></span> <span class='ocrx_word' id='word_1_374' title='bbox 644 2571 766 2611; x_wconf 89' lang='lat' dir='ltr'><strong>huius</strong></span> 
     </span>
     <span class='ocr_line' id='line_1_54' title="bbox 30 2630 767 2686; baseline -0.004 -15"><span class='ocrx_word' id='word_1_375' title='bbox 30 2631 143 2671; x_wconf 82' lang='lat' dir='ltr'><strong>vocis</strong></span> <span class='ocrx_word' id='word_1_376' title='bbox 162 2646 283 2686; x_wconf 78' lang='lat' dir='ltr'><strong>usum</strong></span> <span class='ocrx_word' id='word_1_377' title='bbox 303 2633 481 2682; x_wconf 81' lang='lat' dir='ltr'><strong>Statius,</strong></span> <span class='ocrx_word' id='word_1_378' title='bbox 519 2645 612 2670; x_wconf 87' lang='lat' dir='ltr'><strong>cum</strong></span> <span class='ocrx_word' id='word_1_379' title='bbox 628 2630 767 2669; x_wconf 83' lang='lat' dir='ltr'><strong>imita-</strong></span> 
     </span>
     <span class='ocr_line' id='line_1_55' title="bbox 31 2687 768 2742; baseline 0 -15"><span class='ocrx_word' id='word_1_380' title='bbox 31 2690 142 2728; x_wconf 80' lang='lat' dir='ltr'><strong>fione</strong></span> <span class='ocrx_word' id='word_1_381' title='bbox 181 2687 295 2730; x_wconf 78' lang='grc'><strong>1111110</strong></span> <span class='ocrx_word' id='word_1_382' title='bbox 340 2691 477 2730; x_wconf 83' lang='grc'><strong>10011111</strong></span> <span class='ocrx_word' id='word_1_383' title='bbox 522 2689 768 2742; x_wconf 83' lang='lat' dir='ltr'><strong>exprimeret</strong></span> 
     </span>
     <span class='ocr_line' id='line_1_56' title="bbox 32 2746 768 2798; baseline -0.001 -12"><span class='ocrx_word' id='word_1_384' title='bbox 32 2746 159 2786; x_wconf 87' lang='lat' dir='ltr'><strong>Theb.</strong></span> <span class='ocrx_word' id='word_1_385' title='bbox 190 2748 268 2798; x_wconf 89' lang='lat' dir='ltr'><strong>IV,</strong></span> <span class='ocrx_word' id='word_1_386' title='bbox 294 2751 379 2792; x_wconf 82' lang='lat'><strong>399</strong></span> <span class='ocrx_word' id='word_1_387' title='bbox 428 2749 576 2788; x_wconf 82' lang='lat' dir='ltr'><strong>Ardua</strong></span> <span class='ocrx_word' id='word_1_388' title='bbox 608 2749 768 2786; x_wconf 74' lang='lat' dir='ltr'><strong>collatis</strong></span> 
     </span>
     <span class='ocr_line' id='line_1_57' title="bbox 34 2805 765 2845; baseline 0 -2"><span class='ocrx_word' id='word_1_389' title='bbox 34 2805 176 2844; x_wconf 77' lang='lat' dir='ltr'><strong>obnixi</strong></span> <span class='ocrx_word' id='word_1_390' title='bbox 190 2820 343 2844; x_wconf 83' lang='lat' dir='ltr'><strong>cornua</strong></span> <span class='ocrx_word' id='word_1_391' title='bbox 357 2809 523 2845; x_wconf 78' lang='lat' dir='ltr'><strong>miscent</strong></span> <span class='ocrx_word' id='word_1_392' title='bbox 540 2805 765 2845; x_wconf 71' lang='lat' dir='ltr'><strong>Frontibus.</strong></span> 
     </span>
     <span class='ocr_line' id='line_1_58' title="bbox 32 2863 765 2914; baseline -0.007 -8"><span class='ocrx_word' id='word_1_393' title='bbox 32 2866 131 2905; x_wconf 87' lang='lat'><strong>227.</strong></span> <span class='ocrx_word' id='word_1_394' title='bbox 149 2863 331 2902; x_wconf 85' lang='lat' dir='ltr'><strong>Valerius</strong></span> <span class='ocrx_word' id='word_1_395' title='bbox 341 2864 521 2914; x_wconf 85' lang='lat' dir='ltr'><strong>Flaccus,</strong></span> <span class='ocrx_word' id='word_1_396' title='bbox 536 2865 616 2904; x_wconf 85' lang='lat' dir='ltr'><strong>iam</strong></span> <span class='ocrx_word' id='word_1_397' title='bbox 635 2863 765 2903; x_wconf 85' lang='lat' dir='ltr'><strong>cerda</strong></span> 
     </span>
     <span class='ocr_line' id='line_1_59' title="bbox 32 2921 765 2974; baseline 0.003 -16"><span class='ocrx_word' id='word_1_398' title='bbox 32 2927 222 2959; x_wconf 85' lang='lat' dir='ltr'><strong>monente</strong></span> <span class='ocrx_word' id='word_1_399' title='bbox 236 2951 247 2970; x_wconf 92' lang='lat'><strong>,</strong></span> <span class='ocrx_word' id='word_1_400' title='bbox 286 2921 385 2960; x_wconf 86' lang='lat' dir='ltr'><strong>hinc</strong></span> <span class='ocrx_word' id='word_1_401' title='bbox 409 2922 582 2974; x_wconf 87' lang='lat' dir='ltr'><strong>accepit:</strong></span> <span class='ocrx_word' id='word_1_402' title='bbox 620 2929 765 2961; x_wconf 84' lang='lat' dir='ltr'><strong>taurus</strong></span> 
     </span>
     <span class='ocr_line' id='line_1_60' title="bbox 33 2979 764 3031; baseline 0.001 -13"><span class='ocrx_word' id='word_1_403' title='bbox 33 2979 170 3018; x_wconf 80' lang='lat' dir='ltr'><strong>victor</strong></span> <span class='ocrx_word' id='word_1_404' title='bbox 187 2979 257 3018; x_wconf 93' lang='lat' dir='ltr'><strong>ubi</strong></span> <span class='ocrx_word' id='word_1_405' title='bbox 274 3001 333 3009; x_wconf 90' lang='lat'><strong>-—</strong></span> <span class='ocrx_word' id='word_1_406' title='bbox 349 2981 486 3018; x_wconf 73' lang='lat' dir='ltr'><strong>revisit</strong></span> <span class='ocrx_word' id='word_1_407' title='bbox 513 2981 569 3018; x_wconf 77' lang='lat' dir='ltr'><strong>Et</strong></span> <span class='ocrx_word' id='word_1_408' title='bbox 577 2983 764 3031; x_wconf 84' lang='lat' dir='ltr'><strong>patrium</strong></span> 
     </span>
    </p>
   </div>
   <div class='ocr_carea' id='block_1_27' title="bbox 820 2165 1553 2567">
    <p class='ocr_par' dir='ltr' id='par_1_28' title="bbox 820 2165 1553 2567">
     <span class='ocr_line' id='line_1_61' title="bbox 824 2165 1553 2218; baseline 0 -15"><span class='ocrx_word' id='word_1_409' title='bbox 824 2180 964 2204; x_wconf 82' lang='lat' dir='ltr'><strong>nemus</strong></span> <span class='ocrx_word' id='word_1_410' title='bbox 976 2196 987 2215; x_wconf 88' lang='lat'><em>‚</em></span> <span class='ocrx_word' id='word_1_411' title='bbox 1020 2175 1058 2204; x_wconf 80' lang='grc' dir='ltr'><strong>ει</strong></span> <span class='ocrx_word' id='word_1_412' title='bbox 1072 2165 1174 2204; x_wconf 83' lang='lat' dir='ltr'><strong>bello</strong></span> <span class='ocrx_word' id='word_1_413' title='bbox 1192 2166 1419 2218; x_wconf 65' lang='lat' dir='ltr'><strong>quo-sullus</strong></span> <span class='ocrx_word' id='word_1_414' title='bbox 1434 2179 1553 2204; x_wconf 87' lang='lat' dir='ltr'><strong>amo-</strong></span> 
     </span>
     <span class='ocr_line' id='line_1_62' title="bbox 823 2223 1551 2273; baseline -0.001 -12"><span class='ocrx_word' id='word_1_415' title='bbox 823 2238 899 2261; x_wconf 82' lang='lat' dir='ltr'><strong>res.</strong></span> <span class='ocrx_word' id='word_1_416' title='bbox 932 2224 975 2262; x_wconf 94' lang='lat' dir='ltr'><strong>L.</strong></span> <span class='ocrx_word' id='word_1_417' title='bbox 992 2224 1047 2273; x_wconf 87' lang='lat' dir='ltr'><strong>II,</strong></span> <span class='ocrx_word' id='word_1_418' title='bbox 1064 2223 1162 2267; x_wconf 84' lang='lat'><strong>548.</strong></span> <span class='ocrx_word' id='word_1_419' title='bbox 1180 2223 1279 2267; x_wconf 84' lang='grc'><strong>549.</strong></span> <span class='ocrx_word' id='word_1_420' title='bbox 1336 2225 1436 2265; x_wconf 88' lang='grc'><strong>228.</strong></span> <span class='ocrx_word' id='word_1_421' title='bbox 1464 2232 1551 2261; x_wconf 83' lang='lat' dir='ltr'><strong>sta-</strong></span> 
     </span>
     <span class='ocr_line' id='line_1_63' title="bbox 824 2281 1550 2335; baseline 0 -16"><span class='ocrx_word' id='word_1_422' title='bbox 824 2281 922 2320; x_wconf 85' lang='lat' dir='ltr'><strong>bula</strong></span> <span class='ocrx_word' id='word_1_423' title='bbox 941 2281 1183 2333; x_wconf 75' lang='lat' dir='ltr'><strong>adspectans</strong></span> <span class='ocrx_word' id='word_1_424' title='bbox 1194 2312 1206 2332; x_wconf 91' lang='lat'><strong>,</strong></span> <span class='ocrx_word' id='word_1_425' title='bbox 1235 2282 1464 2335; x_wconf 87' lang='lat' dir='ltr'><strong>respiciens,</strong></span> <span class='ocrx_word' id='word_1_426' title='bbox 1481 2294 1550 2320; x_wconf 91' lang='lat' dir='ltr'><strong>re-</strong></span> 
     </span>
     <span class='ocr_line' id='line_1_64' title="bbox 823 2339 1552 2391; baseline 0 -13"><span class='ocrx_word' id='word_1_427' title='bbox 823 2346 1020 2391; x_wconf 84' lang='lat' dir='ltr'><strong>torquens</strong></span> <span class='ocrx_word' id='word_1_428' title='bbox 1044 2341 1202 2390; x_wconf 90' lang='lat' dir='ltr'><strong>oculos;</strong></span> <span class='ocrx_word' id='word_1_429' title='bbox 1241 2346 1291 2379; x_wconf 89' lang='lat' dir='ltr'><strong>ut</strong></span> <span class='ocrx_word' id='word_1_430' title='bbox 1320 2340 1488 2378; x_wconf 84' lang='lat' dir='ltr'><strong>facimus</strong></span> <span class='ocrx_word' id='word_1_431' title='bbox 1508 2339 1552 2378; x_wconf 88' lang='lat' dir='ltr'><strong>in</strong></span> 
     </span>
     <span class='ocr_line' id='line_1_65' title="bbox 822 2397 1551 2450; baseline 0 -14"><span class='ocrx_word' id='word_1_432' title='bbox 822 2411 888 2447; x_wconf 85' lang='lat' dir='ltr'><strong>rc,</strong></span> <span class='ocrx_word' id='word_1_433' title='bbox 934 2412 1056 2449; x_wconf 83' lang='lat' dir='ltr'><strong>quam</strong></span> <span class='ocrx_word' id='word_1_434' title='bbox 1107 2398 1231 2437; x_wconf 84' lang='lat' dir='ltr'><strong>inviti</strong></span> <span class='ocrx_word' id='word_1_435' title='bbox 1276 2397 1551 2450; x_wconf 77' lang='lat' dir='ltr'><strong>relinquimus.</strong></span> 
     </span>
     <span class='ocr_line' id='line_1_66' title="bbox 823 2456 1552 2509; baseline 0 -15"><span class='ocrx_word' id='word_1_436' title='bbox 823 2459 1010 2505; x_wconf 70' lang='lat' dir='ltr'><strong>excessit,</strong></span> <span class='ocrx_word' id='word_1_437' title='bbox 1043 2456 1163 2496; x_wconf 81' lang='lat' dir='ltr'><strong>docte</strong></span> <span class='ocrx_word' id='word_1_438' title='bbox 1180 2462 1340 2496; x_wconf 77' lang='lat' dir='ltr'><strong>mutato</strong></span> <span class='ocrx_word' id='word_1_439' title='bbox 1361 2462 1552 2509; x_wconf 86' lang='lat' dir='ltr'><strong>tempore,</strong></span> 
     </span>
     <span class='ocr_line' id='line_1_67' title="bbox 820 2513 1093 2567; baseline 0 -14"><span class='ocrx_word' id='word_1_440' title='bbox 820 2528 896 2567; x_wconf 89' lang='lat' dir='ltr'><strong>pro</strong></span> <span class='ocrx_word' id='word_1_441' title='bbox 920 2513 1093 2553; x_wconf 79' lang='lat' dir='ltr'><strong>excedit.</strong></span> 
     </span>
    </p>
   </div>
   <div class='ocr_carea' id='block_1_28' title="bbox 892 2572 1552 2624">
    <p class='ocr_par' dir='ltr' id='par_1_29' title="bbox 892 2572 1552 2624">
     <span class='ocr_line' id='line_1_68' title="bbox 892 2572 1552 2624; baseline -0.006 -10"><span class='ocrx_word' id='word_1_442' title='bbox 892 2575 978 2615; x_wconf 87' lang='grc'><strong>229</strong></span> <span class='ocrx_word' id='word_1_443' title='bbox 1007 2586 1092 2624; x_wconf 90' lang='lat' dir='ltr'><strong>sqq.</strong></span> <span class='ocrx_word' id='word_1_444' title='bbox 1158 2572 1552 2612; x_wconf 77' lang='lat' dir='ltr'><strong>Praestantissimum</strong></span> 
     </span>
    </p>
   </div>
   <div class='ocr_carea' id='block_1_29' title="bbox 823 2629 1615 2681">
    <p class='ocr_par' dir='ltr' id='par_1_30' title="bbox 823 2629 1615 2681">
     <span class='ocr_line' id='line_1_69' title="bbox 823 2629 1615 2681; baseline 0.003 -12"><span class='ocrx_word' id='word_1_445' title='bbox 823 2629 936 2669; x_wconf 87' lang='lat' dir='ltr'><strong>hunc</strong></span> <span class='ocrx_word' id='word_1_446' title='bbox 952 2631 1109 2681; x_wconf 90' lang='lat' dir='ltr'><strong>locum,</strong></span> <span class='ocrx_word' id='word_1_447' title='bbox 1148 2637 1198 2669; x_wconf 88' lang='lat' dir='ltr'><strong>ut</strong></span> <span class='ocrx_word' id='word_1_448' title='bbox 1223 2630 1463 2670; x_wconf 84' lang='lat' dir='ltr'><strong>iamdudum</strong></span> <span class='ocrx_word' id='word_1_449' title='bbox 1486 2630 1570 2672; x_wconf 70' lang='lat' dir='ltr'><strong>vi-.</strong></span> <span class='ocrx_word' id='word_1_450' title='bbox 1608 2633 1615 2638; x_wconf 65' lang='lat'><strong>⁴</strong></span> 
     </span>
    </p>
   </div>
   <div class='ocr_carea' id='block_1_30' title="bbox 820 2685 1580 3029">
    <p class='ocr_par' dir='ltr' id='par_1_31' title="bbox 820 2685 1580 3029">
     <span class='ocr_line' id='line_1_70' title="bbox 825 2685 1552 2742; baseline 0.003 -15"><span class='ocrx_word' id='word_1_451' title='bbox 825 2688 976 2728; x_wconf 84' lang='lat' dir='ltr'><strong>derunt</strong></span> <span class='ocrx_word' id='word_1_452' title='bbox 1003 2703 1095 2728; x_wconf 89' lang='lat' dir='ltr'><strong>cum</strong></span> <span class='ocrx_word' id='word_1_453' title='bbox 1125 2689 1264 2742; x_wconf 88' lang='lat' dir='ltr'><strong>Scalig.</strong></span> <span class='ocrx_word' id='word_1_454' title='bbox 1294 2689 1405 2727; x_wconf 90' lang='lat' dir='ltr'><strong>Poet.</strong></span> <span class='ocrx_word' id='word_1_455' title='bbox 1442 2702 1476 2727; x_wconf 87' lang='grc'><strong>0.</strong></span> <span class='ocrx_word' id='word_1_456' title='bbox 1497 2685 1552 2729; x_wconf 83' lang='lat'><strong>14</strong></span> 
     </span>
     <span class='ocr_line' id='line_1_71' title="bbox 822 2746 1550 2800; baseline -0.003 -15"><span class='ocrx_word' id='word_1_457' title='bbox 822 2747 1092 2800; x_wconf 81' lang='lat' dir='ltr'><strong>Interpretes‚</strong></span> <span class='ocrx_word' id='word_1_458' title='bbox 1122 2747 1269 2786; x_wconf 84' lang='lat' dir='ltr'><strong>imitati</strong></span> <span class='ocrx_word' id='word_1_459' title='bbox 1289 2753 1386 2786; x_wconf 84' lang='lat' dir='ltr'><strong>sunt</strong></span> <span class='ocrx_word' id='word_1_460' title='bbox 1401 2746 1550 2784; x_wconf 85' lang='lat' dir='ltr'><strong>Lucan.</strong></span> 
     </span>
     <span class='ocr_line' id='line_1_72' title="bbox 821 2803 1580 2857; baseline -0.011 -9"><span class='ocrx_word' id='word_1_461' title='bbox 821 2805 882 2855; x_wconf 88' lang='grc' dir='ltr'><strong>Π,</strong></span> <span class='ocrx_word' id='word_1_462' title='bbox 914 2808 994 2847; x_wconf 87' lang='grc'><strong>601</strong></span> <span class='ocrx_word' id='word_1_463' title='bbox 1014 2828 1071 2835; x_wconf 90' lang='grc'><strong>-</strong></span> <span class='ocrx_word' id='word_1_464' title='bbox 1090 2808 1176 2847; x_wconf 87' lang='grc'><strong>607</strong></span> <span class='ocrx_word' id='word_1_465' title='bbox 1206 2805 1412 2857; x_wconf 82' lang='lat' dir='ltr'><strong>praeclaro</strong></span> <span class='ocrx_word' id='word_1_466' title='bbox 1447 2803 1551 2852; x_wconf 91' lang='grc'><strong>1000,</strong></span> <span class='ocrx_word' id='word_1_467' title='bbox 1576 2843 1580 2847; x_wconf 24' lang='grc' dir='ltr'><em>Α</em></span> 
     </span>
     <span class='ocr_line' id='line_1_73' title="bbox 821 2863 1549 2913; baseline 0 -11"><span class='ocrx_word' id='word_1_468' title='bbox 821 2864 977 2903; x_wconf 84' lang='lat' dir='ltr'><strong>Statius</strong></span> <span class='ocrx_word' id='word_1_469' title='bbox 1018 2863 1143 2902; x_wconf 91' lang='lat' dir='ltr'><strong>Theb.</strong></span> <span class='ocrx_word' id='word_1_470' title='bbox 1183 2864 1241 2913; x_wconf 87' lang='lat' dir='ltr'><strong>H,</strong></span> <span class='ocrx_word' id='word_1_471' title='bbox 1271 2865 1353 2904; x_wconf 86' lang='grc'><strong>323</strong></span> <span class='ocrx_word' id='word_1_472' title='bbox 1375 2884 1424 2890; x_wconf 96' lang='grc'><strong>-</strong></span> <span class='ocrx_word' id='word_1_473' title='bbox 1443 2863 1549 2910; x_wconf 87' lang='grc'><strong>330,</strong></span> 
     </span>
     <span class='ocr_line' id='line_1_74' title="bbox 821 2919 1550 2969; baseline -0.005 -9"><span class='ocrx_word' id='word_1_474' title='bbox 821 2922 942 2960; x_wconf 89' lang='lat' dir='ltr'><strong>Silius</strong></span> <span class='ocrx_word' id='word_1_475' title='bbox 953 2921 1042 2961; x_wconf 87' lang='lat' dir='ltr'><strong>Ital.</strong></span> <span class='ocrx_word' id='word_1_476' title='bbox 1053 2921 1160 2969; x_wconf 86' lang='lat' dir='ltr'><strong>XVI,</strong></span> <span class='ocrx_word' id='word_1_477' title='bbox 1172 2919 1258 2961; x_wconf 82' lang='lat'><strong>4—</strong></span> <span class='ocrx_word' id='word_1_478' title='bbox 1269 2922 1334 2961; x_wconf 90' lang='grc'><strong>10.</strong></span> <span class='ocrx_word' id='word_1_479' title='bbox 1364 2921 1462 2960; x_wconf 83' lang='grc'><strong>230.</strong></span> <span class='ocrx_word' id='word_1_480' title='bbox 1483 2920 1550 2956; x_wconf 88' lang='lat' dir='ltr'><strong>in-</strong></span> 
     </span>
     <span class='ocr_line' id='line_1_75' title="bbox 820 2975 1546 3029; baseline -0.006 -11"><span class='ocrx_word' id='word_1_481' title='bbox 820 2988 965 3029; x_wconf 80' lang='lat' dir='ltr'><strong>strato,</strong></span> <span class='ocrx_word' id='word_1_482' title='bbox 1010 2978 1052 3018; x_wconf 85' lang='lat' dir='ltr'><strong>h.</strong></span> <span class='ocrx_word' id='word_1_483' title='bbox 1080 2979 1106 3018; x_wconf 93' lang='lat' dir='ltr'><strong>l.</strong></span> <span class='ocrx_word' id='word_1_484' title='bbox 1133 2992 1217 3017; x_wconf 89' lang='lat' dir='ltr'><strong>non</strong></span> <span class='ocrx_word' id='word_1_485' title='bbox 1243 2975 1546 3026; x_wconf 79' lang='lat' dir='ltr'><strong>strato&#39;cubili,</strong></span> 
     </span>
    </p>
   </div>
  </div>
 </body>
</html>
