1768 3320
4 1201 8 1205 »
61 1182 144 1209 tato
161 1175 299 1209 terniue
319 1175 521 1216 Romanus,

318 191 809 252 &mnemon
842 195 990 250 ΜΒ.
1022 195 1072 258 ι,
1108 198 1334 248 60—73

1486 205 1589 254 29⁷

60 326 520 385 Arcturumwnui
545 332 623 375 sat
641 324 743 374 erit
759 320 1094 392 suspendere
1113 321 1290 375 sulco,

59 398 198 464 mic,
234 395 477 449 officiant
495 395 647 446 laetis
668 410 741 444 ne
761 392 1006 459 frugibus
1025 393 1246 458 herbae,

60 470 176 533 Hic,
210 464 451 519 sterilem
472 467 689 532 exiguus
708 481 779 515 ne
800 463 1014 515 deserat
1031 464 1236 515 humor
1255 480 1488 517 arenam.
1523 472 1592 520 70

131 537 365 590 Alternis
385 537 537 588 idem
554 545 736 587 tonsas
762 551 969 586 cessare
992 535 1215 600 novaliS‚
1349 590 1353 591 ⁷

58 610 131 661 Et
147 624 373 675 segnem
393 607 600 676 patiere
619 607 724 657 situ
741 605 1030 656 durescere
1054 622 1321 673 campum.

60 681 168 731 Aut
185 679 260 730 ibi
278 677 412 729 flava
435 694 611 743 sereS,
627 685 856 728 mutato
874 674 1079 742 sidere,
1114 674 1272 742 farra,

79 777 214 826 ,69
246 787 485 876 {mmm

106 886 156 928 88
224 890 437 926 lendescere
465 889 569 925 sulco
590 889 702 923 Goth.
725 901 796 923 sec.
845 889 947 924 solco
965 888 1056 923 dno.
1092 899 1183 935 qnae
1211 893 1288 922 erat
1310 893 1486 923 certorum
1511 899 1595 922 sae—

61 937 142 972 c‘ulo
243 937 508 984 pronuntiatio.

602 937 648 974 69
674 936 809 983 offiant
838 937 929 982 neg.
955 949 976 971 a
1004 949 1050 970 m.
1071 948 1127 982 pr.
1176 934 1344 990 efficiant
1359 936 1452 969 Ven.
1546 935 1596 971 70

60 980 169 1020 Haec
195 997 216 1020 e
234 986 366 1021 Medic.
392 985 516 1020 laudat
530 985 669 1027 Bam,
704 984 769 1018 sed
791 983 844 1017 nil
867 983 941 1018 tale
971 996 1175 1030 expressum
1201 982 1238 1016 iu
1267 981 1418 1027 exempl.
1444 982 1595 1028 Poggiu-

60 1039 138 1067 non
164 1033 317 1068 deserat
335 1032 471 1067 zulich.

60 1080 109 1116 72
132 1083 213 1115 Aut
238 1092 343 1128 segn.

59 1127 272 1170 Schrader,
295 1133 336 1161 ut
352 1125 490 1164 v.124.

566 1031 611 1067 71
638 1032 760 1065 tonsis
776 1030 907 1065 Medic.
929 1044 949 1066 a
974 1043 1020 1066 m.
1045 1043 1100 1078 pr.
1149 1029 1322 1078 (novales
1348 1029 1455 1065 idem.
1497 1030 1594 1074 Wr.)

370 1080 462 1114 alter
490 1079 631 1124 Menag.
660 1085 696 1112 et
723 1090 782 1112 un.
804 1078 935 1113 Moret.
965 1091 1043 1113 cum
1070 1079 1146 1113 Erf.
1182 1086 1405 1132 torpescere
1430 1078 1523 1112 coni.
1543 1079 1595 1111 Io.

585 1126 634 1162 73
656 1127 737 1160 Aue
755 1123 837 1168 ubi,
862 1129 944 1161 Aut
958 1125 1044 1169 tibi,

554 1171 651 1219 quod
674 1172 745 1206 iam
761 1172 898 1207 Pierius
916 1173 1095 1215 laudavit,
1128 1172 1224 1218 quod
1250 1173 1420 1206 eatroeus
1446 1171 1596 1218 recepit,

1066 1129 1119 1161 Ae
1137 1123 1189 1160 ibi
1204 1125 1354 1166 ali13e1
1368 1137 1479 1159 more.
1511 1139 1595 1159 mu—

63 1228 100 1256 et
116 1220 207 1256 mihi
232 1222 324 1267 (cum
340 1221 469 1256 eodem
493 1220 784 1264 10.Sehradero)
813 1220 918 1254 valde
942 1233 981 1255 se
1004 1221 1160 1266 probare
1178 1231 1251 1254 non
1273 1219 1451 1261 diffiteor3
1483 1219 1596 1264 magis

61 1269 156 1303 enim
179 1280 264 1303 cons
267 1275 455 1303 entaneum
480 1267 641 1314 reliquae
666 1268 866 1302 sententiae
889 1280 967 1302 esse
990 1268 1150 1308 videtur,
1183 1275 1219 1302 et
1238 1280 1271 1300 v.
1291 1267 1338 1303 82
1359 1267 1455 1301 idem
1478 1267 1597 1322 expli-

61 1323 178 1350 catur:
203 1317 358 1350 mutatis
372 1314 530 1363 fetibus.
573 1315 696 1349 sidere
715 1322 834 1348 tamen
853 1315 997 1350 criticae
1014 1315 1171 1349 rationes
1192 1322 1354 1358 tuentur,
1379 1321 1417 1349 et
1432 1313 1596 1350 revocari

59 1363 167 1398 facile
186 1363 234 1398 ad
253 1363 404 1398 eandem
422 1362 637 1397 sententiam
657 1361 747 1395 illud
763 1370 897 1407 potest.
927 1362 1000 1397 vid.
1022 1364 1110 1397 Not.

62 1468 263 1522 Septemb.
279 1470 477 1509 Arcturus
506 1470 707 1517 exoritur-5
751 1467 802 1507 de

58 1527 265 1567 matutino
277 1533 427 1567 exortu
437 1527 500 1580 agi
510 1533 630 1581 puta:
642 1540 683 1566 v.
699 1526 801 1566 Plin.

60 1585 109 1636 11,
130 1585 201 1628 47.
222 1586 368 1636 XVIII,
381 1588 450 1637 31,
470 1600 501 1624 s.
521 1584 590 1628 74.
610 1585 660 1624 cs.
678 1584 800 1625 Mart.

61 1643 174 1684 adh.
189 1645 231 1695 1.‚
253 1650 296 1683 et
316 1643 428 1684 Pfaff.
462 1643 514 1683 de
541 1643 633 1683 Ort.
655 1649 698 1682 et
716 1642 802 1682 Oc-

62 1716 142 1742 835.
173 1702 248 1742 sid.
267 1716 308 1756 1).
331 1702 402 1746 51.
447 1701 709 1755 suspendere,
738 1701 801 1740 le-

60 1761 168 1801 viter
197 1760 483 1814 proscindere,
523 1773 688 1799 vomere
715 1773 801 1798 non

62 1819 142 1858 alte
171 1819 462 1859 descendente:
491 1831 684 1871 suspenso
697 1848 709 1869 ,
738 1819 801 1857 le-

60 1883 160 1917 vato
185 1908 197 1927 ,
240 1883 392 1917 aratro.
466 1879 534 1919 69.
574 1877 672 1916 Illic
695 1907 707 1927 ,
756 1876 801 1915 in

59 1935 200 1989 pingui
220 1937 320 1975 solo.
377 1935 481 1974 Na'm
494 1935 688 1973 Humida
705 1949 799 1973 ma-

61 1996 164 2033 iores
178 1994 323 2033 herbas
343 1994 421 2032 alit
434 2010 446 2031 :
480 1993 627 2046 Georg.
644 1994 692 2043 II,
701 1994 799 2036 251.

120 2053 352 2096 71—159.
381 2053 609 2091 Recreatur
636 2064 729 2104 ager
759 2057 801 2090 et

60 2110 171 2150 vires
195 2110 321 2149 sumit
348 2110 474 2149 variis
505 2109 636 2148 modis
659 2115 701 2148 et
719 2108 802 2148 ho-

60 2168 219 2207 minum
234 2167 380 2207 studiis
398 2174 440 2207 et
457 2169 590 2221 primo
608 2167 695 2221 ipsa
714 2181 802 2207 ces-

62 2225 221 2265 satione
238 2226 386 2266 cultus.
439 2226 558 2265 Idem
576 2234 620 2264 tu
635 2226 802 2265 alternis

61 2284 220 2324 vicibus
250 2286 411 2337 patiere
460 2297 617 2329 cessare
664 2291 802 2323 tonsas

60 2344 236 2382 novalis.
309 2342 475 2382 Novale
507 2355 655 2381 arvum
671 2371 684 2392 ,
724 2357 802 2381 ηο-

59 2401 169 2440 valis
194 2414 307 2454 ager,
336 2400 502 2454 proprie
519 2405 601 2449 est,
640 2399 711 2452 qui
731 2401 802 2439 sil-

61 2458 124 2498 vis
142 2459 285 2499 excisis
302 2459 483 2512 primum
498 2458 662 2508 colitur,
690 2472 805 2499 nnnc

63 2523 196 2556 terras
241 2517 408 2556 novales
455 2516 563 2555 dixit
597 2515 715 2556 Maro
752 2517 804 2556 de

66 2588 175 2627 agro,
205 2576 276 2627 qui
293 2574 460 2614 alternis
481 2574 597 2614 annis
616 2581 740 2614 vacat
761 2581 804 2614 et

66 2639 245 2672 novatur
264 2649 274 2672 ε
311 2633 357 2672 id
405 2633 518 2684 quod
558 2640 804 2686 perpetuum

66 2697 156 2729 erat
172 2691 304 2730 veteri
322 2690 474 2741 Italiae,
493 2704 597 2743 quae
619 2692 804 2731 triticum

65 2747 238 2787 serebat.
294 2748 403 2788 Hinc
434 2762 509 2788 nec
537 2751 804 2789 stercoratio-

65 2806 128 2845 nis
146 2820 315 2858 magnus
337 2820 435 2845 usus
447 2822 459 2857 3
490 2821 587 2846 nam
606 2808 693 2862 ipsa
714 2822 803 2848 ces-

66 2865 169 2904 satio
203 2864 298 2903 satis
325 2871 486 2904 recreat
515 2878 657 2918 agrum
675 2867 720 2905 in
736 2867 803 2906 his

65 2923 178 2962 locis.
245 2922 443 2961 Novalem
489 2923 632 2962 eodem
678 2925 803 2964 modo

70 2980 178 3021 dixit
200 2981 303 3020 Plin.
323 2979 469 3030 va,
487 2978 557 3030 49,
577 2985 606 3023 2
638 2983 804 3021 Novale

861 1479 918 1508 est
930 1499 942 1519 ‚
976 1470 1088 1523 quod
1104 1470 1270 1508 alternis
1286 1470 1408 1507 annis
1426 1466 1570 1507 seritur
1578 1484 1594 1515 ,⁰

860 1534 902 1567 et
916 1528 976 1567 ita
996 1529 1195 1582 accipitur
1221 1527 1264 1566 in
1289 1527 1408 1567 Varr.
1427 1527 1459 1577 Ι,
1479 1529 1550 1576 29,
1571 1529 1591 1568 1

861 1587 1067 1638 Novalis,
1108 1586 1178 1625 ubi
1198 1586 1294 1639 suit
1316 1594 1453 1624 satum
1482 1593 1593 1634 ante,
1634 1599 1637 1605 ·

859 1659 986 1699 quam
1014 1645 1193 1684 secunda
1222 1646 1405 1683 aratione
1431 1657 1597 1682 renove-

858 1711 939 1742 tur.
982 1710 1122 1743 tonsae
1154 1715 1225 1742 eae
1252 1709 1411 1752 terrae,
1445 1701 1488 1740 h.
1522 1701 1597 1740 de-

857 1774 1022 1801 messae.
1059 1764 1160 1801 situs
1192 1775 1269 1816 pro
1305 1761 1388 1800 otio
1412 1790 1424 1811 ‚
1465 1773 1598 1798 cessa—

857 1819 970 1860 tione
982 1835 994 1871 ;
1022 1820 1139 1861 unde
1170 1819 1381 1874 epitheton
1406 1833 1571 1872 segnem
1578 1833 1595 1866 ;

858 1878 1063 1918 durescere
1089 1893 1166 1932 pro
1194 1879 1466 1931 requiescere3
1497 1877 1598 1915 dum

858 1951 944 1976 non
971 1943 1164 1977 movetur
1192 1938 1332 1987 tellus,
1361 1935 1597 1975 indurescit.

859 1995 1011 2034 Totum
1045 2002 1310 2049 praeceptum
1339 2008 1392 2033 ex
1430 1993 1598 2047 Virgilio

858 2054 1008 2106 repetit
1024 2054 1126 2093 Plin.
1148 2053 1297 2103 XVIII,
1315 2056 1386 2103 21,
1402 2067 1432 2092 s.
1453 2054 1522 2096 50.
1546 2052 1597 2091 cf.

860 2111 1016 2151 colum.
1032 2112 1083 2162 Π,
1105 2115 1171 2162 10,
1183 2115 1222 2155 7.
1252 2112 1302 2162 ΙΙ,
1318 2110 1384 2161 14,
1399 2114 1436 2153 1.
1465 2111 1598 2150 Varro

859 2169 897 2218 1,
917 2168 996 2219 44,
1019 2173 1058 2212 3.
1117 2171 1175 2209 De
1204 2171 1294 2223 ipsa
1331 2183 1378 2209 re
1413 2169 1600 2223 disputat

860 2227 1039 2267 Dickson
1058 2230 1104 2268 T.
1131 2229 1171 2278 Ι,
1191 2243 1231 2282 p.
1247 2227 1335 2271 240
1353 2241 1438 2280 sqq.
1469 2229 1599 2267 inter-

858 2286 1087 2339 pretatione
1121 2293 1259 2326 tamen
1299 2293 1446 2339 poetae
1484 2285 1600 2325 haud

859 2345 958 2383 satis
990 2345 1140 2385 idonea
1166 2351 1208 2385 et
1242 2358 1283 2399 p.
1309 2343 1408 2390 458.
1441 2345 1513 2384 To.
1540 2344 1595 2395 11,

920 2463 990 2502 78.
1019 2469 1175 2500 mutato
1204 2461 1330 2500 sidere
1344 2478 1356 2500 .·
1398 2475 1505 2500 anno
1536 2461 1599 2499 al-

860 2524 965 2557 tero.
1012 2519 1135 2558 Sidus
1153 2533 1229 2572 pro
1249 2519 1351 2570 sole,
1388 2526 1439 2559 ut
1457 2532 1598 2572 saepe3

861 2591 956 2615 cum
982 2577 1185 2617 decimum
1211 2587 1458 2629 premeretur
1472 2579 1599 2616 sidere

861 2636 1029 2687 signum
1056 2635 1177 2675 Ovid.
1191 2636 1289 2675 Met.
1314 2628 1389 2686 IX,
1407 2638 1507 2678 286.
1538 2636 1601 2673 sol

860 2707 937 2746 pro
967 2708 1075 2733 anno
1104 2700 1147 2732 et
1170 2709 1248 2747 pro
1276 2695 1371 2733 anni
1401 2700 1597 2746 tempere.

860 2750 961 2790 Aen.
973 2752 1040 2802 IV,
1054 2755 1138 2795 309
1163 2752 1327 2791 hiberno
1346 2752 1484 2801 sidere,
1502 2751 1597 2789 sole.

860 2809 990 2862 Igitur
1024 2810 1152 2849 altero
1189 2823 1350 2863 quoque
1387 2823 1494 2848 anno
1536 2809 1598 2847 le·-

860 2868 1025 2920 gumina
1043 2869 1088 2908 in
1109 2882 1206 2921 agro
1231 2867 1403 2908 serenda
1423 2879 1505 2905 esse
1527 2867 1597 2916 ait,

862 2932 904 2964 et
920 2926 1044 2967 tertio
1066 2927 1217 2966 iterum
1241 2927 1316 2965 far.
1339 2925 1423 2965 vid.
1441 2924 1596 2963 Colum.

861 2983 911 3033 H,
932 2986 1000 3034 10,
1026 2987 1063 3026 1.
1081 2991 1123 3023 et
1143 2987 1209 3026 11.
1250 2981 1422 3039 (mutato
1452 2982 1593 3030 sidere,
