1768 3320
218 174 326 226 252
541 204 543 206 ·
725 176 1152 227 EXCURSUS
1190 179 1239 227 II

277 301 347 345 43.
377 302 434 345 44
462 298 505 344 'A
506 301 636 359 ρνειὸς
663 306 848 360 Τυρίοισι
860 306 1126 381 παρατρέψει
1143 305 1374 362 λιβάδεσσι·

277 360 332 404 45
367 358 552 404 Σανδυκι
574 363 797 421 πορφυρέῳ
819 360 976 418 λάχνην
998 362 1227 421 ῥὐπὸεσσαν
1253 364 1452 421 οἷμείβων.

744 454 789 498 θ·
962 456 1004 500 <²
1181 457 1224 500 *²52-

275 534 332 578 48
361 531 470 578 Ἀλλ’
493 533 566 590 α’γε
587 538 733 588 τιμῆεν
755 540 968 592 σκῆπτρον
990 539 1227 593 βασιληίδος
1247 534 1377 593 ἆρχῆς

273 592 329 636 49
361 595 581 648 Δεξιτερῆς
603 591 687 635 dno
706 611 858 646 πατρος
877 596 1136 651 ἐριβρεμέταο
1156 596 1305 646 δέδεξο.

274 652 330 695 50
364 649 535 706 Κόσμον
557 647 784 705 κητώεντος
802 650 880 709 ὅρα
901 653 1085 727 εύπηκτα
1106 655 1316 707 θέμεθλα,

273 710 326 753 51
363 706 643 779 Χαρμοσύνην
662 712 782 763 γαίης
800 727 843 752 τε
862 711 933 753 καὶ
953 709 1139 787 οὐρανοῦ
1161 709 1235 782 η’δὲ
1253 709 1495 768 θαλάσσης,

272 768 329 811 52
363 764 613 822 Γηθόσυνόν
632 784 654 809 τ
664 764 858 818 ’Λίὤνος
878 766 1114 843 ἄπειρεσίου
1134 767 1279 813 λάσιον
1298 787 1392 825 κηρ.

272 826 328 869 53
361 827 472 868 Εἴθε
494 841 543 879 με
561 826 761 880 γηραλέον
784 824 915 876 ζῶντά
938 825 977 869 τ’
978 829 1060 898 „⁵¹1³
1081 826 1267 883 νήδυμος
1289 827 1403 884 ἰσχυς

271 882 328 927 54
359 882 451 938 Σην
473 900 624 939 αρετην
646 886 851 935 κελαδεῖν,
883 883 956 939 ἐφ’
959 884 1077 929 ὅσον
1098 884 1276 940 δύναμίς
1293 904 1337 942 γε
1356 890 1525 944 παρείη·

271 941 326 985 55
362 940 485 984 Ου’κ’
467 940 520 984 οἶν
541 958 591 996 με
613 939 804 1014 πλήξειεν
825 942 850 985 o‘
863 947 1048 1017 Θρᾳκῶν
1069 947 1159 996 δῖος
1177 941 1332 997 αοιδὸς,

271 1000 340 1043 56.
371 1002 427 1045 58
461 997 523 1042 Ου’
545 1001 699 1051 Λίνος,
730 1017 781 1042 ov
801 1000 898 1044 Ποῖν
918 1000 1063 1055 αὐτος,
1096 1001 1144 1046 ὃν
1165 1000 1356 1059 Ἀρκαδίη
1377 1003 1512 1047 τέκετο
1536 1001 1674 1060 χθών·

270 1058 325 1101 59
355 1055 462 1100 Ἀλλ’
488 1055 582 1101 ουδ’
603 1055 723 1108 αὐτὸς
744 1058 767 1102 ὅ
789 1058 884 1102 Πὰν
909 1057 1126 1136 ανθέξεται
1149 1063 1287 1103 είνεκα
1306 1064 1439 1117 νίκης.

270 1119 326 1159 60
345 1115 491 1172 ’Ἀρχεο
510 1114 755 1170 μειδιόωσαν
778 1117 889 1173 ὅρων
910 1117 988 1173 τὴν
1008 1120 1161 1174 μητέρα
1181 1118 1335 1173 κεδνην

269 1176 321 1217 61
357 1177 600 1230 Γνωρίζειν·
632 1175 662 1230 ἦ
680 1172 758 1247 γάρ
779 1189 822 1218 σε
847 1177 971 1232 φέρεν
994 1177 1171 1228 πολλους
1190 1175 1468 1233 λυκάβαντας·

271 1235 327 1275 62
357 1233 436 1275 Σοὶ
456 1231 500 1275 δὲ
518 1238 654 1287 γονεῖς
677 1230 729 1275 ου’
751 1251 925 1289 παμπαν
944 1236 1159 1291 ἐφημέριοι
1178 1236 1418 1307 ἐγέλασσαν·

270 1293 324 1333 63
359 1288 465 1334 Οὐδ’
493 1289 596 1347 ηψω
629 1292 798 1346 λεχέων,
837 1290 933 1336 ουδ’
962 1294 1089 1350 ἔγνως
1116 1296 1235 1337 δαῖτα
1266 1290 1456 1338 θάλειαν.

593 1454 1207 1506 EXCURSUS
1288 1456 1350 1506 II

774 1567 873 1608 De
952 1566 1169 1610 Varo.

322 1677 404 1716 Ecl.
423 1677 489 1727 VI,
505 1680 544 1719 6.
557 1680 585 1720 7
614 1693 791 1731 namque
813 1693 936 1730 super
955 1678 1029 1718 tibi
1047 1688 1161 1718 erunt
1179 1681 1252 1734 qui
1267 1679 1396 1718 dicere
1415 1679 1574 1728 laudes,
1612 1680 1662 1718 V
1653 1693 1734 1729 are,

205 1743 299 1773 tuas
317 1737 487 1787 cupiant
501 1766 512 1785 ‚
547 1745 584 1774 et
605 1738 735 1775 tristia
754 1737 918 1775 condere
937 1737 1057 1777 bella.
1091 1741 1145 1781 10
1164 1747 1200 1776 te
1218 1746 1376 1777 nostrae
1389 1768 1400 1788 ‚
1440 1739 1488 1778 V
1481 1752 1550 1776 are
1564 1767 1576 1787 ‚
1609 1738 1735 1789 myriae-

203 1807 297 1843 cae,
336 1795 390 1832 Te
416 1809 556 1832 nemus
584 1809 699 1833 omne
726 1803 867 1833 canet:
911 1810 983 1834 nee
1005 1795 1168 1835 Phoebo
1186 1798 1347 1849 gratior
1368 1795 1456 1834 ulla
1475 1804 1558 1845 est,
1598 1796 1736 1847 Quam

202 1850 282 1889 sibi
312 1866 416 1904 quae
451 1854 557 1892 Vari
577 1854 843 1904 praescripsit
863 1856 1032 1906 pagina
1059 1869 1220 1901 ¹nomen.
1286 1854 1368 1894 Ecl.
1400 1854 1481 1905 IX,
1503 1856 1561 1896 27
1605 1855 1653 1894 V
1646 1868 1730 1904 are,

203 1917 318 1947 tuum
346 1924 491 1948 nomen
508 1933 568 1940 ——
590 1912 806 1950 Cantantes
833 1911 1001 1950 sublime
1016 1912 1157 1964 serent
1182 1913 1243 1951 acl
1265 1912 1399 1951 sidera
1424 1914 1553 1964 cycni.
1617 1912 1734 1961 Quae

204 1980 255 2006 ex
275 1967 338 2006 his
362 1968 412 2006 de
429 1969 559 2019 Varo,
592 1970 658 2008 cui
686 1969 836 2022 Ecloga
863 1970 1080 2023 inscripta,
1123 1971 1155 2009 si
1181 1970 1304 2010 modo
1334 1971 1379 2009 in
1395 1976 1569 2022 utraque
1587 1970 1733 2023 Ecloga

203 2025 253 2065 de
273 2026 415 2065 eodem
434 2027 542 2067 Varo
563 2028 714 2080 agitur,
747 2028 876 2080 colligi
894 2035 1086 2080 possunt,
1116 2028 1218 2068 haec
1239 2035 1358 2068 sunt:
1388 2029 1508 2068 fuisse
1526 2028 1733 2068 hominem

200 2084 361 2123 Maroni
377 2085 680 2138 amicissimum3
699 2086 826 2125 Musis
843 2092 1005 2139 gratum
1023 2093 1062 2125 et
1078 2088 1306 2127 iucundum
1317 2101 1487 2139 nomen;
1505 2101 1597 2127 eum
1609 2087 1731 2127 rebus

199 2142 353 2182 bellicis
375 2144 532 2184 clarum
550 2146 672 2184 fuisse
694 2142 748 2199 (et
767 2147 897 2184 tristia
922 2146 1088 2184 condere
1107 2144 1231 2201 bella)
1243 2177 1254 2197 ‚
1295 2146 1483 2199 promitti
1500 2146 1536 2185 ei
1556 2146 1730 2185 nominis

191 2201 565 2255 *immortalitatem3
605 2204 728 2243 fuisse
759 2216 922 2255 quoque
951 2204 1128 2256 aliquam
1159 2205 1244 2243 eius
1274 2204 1447 2256 gratiam
1476 2218 1524 2243 ac
1538 2205 1731 2244 meritum

200 2260 312 2313 apud
333 2260 600 2312 Mantuanos,
630 2263 675 2301 in
707 2261 964 2301 vindicandis
993 2263 1040 2301 iis
1070 2277 1093 2301 a
1112 2269 1404 2302 veteranorum
1420 2262 1590 2302 iniuriis.
1648 2263 1731 2302 Nec

197 2324 333 2357 tamen
366 2319 435 2358 illa
464 2320 672 2360 sufficiunt
699 2320 752 2358 ad
782 2319 1098 2371 declarandum,
1139 2322 1324 2373 quisnam
1349 2321 1417 2360 ille
1432 2321 1564 2360 Varus
1580 2321 1728 2373 fuerit;

198 2390 293 2416 cum
311 2382 377 2416 tot
396 2378 599 2430 gentium,
630 2385 679 2418 ut
702 2378 967 2430 Quinctiliae‚
998 2379 1230 2432 Pompeiae,
1261 2377 1389 2429 Atiae,
1419 2379 1615 2430 Liciniae,
1656 2393 1725 2419 co-

196 2448 373 2488 gnomen
391 2436 495 2475 illud
514 2437 658 2488 fuerit,
688 2451 765 2476 nec
791 2437 869 2476 alia
895 2437 941 2476 in
968 2437 1232 2491 scriptoribus
1258 2437 1356 2477 Vari
1382 2436 1504 2476 huius
1532 2438 1727 2477 memoria

243 2548 301 2587 43.
321 2547 370 2586 44
385 2550 507 2584 Vales.
525 2550 625 2584 malit
643 2562 751 2597 παρα
770 2549 930 2597 στρέψει·
988 2562 1052 2584 seu
1071 2550 1108 2584 in
1128 2550 1225 2584 luctu
1255 2563 1318 2584 seu
1336 2551 1482 2585 vulnere
1503 2563 1571 2596 pro
1593 2551 1724 2601 νικᾷν·

195 2597 261 2631 sed
279 2597 364 2643 quid
386 2594 495 2643 πάρα
513 2597 576 2640 sit,
602 2610 674 2632 non
693 2611 873 2645 assequor.
987 2597 1057 2631 nisi
1076 2604 1260 2653 corruptus
1283 2605 1318 2631 et
1333 2610 1475 2632 mancus
1494 2598 1593 2632 locus
1613 2587 1676 2633 esf.

1035 2646 1082 2680 60
1105 2641 1336 2689 μειδιόωσαν
1364 2641 1478 2691 ὁρῶν.
1527 2647 1725 2680 Turbatam

241 2678 290 2715 50
315 2690 400 2724 θρα·
434 2678 554 2724 Valgo
580 2675 699 2725 θρᾷν,
733 2680 829 2725 q¹¹⁰d
849 2681 929 2713 ΗΟ·
988 2698 1025 2726 et
1048 2690 1107 2725 hic
1132 2697 1208 2724 erat
1234 2690 1270 2725 in
1292 2692 1457 2735 Graecis,
1484 2698 1524 2725 ut
1543 2693 1586 2726 ab
1606 2693 1723 2727 inter-

194 2725 361 2781 iqericum
390 2732 503 2767 θδδθῒὶ
538 2727 603 2760 sed
627 2727 664 2760 in
689 2727 753 2761 tali
778 2728 929 2761 carmine
985 2737 1175 2796 pretibaeus
1164 2750 1201 2771 m
1220 2738 1375 2773 Latinis:
1390 2719 1517 2785 ’Ἁρχεο
1543 2738 1724 2796 μειδιόων

193 2785 251 2807 V¹1
273 2774 548 2819 frequentatum·
987 2783 1159 2842 ἀνοριόν·
1204 2784 1242 2818 in
1269 2786 1373 2820 codd.
1402 2786 1561 2831 μειδιῶν
1588 2782 1642 2828 ὥς
1672 2782 1723 2822 ἄν

988 2829 1104 2878 ὁρῶν.
1154 2833 1287 2867 Verum
1309 2833 1431 2868 vidit·
1420 2847 1487 2869 iam
1505 2835 1626 2869 vales.

1033 2881 1081 2916 62
1116 2880 1372 2924 Interpolatum
1398 2881 1469 2916 hoc
1497 2880 1536 2915 in
1563 2881 1720 2924 Graecis,

987 2932 1026 2960 ut
1049 2938 1171 2960 sensus
1193 2926 1259 2960 sit:
1292 2930 1340 2962 At
1367 2928 1435 2963 tibi
1455 2939 1527 2963 non
1550 2929 1719 2963 mortales

239 2974 287 3011 55
310 2970 494 3020 πλήξειεν.
531 2970 710 3019 πλήσσειν
743 2981 928 3018 percutere
985 2979 1150 3020 parentes
1166 2973 1317 3009 fuerunt.

240 2856 289 2892 52
311 2853 415 2891 Αἰῶν
431 2855 468 2889 in
485 2867 673 2902 personam
690 2855 788 2889 abiit.
820 2855 928 2890 Miras

194 2902 231 2937 in
250 2902 308 2937 his
325 2915 434 2937 verss.
457 2903 579 2938 turbas
598 2902 685 2937 facit
703 2902 823 2938 Vales.
