1768 3320
356 225 458 283 DE
494 224 858 275 CARMINE
895 226 1322 280 BUCOLICO
1540 240 1599 285 17

249 353 484 393 Delectante
504 353 646 403 deum,
677 354 742 393 cui
765 367 886 407 pecus
905 361 947 394 et
968 355 1070 408 nigri
1121 358 1124 361 '

358 410 486 450 Colles
503 411 699 451 Arcadiae
716 412 879 466 placent
888 411 938 467 1”).

77 475 261 532 Potest
292 480 336 530 is
365 479 515 531 locus
551 481 828 534 interdum
860 481 997 533 adeo
1034 481 1231 550 duplex
1270 498 1409 548 esse,
1463 493 1523 533 ut
1553 495 1606 534 et

75 551 119 602 is
160 549 491 616 designetur,
536 552 591 602 in
632 568 742 620 quo
780 561 964 620 pastor
1002 562 1204 617 cantet,
1258 562 1311 603 et
1350 552 1503 617 alter,
1550 555 1604 604 in

77 636 187 690 quo
217 637 303 672 res
336 631 758 673 commemorata
789 631 935 688 gesta
964 623 1054 683 sit3
1101 631 1162 673 ut
1191 623 1246 672 in
1274 622 1472 688 Ecloga
1509 622 1606 674 de-

77 691 212 742 cima
242 708 270 740 a
300 689 520 756 Virgilio
548 690 751 742 factum
779 692 1097 745 videbimus,

218 762 497 828 Superest,
543 771 605 812 ut
657 763 916 813 nonnulla
964 762 1294 825 adiiciamus,
1362 779 1498 830 quae
1539 763 1606 812 ad

75 830 478 897 Virgilianas
505 832 783 898 Eclogas
810 833 1034 900 propius
1063 841 1317 899 spectant.
1362 834 1477 882 Iam
1495 834 1607 900 pri-

24 944 51 965 v.
73 917 229 952 mum
257 901 358 951 nisi
397 900 494 951 alia
524 912 725 968 essent,
782 903 977 971 quibus
1004 906 1163 965 Maro
1191 903 1371 968 magni
1412 912 1606 970 poetae

16 1020 19 1022 ,
74 988 281 1022 nomen
311 982 676 1040 consequutus
708 982 809 1035 est,
858 972 983 1023 solis
1010 971 1273 1023 Bucolicis
1302 972 1496 1023 relictis
1524 973 1607 1022 vix

76 1058 204 1093 eum
254 1042 310 1092 in
360 1059 582 1092 censum
635 1043 942 1110 principum
986 1052 1273 1111 poetarum
1317 1052 1606 1093 venturum

73 1110 237 1162 fuisse
277 1111 518 1164 arbitror.
606 1113 814 1178 Ingenii
857 1114 1004 1164 enim
1043 1114 1098 1163 in
1144 1112 1473 1163 inveniendo
1524 1114 1607 1162 vix

73 1197 323 1248 magnam
351 1181 516 1232 habet
542 1182 785 1242 laudem;
836 1192 1148 1249 argumenta
1179 1183 1492 1246 carminum,
1527 1183 1604 1233 uti

73 1251 252 1319 paullo
294 1261 418 1302 ante
451 1252 708 1315 vidimuS,
763 1253 858 1303 alia
897 1263 1021 1304 sunt
1060 1271 1122 1303 ex
1153 1253 1446 1303 Theocrito
1482 1270 1605 1302 mu-

73 1331 215 1372 tuata
246 1331 300 1372 et
331 1322 608 1372 interdum
647 1324 826 1373 ieiune
856 1324 977 1373 satis
1010 1323 1273 1385 traducta,
1311 1330 1400 1373 aut
1434 1339 1463 1372 e
1485 1322 1604 1390 plu-

71 1392 220 1442 ribus
245 1391 561 1457 Idylliorum
596 1393 727 1442 locis
759 1402 1139 1458 coagmentata,
1173 1401 1234 1443 ut
1265 1393 1419 1442 tertia
1449 1401 1502 1442 et
1522 1409 1606 1442 se-

73 1462 240 1530 ptima
280 1461 501 1528 Ecloga3
571 1462 669 1512 alia
707 1480 820 1512 non
863 1463 1138 1513 bucolicae
1181 1472 1331 1512 erant
1371 1471 1605 1523 naturae,

73 1531 171 1582 sed
199 1541 407 1587 tantum
446 1532 514 1582 ad
542 1532 916 1583 bucolicorum
956 1550 1172 1582 morem
1207 1541 1332 1582 sunt
1374 1541 1604 1594 tractata,

71 1611 133 1652 ut
160 1602 356 1669 prima,
405 1611 612 1670 quarta,
658 1612 823 1666 sexta,
870 1620 1039 1666 nona,
1079 1602 1299 1653 decima.
1374 1604 1606 1651 Senten-

72 1673 176 1722 tiae
207 1681 387 1722 autem
417 1681 470 1722 et
498 1672 661 1722 verba
697 1689 948 1739 magnam
977 1682 1187 1740 partem
1219 1689 1278 1722 ex
1309 1670 1603 1722 Theocrito

73 1750 198 1792 sunt
236 1758 514 1802 conversa3
553 1742 648 1792 alia
680 1752 804 1793 sunt
835 1761 862 1793 a
883 1742 1113 1794 bucolici
1144 1742 1390 1792 carminis
1419 1750 1605 1791 natura

73 1812 255 1862 aliena.
294 1811 424 1876 Quis
445 1822 719 1880 pastorem
743 1812 881 1863 serat
901 1813 1277 1863 decantantem
1300 1811 1409 1862 illa:
1437 1814 1603 1862 Ante

72 1883 442 1950 pererratis
471 1883 815 1934 amborum
844 1882 1099 1933 finibus
1131 1882 1276 1932 exul
1304 1884 1430 1932 Aut
1457 1884 1604 1931 Ara-

72 1952 195 2002 rim
230 1951 519 2002 Parthus
556 1953 747 2004 bibet
785 1963 894 2004 aut
931 1953 1290 2004 Germania
1327 1952 1604 2017 Tigrim;

76 2031 129 2072 ct
169 2021 276 2072 illa:
350 2025 429 2073 At
473 2040 594 2073 nos
640 2023 793 2074 hinc
842 2024 956 2074 alii
1002 2024 1312 2073 sitientes
1361 2022 1604 2071 ibimus

73 2089 294 2155 Afros,
329 2095 482 2143 Pars
521 2093 862 2158 Scythiam
910 2102 972 2144 et
1015 2092 1321 2159 rapidum
1364 2094 1603 2143 Cretae

73 2163 417 2212 veniemus
466 2164 721 2215 Oaxem.
814 2163 977 2227 Quod
1021 2162 1248 2213 infames
1283 2179 1466 2212 mores
1509 2179 1603 2228 pa-

74 2241 281 2282 storum
322 2249 445 2282 uno,
486 2230 673 2283 saltem
713 2233 835 2284 loco
879 2234 1132 2301 expressit
1175 2232 1315 2298 (Ecl.
1358 2234 1436 2282 111
1475 2238 1603 2298 pn),

74 2302 181 2352 hoc
223 2311 335 2353 erat
377 2302 527 2371 quod
570 2303 655 2353 vix
696 2303 761 2353 ab
802 2304 913 2354 eius
951 2303 1252 2353 urbanitate
1292 2301 1602 2370 expectaba-

73 2389 221 2432 mus;
262 2389 376 2422 non
406 2374 574 2438 magis
604 2391 766 2441 quam
795 2373 930 2423 haec
958 2374 1117 2423 nimis
1150 2372 1377 2422 obnoxia
1410 2381 1462 2421 et
1491 2388 1602 2421 ser-

73 2442 188 2492 vilis
219 2459 363 2509 pene
395 2443 671 2493 Theocriti
710 2444 948 2495 imitatio.
1023 2446 1222 2494 Contra
1258 2443 1602 2492 mirationem

75 2511 251 2562 facere
291 2522 495 2580 potest,
569 2513 719 2581 quod
760 2523 998 2564 metrum
1050 2512 1381 2577 bucolicum,
1456 2512 1601 2561 cuius

37 2627 41 2633 .,
78 2581 397 2633 Theocritus
418 2583 833 2634 studiosissimus
878 2583 1003 2644 suit,
1051 2583 1375 2650 plerumque
1419 2581 1599 2646 negle-

77 2653 229 2703 xerit:
268 2652 418 2720 quod
449 2654 645 2720 passim
673 2672 701 2704 a
722 2653 901 2704 multis
938 2654 1278 2703 observatum
1311 2653 1472 2717 est*):
1510 2667 1601 2699 cu-

79 2721 159 2769 ius
189 2723 267 2772 rei
289 2739 464 2773 caussa
500 2725 840 2790 potissimum
874 2725 930 2773 in
969 2723 1234 2774 sermonis
1258 2722 1489 2774 Romani
1519 2720 1600 2768 in-

81 2789 206 2839 dole
235 2792 550 2861 pedumque
585 2804 637 2844 et
658 2811 1015 2844 numerorum
1045 2802 1230 2842 natura
1258 2793 1429 2845 inesse
1452 2789 1599 2838 vide-

79 2868 180 2910 tur.
250 2863 332 2910 An
361 2880 490 2913 vero
529 2864 583 2913 in
612 2864 788 2915 verbis
821 2864 1040 2929 agrestia
1072 2872 1125 2913 et
1161 2862 1374 2912 soloeca
1403 2875 1598 2925 sequu-

128 2963 155 3008 ')
180 2964 303 2999 Horat.
322 2966 432 3000 Carm-
454 2969 523 3010 IV,
551 2970 614 3010 12,
638 2970 674 3005 9.
908 2969 954 3014 **)
963 2968 1135 3002 cf.Jortin
1154 2969 1284 3001 Tracts
1293 2967 1359 3000 To.
1370 2963 1540 3008 11‚p.136.
1563 2962 1597 2996 7·

150 3035 358 3100 VIRolL.
398 3038 538 3086 ΤοΜ.
574 3039 610 3085 Ι.
1286 3038 1317 3081 2
