1734 3320
166 224 269 308 480

165 345 301 399 Alba
321 364 503 415 neque
525 349 736 413 Assyrio
756 347 968 399 fucatur
987 350 1107 400 lana
1132 342 1367 416 veneno,

498 223 553 273 P.
589 222 952 275 VIRGILII
986 223 1370 275 MARONIS

1594 355 1698 405 465

163 422 277 470 Nec
301 419 432 468 casia
452 418 642 486 liquidi
667 421 1042 486 conrumpitur
1062 438 1189 471 usus
1212 421 1358 472 olivi:

165 492 234 555 At
254 506 438 540 secura
459 490 635 557 quieS‚
675 499 727 540 et
751 491 927 540 nescia
951 489 1136 542 fallere
1157 492 1285 556 vita,

212 629 283 667 465
299 628 481 678 fuscatur
503 638 654 676 quatuor
677 644 733 676 (ψ)
755 633 871 664 Burm.
906 644 983 664 cum
1006 632 1082 665 Erf.
1110 639 1147 664 et
1167 638 1242 665 tres
1273 631 1366 676 apud
1388 631 1696 679 Marti1ium‚qui

166 685 204 713 et
221 679 258 712 in
275 685 410 712 textum
429 677 576 722 recepit.
626 679 697 711 Sed
715 685 753 710 ut
772 692 822 711 vs.
843 691 918 733 seq..
935 687 1213 733 corrumpitur,
1238 678 1289 712 sic
1310 679 1346 713 h.
1364 678 1388 713 l.
1403 677 1583 726 fucatur,
1620 693 1698 715 cum

165 726 366 760 accessione
385 724 530 758 odiosae
552 724 729 767 notionis,
756 725 856 770 quasi
881 725 1045 767 vitiatur,
1083 725 1352 760 contaminatur.
1401 739 1469 761 nec
1493 727 1601 761 Goth.
1629 740 1696 772 pr„

165 780 206 807 ut
221 774 257 806 in
278 772 399 807 Servio
419 771 587 816 aliisque,
614 772 719 805 etiam
737 774 909 806 Romano.
949 773 1035 806 lena
1053 774 1143 807 Ven.

1221 771 1293 808 466
1318 773 1368 819 lzq
1371 773 1459 806 alda
1487 774 1596 809 Goth.
1624 787 1695 809 sec.

165 821 330 866 liquidae
351 820 471 854 οἰιυαε
491 831 509 852 e
527 819 628 853 Leid.
650 819 770 852 laudat
789 821 976 853 Burmann.
998 819 1043 852 ad
1069 819 1244 853 Samonic.
1267 820 1312 853 de
1334 785 1463 854 Medic.
1484 822 1564 856 961.
1601 823 1695 856 conf.

166 868 213 901 ad
228 868 300 901 Eol.
317 868 363 909 V,
388 867 444 902 68.
520 865 610 907 ,467

164 914 311 950 Mentel.
329 920 366 947 et
382 916 531 957 Menag.‚

167 1034 285 1073 citur.
317 1033 506 1071 Ceterum
524 1032 627 1071 haec
646 1033 787 1072 eadem
812 1033 900 1072 bre-

165 1093 276 1142 vius,
306 1104 382 1130 nec
403 1091 536 1130 minus
553 1098 688 1130 tamen
710 1091 900 1144 graviter,

167 1150 366 1203 expressit
400 1149 546 1189 Horat.
577 1152 806 1203 Forumque
836 1151 901 1188 vi-

166 1218 250 1259 tat,
292 1216 328 1246 et
361 1208 534 1259 superba
561 1210 714 1247 civium.
747 1209 900 1246 Poten-

103 1295 105 1300 ι
166 1270 313 1306 tiorum
339 1267 496 1305 limina.

224 1324 322 1367 463.
343 1323 441 1366 464.
472 1325 513 1363 Si
527 1339 611 1363 non
632 1324 806 1377 superba
824 1337 901 1376 pa—

164 1383 264 1423 latia
288 1383 486 1422 incolunt.
545 1383 612 1422 Ad
631 1383 824 1422 verbum:
857 1383 904 1420 Si

165 1457 246 1480 non
271 1440 449 1492 haben-t,
491 1447 534 1480 at
563 1455 684 1494 quam
722 1440 902 1494 splendi—

167 1501 257 1540 dius
295 1514 370 1553 pro
400 1513 469 1550 eo,
521 1501 703 1550 inhiant,
751 1499 902 1538 habere

166 1558 361 1612 cupiunt,
401 1558 434 1597 si
460 1573 543 1616 non
570 1558 721 1597 habere
741 1563 899 1607 curant,

155 1625 296 1671 postes
330 1618 465 1656 varios
495 1618 647 1668 pulcra
681 1616 875 1655 testudine
888 1646 898 1665 ,

164 1675 208 1716 h.
232 1675 342 1714 sores
373 1688 494 1727 opere
509 1675 735 1727 vai-iegato,
766 1680 901 1713 testu-

167 1734 299 1773 dineo.
329 1734 549 1786 Expressos
564 1733 664 1772 hinc
679 1733 791 1772 vides
807 1746 900 1771 ver-

166 1806 233 1831 sus
266 1792 421 1831 Lucani
447 1792 499 1841 X,
535 1794 628 1833 120.
660 1794 739 1832 121
788 1790 903 1829 Ebur

166 1852 273 1889 atria
299 1852 416 1889 veslit
430 1880 440 1899 ,
493 1851 548 1887 Ei
574 1849 732 1902 suffixa
773 1863 900 1886 manu

152 1907 320 1962 foribus
347 1907 555 1946 testudinis
595 1907 726 1946 Indae
764 1909 898 1958 Terga

165 1966 322 2016 sedent,
356 1965 487 2004 crebro
507 1966 693 2003 maculas
709 1965 899 2003 distincta

167 2024 420 2076 Zmaragdo.
444 2032 582 2073 vestes,
599 2023 807 2076 st1·agulaS‚
819 2038 900 2061 au-

166 2098 209 2121 ro
231 2084 403 2132 inlusas,
426 2081 467 2121 h.
490 2082 619 2135 pictas
645 2079 811 2135 (ludere,
833 2083 900 2120 lu-

165 2155 246 2191 sus,
279 2140 509 2190 ludibrium,
538 2137 683 2194 ῧβρις,
715 2146 811 2179 sunt
833 2154 903 2178 ar—

165 2199 283 2238 tificii
318 2206 509 2238 naturam
545 2198 742 2237 imitantis
772 2212 899 2238 voca-

163 2256 301 2312 bula),
332 2258 618 2310 Ephyreiaque
642 2272 763 2307 aera,
789 2257 899 2309 signa

166 2322 209 2355 et
226 2329 324 2355 vasa
344 2329 395 2354 ex
413 2329 503 2354 aere
528 2315 751 2354 Corinthio.

223 2373 321 2417 465.
342 2373 439 2416 466.
480 2374 521 2412 Si
554 2387 678 2426 porro
694 2386 770 2412 nec
794 2387 898 2426 pur-

164 2445 292 2486 purae
324 2445 399 2471 nec
436 2438 739 2484 unguentorum
778 2445 898 2470 usum

164 2489 332 2529 habent.
358 2490 490 2542 fucus
529 2489 578 2528 de
608 2490 804 2542 adoptato
826 2504 898 2528 co—

164 2547 252 2588 lore
292 2561 534 2600 quocunque
572 2549 878 2600 frequentatum
887 2563 899 2599 5

117 2610 119 2612 ’
165 2613 214 2646 ut
233 2612 274 2645 et
294 2621 491 2645 venenum
510 2606 559 2644 de
594 2607 737 2658 quovis
763 2620 896 2656 succo,

164 2664 348 2718 inprimis
369 2670 441 2703 aut
456 2664 651 2703 amariore
674 2670 746 2703 aut
764 2665 898 2703 acrio—

164 2737 223 2763 re.
252 2725 465 2775 Assyrium
491 2721 533 2762 h.
555 2722 582 2761 l.
607 2736 682 2774 pro
718 2723 835 2775 Syrio
858 2728 898 2760 et

164 2781 405 2831 Phoenicio,
445 2786 494 2819 ut
525 2780 764 2833 plerumque
791 2780 901 2833 apud

164 2845 306 2893 poetas
333 2839 400 2878 fit:
439 2838 496 2877 sic
517 2834 731 2891 Ἀσσύριον
764 2839 900 2887 ξεῖνον

166 2896 445 2952 accipiendum
472 2902 575 2949 puto
605 2896 654 2934 de
675 2902 900 2934 mercatore

165 2956 381 2996 Phoenicio
394 2954 504 3009 apud
516 2953 719 2994 Theocrit.
738 2954 785 3004 II,
805 2956 898 2996 162.

166 3030 265 3054 usus·
281 3016 391 3065 olivi,
411 3027 522 3054 nova
538 3011 799 3066 periphrasis,
817 3026 898 3064 quo

634 870 690 900 Ac
706 867 868 911 Longob.
919 867 994 901 Sed
1013 867 1123 900 Goth.
1144 879 1214 900 sec.
1249 869 1364 901 vitam
1387 868 1576 912 Romanus,
1605 869 1697 904 alter

558 913 653 959 quod
669 914 756 947 ferri
775 920 919 960 posset,
943 914 1119 960 praeferri
1137 914 1243 948 alteri
1261 925 1333 948 non
1353 920 1489 959 potest.
1607 917 1619 925 Χ

962 1034 1050 1086 quis
1068 1034 1216 1074 utitur.
1246 1033 1391 1073 Horat.
1414 1033 1491 1073 Od.
1506 1034 1622 1086 11131,
1639 1034 1695 1078 42

962 1093 1056 1131 Nec
1077 1107 1360 1145 purpurarum
1391 1093 1518 1131 sidere
1549 1095 1699 1133 clarior

959 1151 1121 1189 Delinit
1157 1166 1265 1190 usus.
1303 1150 1375 1198 ins.
1405 1150 1480 1201 III,
1515 1153 1598 1195 135
1627 1154 1697 1191 ni·-

959 1211 1040 1247 mio
1080 1224 1129 1247 ne
1168 1210 1270 1247 luxu
1306 1208 1481 1247 obtusior
1503 1225 1601 1248 usus
1632 1212 1696 1250 'Sit

955 1268 1132 1319 genitali
1152 1282 1264 1306 arvo.
1302 1267 1359 1304 De
1377 1269 1491 1305 casia
1503 1268 1588 1307 vid.
1606 1283 1694 1321 sup.

961 1325 1013 1363 ad
1036 1326 1116 1364 Ecl.
1136 1326 1184 1375 II,
1206 1323 1274 1368 49.
1294 1326 1438 1378 Georg.
1456 1326 1503 1376 ΙΙ,
1523 1329 1619 1368 212.
1643 1327 1697 1366 ad

961 1384 1108 1422 Tibull.
1132 1384 1160 1434 Ι,
1183 1386 1221 1433 3,
1249 1386 1316 1426 61.
1352 1383 1412 1423 At
1431 1382 1472 1423 h.
1497 1384 1523 1424 l.
1542 1385 1696 1425 intelli-

960 1442 1114 1493 gendus
1146 1448 1204 1480 est
1234 1443 1374 1481 frutex
1404 1442 1492 1492 ille,
1535 1442 1585 1482 de
1613 1457 1694 1496 quo

959 1501 1112 1540 Plinius
1141 1500 1220 1553 agit
1249 1501 1346 1550 XII,
1375 1498 1431 1542 43
1463 1506 1503 1539 et
1533 1501 1583 1540 de
1613 1516 1694 1554 quo

958 1559 1143 1611 inprimis
1197 1558 1400 1598 videndus
1451 1559 1695 1612 Haselquist.

958 1617 1090 1656 Huius
1112 1617 1239 1655 casiae
1251 1618 1358 1670 ligna
1379 1617 1601 1657 miscebant
1613 1633 1695 1658 un-

957 1676 1136 1728 guentis;
1166 1689 1257 1714 cum
1274 1675 1420 1728 vulgus
1443 1675 1530 1715 oleo
1552 1677 1693 1718 nativo

958 1740 1155 1773 uteretur.
1189 1734 1402 1786 Corrumpi
1417 1748 1510 1774 cum
1529 1735 1693 1787 dilectu,

957 1806 1034 1845 pro
1073 1792 1251 1842 misceri,
1301 1794 1542 1845 temperari,
1588 1809 1695 1846 quo-

958 1864 1119 1901 cunque
1144 1850 1289 1900 modo,
1319 1850 1361 1889 h.
1391 1851 1417 1890 l.
1444 1858 1583 1891 tamen
1602 1867 1695 1892 cum

956 1909 1148 1947 adiuncta
1189 1909 1387 1960 notione:
1433 1910 1477 1949 in
1517 1910 1694 1950 deterius

956 1967 1226 2006 mutationem
1254 1967 1363 2007 fieri:
1404 1974 1453 2007 ut
1489 1969 1692 2021 vitiatum,

959 2026 1305 2075 contaminatum,
1365 2026 1427 2065 sit.
1486 2024 1694 2082 (exempla

957 2083 1080 2123 huius
1094 2083 1310 2122 locutionis
1329 2084 1412 2124 vid.
1433 2085 1544 2137 apud
1563 2087 1694 2139 (ἴθι-(1.5
1723 2095 1730 2098 ’

956 2142 1159 2182 Iacobsius
1178 2142 1321 2181 laudat
1350 2143 1554 2183 Plutarch.
1579 2146 1624 2185 T.
1644 2146 1692 2186 ΙΙ.

956 2215 996 2254 p
1018 2204 1114 2243 393.
1144 2201 1207 2239 C·:
1240 2197 1316 2251 ,,τά
1348 2217 1577 2256 μιγνυμενα
1608 2221 1693 2246 των

957 2254 1183 2313 χρωμάτων
1203 2275 1243 2300 οι.
1232 2259 1406 2313 ’“βαφεΐς
1425 2261 1691 2331 φθείρεσθαι,

956 2334 1026 2359 και
1045 2314 1216 2369 φθορὰν
1235 2334 1312 2371 την
1340 2319 1452 2372 μίξιν
1474 2314 1692 2373 ὀνομαζου-

958 2388 1034 2418 σιν.
1052 2378 1076 2398 “
1111 2373 1224 2429 Wr.)

1014 2432 1112 2476 467.
1142 2448 1282 2472 secura
1301 2435 1425 2486 quies,
1464 2447 1584 2486 quam
1603 2436 1691 2487 quis

957 2492 1038 2544 agit
1063 2504 1213 2530 secure.
1274 2492 1339 2530 Sic
1365 2492 1408 2530 in
1439 2492 1579 2532 Bucol.
1603 2502 1691 2533 tuta

955 2551 1064 2589 valle
1078 2580 1089 2598 ,
1119 2550 1160 2590 in
1191 2563 1270 2601 qua
1297 2549 1384 2601 quis
1416 2556 1532 2589 tutus
1550 2565 1691 2590 versa·
1732 2573 1734 2577 .

955 2614 1038 2646 tur.
1075 2608 1224 2647 Lucan.
1246 2607 1294 2656 V,
1313 2607 1398 2649 526
1418 2609 1588 2648 Securus
1605 2609 1690 2649 bel-
1732 2622 1733 2625 ’

955 2666 1012 2713 li5
1036 2665 1241 2716 praedam
1258 2664 1443 2704 civilibus
1463 2669 1588 2705 armis
1607 2668 1692 2708 Scit
1732 2696 1734 2698 -

956 2737 1036 2761 non
1056 2738 1138 2761 esse
1159 2738 1291 2761 casas,
1332 2723 1422 2762 Hoc
1440 2725 1688 2777 expeditum.

958 2779 1014 2819 At
1036 2783 1172 2819 nescia
1185 2780 1341 2832 fallere
1373 2784 1461 2821 vita
1492 2784 1549 2822 nil
1579 2784 1690 2824 aliud
1726 2784 1734 2806 ·’

959 2851 1041 2876 esse
1081 2844 1214 2891 potest
1233 2869 1244 2889 ‚

1292 2853 1413 2891 quam
1458 2843 1545 2880 vita
1583 2850 1686 2893 tuta,
1730 2881 1734 2890 ,-

960 2891 1175 2950 ασφαλής,
1216 2903 1348 2948 certa,
1380 2897 1501 2937 nullis
1532 2900 1690 2939 casibus
1728 2900 1734 2906 ’

958 2954 1139 3007 adeoque
1150 2968 1224 2994 nec
1238 2928 1366 2995 mettii
1382 2956 1570 2997 obnoxia.
1600 2957 1689 2997 An-
1730 2981 1734 3003 ;

957 3018 1174 3054 tecesserat
1192 3028 1333 3053 secura
1353 3016 1479 3067 quies.
1528 3016 1690 3058 Scilicet

1726 2992 1734 3043 l

1723 3295 1726 3298 ’
1719 3286 1721 3288 ’
1723 3264 1727 3266 ⁴
1719 3081 1734 3230 ...nmmum—Ah
