1734 3320
178 244 280 293 396
505 242 559 293 P.
597 241 951 293 VIRGILII
998 202 1374 292 MARoNis

176 368 276 418 Hic
300 365 506 434 plantas
540 375 732 418 tenero
768 366 1086 417 abscindens
1112 366 1181 417 de
1212 384 1440 434 corpore
1467 377 1701 419 matrum

176 437 442 505 Deposuit
464 436 645 500 sulcis3
682 437 770 486 hic
795 438 985 504 stirpes
1010 437 1191 487 obruit
1216 454 1366 502 arm,

180 505 630 574 Quadrifidasque
655 507 816 557 sudes
843 516 896 557 et
916 516 1072 557 acuto
1092 508 1295 558 robore
1315 506 1505 570 vallos;

180 578 552 644 Silvarumque
576 577 706 627 aliae
728 594 944 644 pressos
963 578 1272 645 propaginis
1296 595 1445 628 arcus

248 678 330 726 23.
364 685 649 721 ABscmENS

1635 512 1702 562 25

226 802 274 838 23
300 802 373 835 Hic
397 800 556 848 plantas
587 808 740 833 teneras
764 798 985 834 abscindens
1009 811 1164 846 corpore
1189 812 1236 834 m.
1261 811 1348 834 unus
1374 799 1543 834 Arundel.
1584 798 1705 833 absci-

180 848 272 883 dens
287 847 447 893 reposuit
467 846 588 881 Heius.
606 846 767 881 codicum
784 846 920 892 aliquot
936 846 1160 881 auctoritate.
1211 846 1430 881 abscindens
1448 847 1553 892 vulgo
1576 847 1706 881 scribi-

178 902 254 937 tur3
286 895 335 929 ita
355 902 471 928 tamen
492 900 528 927 et
545 893 674 928 Medic.
723 894 873 928 Omnino
894 906 937 928 ex
956 894 1023 927 hac
1040 894 1212 928 varietate
1230 893 1323 928 nihil
1339 894 1471 928 inferre
1492 894 1598 937 licet,
1630 906 1707 928 cum

179 950 352 989 perpetua
371 941 442 975 sint
461 940 687 975 librariorum
704 941 859 975 ludibria
880 941 917 974 in
937 940 1122 984 abscisas,
1155 941 1359 984 abscissus,
1394 948 1430 975 et
1450 941 1500 976 sic
1519 941 1557 975 in
1577 941 1707 975 simili-

178 991 256 1024 bus.
294 997 459 1023 tenerum
478 988 586 1022 Goth.
603 1000 657 1033 pr.
705 991 753 1022 At
772 987 930 1022 tenerior
945 988 1082 1022 arboris
1102 1001 1185 1035 pars
1208 996 1261 1023 est
1276 988 1396 1022 eadem
1416 988 1499 1032 illa,
1549 1001 1593 1022 ua
1611 988 1706 1022 stolo
1729 1002 1734 1004 -

178 1036 409 1083 propullulat.
457 1035 620 1081 (Infinitis
646 1035 734 1069 locis
760 1042 1003 1082 permutantur
1026 1035 1118 1070 inter
1144 1049 1183 1070 se
1206 1035 1421 1070 abscindere
1443 1043 1479 1070 et
1499 1048 1525 1069 a
1548 1035 1706 1077 scidere,

179 1090 218 1118 ut
239 1090 396 1126 ceteros,
423 1082 483 1128 qui
504 1082 577 1116 eius
595 1082 648 1116 rei
666 1083 825 1128 exempla
844 1083 1054 1126 attulerunt,
1078 1083 1257 1126 omittam,
1282 1083 1352 1118 vid.
1371 1083 1549 1117 Drakenb.
1569 1082 1615 1116 ad
1630 1082 1706 1117 Liv.

178 1132 320 1174 XXXI,
336 1130 394 1173 34,
412 1128 446 1165 4.
495 1130 599 1164 Haud
617 1129 668 1165 ita
688 1130 834 1165 difficile
853 1131 941 1173 erit,
964 1130 1139 1174 iudicare,
1159 1130 1244 1177 quid
1265 1130 1389 1176 cuique
1406 1129 1488 1165 loco
1510 1129 1707 1173 conveniat,

179 1178 210 1212 si
234 1178 304 1212 hoc
334 1177 565 1212 tenuerimus:
599 1178 787 1212 abscidi
811 1177 947 1224 aliquid
979 1178 1115 1220 cultro,
1149 1190 1253 1219 ense3
1288 1175 1507 1213 abscindi
1534 1189 1610 1212 rem
1639 1176 1708 1212 alia

178 1225 295 1272 aliqua
315 1224 370 1269 vi,
405 1224 570 1271 idemque
588 1226 664 1259 fere
686 1238 763 1259 esse
780 1224 1013 1268 abscindere,
1048 1225 1144 1271 quod
1166 1226 1347 1266 avellere3
1383 1223 1570 1260 abscidi
1592 1231 1708 1259 autem

177 1273 349 1307 translate
373 1272 444 1306 dici
467 1272 570 1306 etiam
588 1272 632 1306 de
653 1271 708 1315 iis,
730 1285 820 1318 quae
839 1272 1012 1318 quandam
1027 1273 1161 1306 habent
1177 1272 1441 1306 similitudinem
1459 1285 1536 1307 cum
1552 1284 1592 1306 re
1610 1273 1706 1306 ferro

178 1327 334 1354 resecta:
367 1319 450 1354 hinc
474 1331 650 1365 rupem,
683 1332 822 1365 spem,
858 1319 1121 1353 orationem
1151 1319 1381 1354 abscisam
1409 1319 1595 1354 dicendam
1616 1331 1706 1360 esse,

176 1379 249 1401 non
268 1368 319 1402 ab
331 1380 347 1401 s
359 1367 452 1401 ciss
464 1379 541 1401 am.
588 1369 661 1400 Iam
680 1379 764 1402 vero
786 1366 943 1401 stolones
964 1379 1040 1401 cum
1060 1366 1158 1400 fibris
1177 1367 1376 1400 avelluntur
1395 1367 1439 1400 ab
1462 1367 1590 1401 arbore
1602 1392 1611 1409 ‚
1635 1378 1707 1400 non

177 1415 404 1456 reciduntur3
438 1422 542 1460 atque
562 1420 601 1447 ut
621 1414 692 1448 hoc
711 1414 955 1448 avellendi
979 1414 1088 1448 verbo
1105 1414 1226 1448 Latini
1246 1413 1440 1459 scriptores
1459 1414 1505 1448 ad
1530 1426 1607 1448 eam
1633 1426 1708 1447 rem

179 1462 443 1507 significandam
468 1468 630 1505 utuntur,
662 1461 712 1495 ita
732 1461 860 1496 Graeci
881 1461 991 1495 verbo
1012 1461 1244 1506 παρασπᾶν,
1280 1461 1376 1508 quod
1403 1468 1456 1495 est
1482 1459 1708 1503 abscindere,

178 1521 251 1544 non
269 1508 468 1544 abscidere.
516 1510 639 1555 Itaque
660 1508 898 1550 abscindens,
925 1508 1010 1543 licet
1035 1509 1273 1554 improbatum
1296 1508 1415 1543 Cortio
1435 1508 1482 1542 ad
1501 1509 1630 1543 Lucan.
1648 1509 1708 1550 111,

177 1558 236 1594 33.
248 1584 257 1600 ‚
286 1556 442 1603 reposui.

177 1611 240 1651 pta
258 1616 287 1638 s.
331 1604 426 1648 Wr.)
521 1605 569 1640 26
593 1604 663 1638 alii
689 1603 791 1637 Leid.

517 1576 563 1582 —-
587 1557 645 1592 24.
670 1557 758 1590 ltine
775 1555 904 1590 Medic.
927 1569 947 1590 a
965 1568 1012 1590 m.
1036 1569 1109 1601 pr.;
1133 1556 1228 1590 idem
1247 1557 1382 1603 stirpe,
1407 1555 1471 1590 sed
1490 1567 1598 1600 supra
1616 1554 1708 1589 seri—

883 1604 942 1639 26.
967 1605 1014 1639 27
1037 1605 1166 1650 flexos
1193 1604 1416 1651 propaginis
1441 1615 1552 1637 arcas
1578 1603 1709 1637 Nexae

179 1659 349 1699 spectant
377 1651 519 1686 codices
550 1651 690 1698 quidam
718 1651 813 1697 apud
833 1650 991 1685 Servium
1027 1651 1073 1685 ad
1101 1654 1185 1685 Aen.
1211 1651 1285 1694 IV,
1312 1651 1394 1687 231.
1445 1649 1591 1696 (steph.
1621 1649 1706 1683 edit.

179 1699 259 1733 Nec
278 1698 343 1744 se.)

179 1805 250 1845 bor
271 1805 440 1843 ostendit
459 1806 612 1843 miseris
628 1819 802 1858 ustisque
819 1819 914 1843 ma-

176 1866 306 1916 gister
342 1863 528 1902 Tradidit
562 1864 767 1915 agricolis.
808 1863 914 1902 conf.

178 1922 250 1961 ins.
267 1921 333 1971 IV,
347 1921 443 1964 315.
458 1923 555 1963 316.
574 1921 604 1971 Ι,
621 1923 716 1971 133,
736 1927 776 1960 et
794 1934 917 1973 prae-

181 1980 314 2019 clarus
328 1979 503 2018 Lucretii
522 1979 648 2029 locus,
671 1979 740 2031 qui
758 1979 918 2018 Maroni

179 2037 385 2092 praeluxit
401 2037 470 2076 lib.
486 2037 533 2087 V,
557 2040 667 2079 1360
685 2051 769 2090 sqq.
811 2039 918 2077 Sunt

180 2103 318 2136 autem
343 2096 456 2135 modi
480 2094 542 2135 ln‘:
590 2096 819 2146 avulsione,
851 2098 919 2134 ine-

167 2155 354 2208 sossione
368 2185 379 2204 ,
404 2155 731 2206 propagatione,
772 2169 917 2192 surcu-

180 2214 220 2252 lo
238 2243 249 2263 ,
299 2214 524 2251 concisione
547 2242 557 2262 ,
617 2214 816 2251 insitione.
864 2212 915 2251 cf.

179 2271 332 2310 Plinius
350 2270 477 2319 XVII,
500 2273 566 2320 10,
593 2284 622 2309 s,
654 2273 694 2312 9.
754 2270 915 2321 Omnia,

181 2342 283 2381 quae
304 2333 553 2380 sequuntur,
587 2341 679 2367 cum
707 2341 759 2367 ex
775 2329 917 2367 eodem

179 2387 308 2427 Plinio
334 2392 375 2425 et
403 2387 510 2437 aliis,
552 2392 644 2426 tum
661 2387 843 2439 inprimis
864 2400 916 2426 ex

181 2444 463 2497 Theophrasto
502 2444 551 2482 de
595 2445 753 2484 Caussis
785 2445 916 2484 Plant.

179 2504 248 2543 lib.
267 2504 284 2542 Ι
309 2509 350 2541 et
370 2503 474 2542 Hist.
496 2503 627 2542 Plant.
653 2503 720 2542 lib.
750 2503 786 2541 ΙΙ
803 2516 917 2555 egre-

180 2562 240 2614 gie
258 2561 454 2600 illustrari
473 2567 646 2613 possunt
659 2591 670 2610 ,
709 2567 758 2599 ut
776 2561 856 2599 iam
873 2562 916 2600 in

179 2620 317 2659 multis
346 2620 475 2658 secere
502 2619 670 2658 Ursinus
699 2633 746 2657 ac
772 2619 914 2658 Cerda.

180 2677 247 2717 Ad
274 2691 361 2717 rem
387 2677 610 2716 tenendum
635 2676 733 2727 hoc,
783 2677 915 2729 pluri-

180 2737 257 2777 bus
274 2735 404 2775 modis
424 2735 593 2773 eandem
608 2735 794 2773 arborem
809 2735 916 2787 gigni

180 2807 315 2849 posse;
344 2807 396 2833 ne
419 2799 537 2847 putes
562 2792 724 2844 singulis
754 2793 916 2832 arbori-

180 2854 258 2894 bus
282 2866 411 2892 unum
430 2851 598 2890 tandem
624 2850 793 2889 modum
815 2865 915 2889 con-

180 2911 344 2962 venire3
385 2916 446 2949 est
471 2915 606 2948 tamen
634 2909 711 2947 alia
726 2908 792 2948 alii
809 2909 915 2948 ratio

181 2970 334 3010 utilior.

241 3030 308 3070 23.
339 3025 452 3065 Alius
492 3025 667 3066 avellens
695 3025 864 3063 stolones
896 3037 918 3062 e

970 1804 1108 1844 radice
1134 1802 1235 1858 (vid.
1251 1817 1293 1844 v.
1305 1802 1376 1859 17)
1395 1804 1509 1844 fossis
1529 1802 1602 1859 (sie
1619 1805 1707 1843 sul-

972 1878 1043 1902 cas
1064 1863 1133 1902 inf.
1157 1861 1260 1916 289)
1277 1875 1348 1901 seu
1366 1862 1576 1902 scrobibus
1589 1877 1708 1902 man-

975 1921 1058 1960 dat.
1088 1920 1172 1960 vid.
1201 1920 1302 1959 Plin.
1337 1920 1462 1970 XVII,
1494 1923 1560 1970 10,
1584 1935 1615 1960 s·
1641 1923 1727 1963 13.Ἰ

972 1979 1106 2018 Idem:
1143 1978 1316 2029 Omnia,
1349 1978 1502 2031 inquit,
1543 1980 1708 2018 celerius

974 2038 1210 2076 adolescant
1268 2036 1487 2075 stolonibus
1533 2036 1706 2086 ablatis,

975 2110 1179 2148 unamque
1195 2097 1239 2133 in
1256 2097 1422 2147 stirpem
1438 2095 1610 2134 redactis
1624 2096 1708 2134 ali-

975 2156 1138 2203 mentis,
1168 2152 1265 2193 ibid.
1288 2156 1354 2204 13,
1365 2167 1395 2193 s.
1407 2156 1476 2195 20.
1506 2153 1568 2192 Ita
1586 2153 1708 2192 avul-

974 2214 1084 2250 sione
1107 2212 1271 2251 arbores
1289 2211 1553 2265 proveniunt.

1033 2268 1102 2312 24.
1121 2269 1234 2309 Alius
1256 2269 1402 2309 modus
1420 2275 1491 2320 est,
1522 2283 1604 2321 quo
1619 2268 1708 2321 quis

974 2336 1154 2378 truncos,
1186 2342 1257 2368 seu
1277 2327 1475 2367 vastiores
1501 2341 1635 2367 ramos
1662 2341 1708 2365 ac

973 2386 1100 2425 taleas
1121 2386 1166 2425 in
1199 2386 1282 2440 pali
1310 2386 1478 2425 modum
1504 2391 1577 2425 aut
1604 2399 1708 2437 qua-

976 2444 1192 2498 dripartito
1219 2445 1352 2494 fissas,
1384 2458 1474 2482 cum
1491 2443 1708 2493 radicibus,

976 2505 1019 2540 in
1039 2511 1184 2541 terram
1203 2503 1360 2554 infodit.
1392 2503 1440 2541 cs.
1460 2501 1560 2540 Plin.
1580 2501 1707 2551 XVII,

978 2563 1044 2610 17,
1064 2575 1094 2599 s,
1118 2563 1188 2602 27.
1219 2561 1373 2599 Colum.
1387 2574 1479 2598 cum
1498 2559 1603 2609 alibi,
1617 2565 1708 2598 tum

973 2618 1021 2667 V,
1041 2621 1080 2667 9,
1099 2621 1138 2660 3.
1178 2618 1271 2666 Quo
1290 2618 1517 2670 prodigium
1539 2623 1706 2671 spectat,

973 2675 1084 2727 quod
1111 2675 1327 2727 aliquando
1353 2675 1471 2714 hasta
1496 2689 1644 2715 cornea
1664 2675 1708 2714 in

972 2739 1126 2772 terram
1164 2733 1298 2773 defixa
1329 2735 1372 2773 in
1407 2735 1595 2774 arborem
1632 2746 1707 2773 ex-

973 2791 1113 2830 crevit.

1030 2852 1099 2891 26.
1129 2852 1197 2891 27.
1252 2850 1414 2889 Tertius
1463 2849 1610 2889 modus
1658 2849 1708 2889 fit

968 2908 1213 2959 propagine.
1286 2908 1342 2946 Ut
1379 2908 1476 2947 aliae
1499 2938 1509 2958 ,
1553 2907 1706 2960 inquit,

975 2966 1138 3005 arbores
1159 2965 1405 3018 proveniant
1424 2996 1435 3016 ,
1474 2966 1708 3005 incurvatas

974 3024 1018 3062 in
1040 3030 1194 3064 terram
1210 3024 1352 3064 scrobe
1362 3024 1471 3064 facto
1494 3022 1707 3064 demittere
