1734 3320
287 239 780 297 GEoRGICON
814 246 957 298 LIB.
988 248 1088 311 lv,
1122 255 1345 304 36—46
1472 215 1579 307 601ι

2 412 3 415 ι
28 369 471 440 Pumicibusque
491 371 629 422 cavis
652 388 948 439 exesaeque
967 372 1172 424 arboris
1192 385 1359 430 antro,
1416 424 1419 426 .

1 440 57 507 ᾗῇ
114 464 121 485 ι
159 449 345 493 tamen
372 458 403 507 e
422 440 528 492 levi
550 441 750 491 rimosa
776 442 967 493 cubilia
990 442 1123 493 limo
1507 448 1576 505 4'5

2 505 458 582 ρ’ᾙὴςὺεΐονεηε
488 512 715 577 circum,
754 521 808 563 et
832 529 976 563 raras
998 514 1326 581 *superiniice
1351 516 1575 574 frondis,

117 607 203 659 46.
239 619 406 656 summ
434 621 601 656 muer.

93 753 144 794 44
164 755 262 792 ilicis
277 766 390 793 ωηο
409 758 465 793 ed.
490 759 581 793 Ven.
606 759 700 794 conf.
720 760 786 794 Ge.
808 761 849 801 n,
871 758 956 796 453.
1004 757 1151 795 arboris
1179 761 1268 796 alvo
1293 763 1398 797 codd.
1417 765 1578 799 nonnulli

20 804 144 851 opud
162 804 335 848 Pion-ium,
366 805 460 839 liber
482 806 625 849 Ursini,
649 808 814 852 Menag.‚
838 818 904 852 pro
926 806 1043 841 alveo.
1068 807 1139 842 vid.
1157 808 1278 844 Heius.
1326 810 1398 844 Sed
1414 811 1577 846 macrob.

13 854 24 872 '⁴
43 853 121 887 sat.
139 852 202 894 vl,
225 854 248 889 7
272 854 608 899 antrum‘aguoscit
631 862 665 888 et
683 865 750 899 pro
773 866 924 888 caverna
941 854 1138 889 insolenter
1166 856 1254 901 poni
1279 863 1391 892 notat.
1491 859 1538 895 45
1557 872 1579 893 e

5 907 11 945 J
23 902 30 921 Γ
46 903 167 934 tuetur
185 899 306 934 Heins.
326 911 346 934 e
362 894 492 934 Medic.
511 908 548 935 et
570 901 652 948 aliis
666 901 918 948 compluribuS.
967 901 1086 946 Vulgo
1104 911 1159 946 et,
1182 903 1278 948 quod
1296 904 1450 950 Nauger.
1475 905 1575 940 intu-

13 959 29 985 „ss
45 945 110 989 lit,
132 946 230 981 haud
249 947 426 990 deterius,
460 954 647 994 utrumque
665 949 828 993 agnoscit
849 952 947 983 Serv.
972 949 1074 982 abest
1086 958 1271 996 utrumque
1287 951 1385 986 Tou.
1418 952 1574 999 (Reliqui

6 1036 10 1039 η
45 992 139 1028 hoec
153 993 225 1036 ita,
247 1000 290 1027 nt
306 995 351 1028 ab
370 995 507 1037 Heius„
530 997 657 1037 Bunn„
682 996 822 1041 Heynio
843 996 938 1030 edita
968 1003 1060 1030 sunt.
1107 997 1211 1031 Plura
1233 997 1326 1031 enim
1350 998 1409 1032 hic
1428 999 1576 1043 incerta,

7 1057 14 1071 ι
46 1051 138 1087 quae
167 1040 334 1088 expedita
354 1042 481 1085 malis,
502 1051 687 1089 antequam
709 1043 921 1076 sententiam
947 1043 1052 1076 feras.
1099 1044 1253 1079 Primum
1270 1045 1436 1079 Heinsius
1455 1059 1476 1080 e
1498 1048 1576 1082 levi

14 1101 16 1103 ’
44 1086 84 1122 in
101 1088 232 1131 Medic.
250 1087 421 1135 seriptum
442 1101 519 1123 esse
539 1090 609 1131 ait;
643 1096 681 1123 at
696 1090 845 1135 Foggin.
866 1090 1027 1124 exhibuit
1053 1099 1090 1124 et
1105 1091 1180 1125 levi
1191 1091 1232 1136 ⁸).
1280 1094 1371 1126 Tum
1397 1104 1469 1127 non
1487 1095 1574 1129 satis

4 1146 14 1180 ἢ
33 1140 146 1170 ‘certa
162 1134 272 1170 lectio
288 1137 326 1170 iu
345 1136 489 1177 Servio3
523 1137 553 1171 is
581 1136 702 1180 „Alii,
728 1137 862 1183 inquit,
896 1141 947 1171 Et
962 1138 1038 1171 levi
1050 1137 1182 1183 legunt.
1234 1141 1332 1173 Unus
1355 1147 1473 1174 tamen
1489 1154 1577 1175 sen-

11 1204 14 1211 =
45 1193 106 1217 m
128 1190 310 1217 &Luam
325 1183 396 1218 hoc
412 1184 519 1218 dicit:
544 1185 641 1230 quod
666 1184 750 1218 illae
767 1184 874 1219 nimio
901 1184 1028 1218 labore
1056 1186 1261 1230 perficiunt,
1291 1194 1330 1223 tu
1351 1200 1370 1221 e
1395 1186 1466 1221 levi
1483 1201 1575 1235 unge

45 1228 177 1264 rimosa
198 1230 330 1265 cubilia
360 1231 616 1266 circumfovens
644 1231 741 1266 limo.
751 1235 773 1251 “
822 1236 867 1266 At
895 1240 991 1266 recte
1013 1233 1245 1267 Burmannus:
1270 1234 1445 1276 „Servius
1468 1236 1577 1270 alium

0 1283 27 1320 ζ
46 1275 208 1312 ordinem
226 1278 502 1313 constructionis
522 1279 664 1313 videtur
686 1286 824 1313 secutus
838 1306 847 1322 ‚
874 1287 909 1313 et
926 1292 947 1312 e
964 1279 1040 1313 levi
1055 1281 1247 1325 separatim
1269 1293 1425 1326 ponere,
1450 1284 1577 1317 eodem

0 1329 18 1371 ζ,
43 1324 175 1368 modo,
209 1332 249 1359 ut
266 1337 287 1359 e
293 1324 411 1373 facili
419 1352 429 1368 ,
460 1339 481 1360 e
496 1335 599 1368 tuto,
633 1333 670 1360 et
700 1326 827 1360 similia
847 1333 1054 1366 occurrunt3
1080 1347 1125 1352 —
1145 1347 1191 1354 —-
1218 1341 1298 1362 nam
1319 1329 1471 1375 opponit
1487 1333 1576 1365 Ser-

0 1375 18 1413 ''-‚
45 1370 124 1406 vim
147 1371 295 1407 nimio
317 1373 487 1408 labori.
536 1374 608 1408 Sed
627 1373 697 1408 hoc
715 1374 913 1420 procedere
931 1385 1001 1407 non
1021 1381 1161 1420 potest,
1194 1375 1276 1421 quia
1297 1387 1340 1410 eo
1370 1388 1474 1410 sensu
1495 1377 1577 1424 pri-

0 1432 11 1461 ῑ
44 1431 102 1454 m
119 1419 159 1453 in
177 1419 255 1454 levi
269 1419 380 1454 debet
395 1420 541 1467 corripi.
590 1423 707 1463 Quare
725 1421 756 1454 si
783 1420 834 1455 ita
851 1433 981 1467 capere
1005 1421 1115 1464 libet,
1140 1422 1328 1468 legendum
1359 1423 1436 1457 siue
1465 1425 1575 1459 dubio

44 1479 68 1501 e
86 1466 207 1502 leni.“
254 1467 407 1513 Egregie
434 1480 521 1502 vero
549 1470 783 1509 Burmannus3
819 1475 856 1502 et
885 1469 935 1502 ita
964 1468 1069 1514 plane
1096 1470 1175 1503 cod.
1200 1471 1336 1512 Dresd„
1371 1483 1414 1504 ex
1433 1483 1504 1517 quo
1523 1472 1576 1507 ita

0 1512 12 1546 *1
43 1513 213 1549 sen-vinna
236 1515 432 1549 constitue:
480 1517 539 1558 „E
566 1517 678 1549 LEVI
702 1517 875 1559 RJMOSA
893 1517 1076 1550 CUBlLlA
1094 1517 1231 1550 LIMO:
1263 1517 1335 1551 Alii
1357 1526 1394 1551 et
1419 1519 1496 1552 levi
1516 1518 1575 1553 le-

0 1560 18 1605 ξι
43 1567 153 1607 gunt:
187 1573 276 1595 nnus
303 1569 424 1596 tamen
451 1575 575 1597 sensus
603 1570 669 1597 est.
718 1563 789 1596 Alii
813 1572 850 1596 et
877 1563 955 1597 leni
977 1563 1122 1608 legunt:
1154 1576 1235 1598 nam
1257 1564 1328 1599 hoc
1346 1564 1481 1599 dicit:“
1506 1573 1576 1601 etc.

43 1609 166 1654 Itaque
181 1609 358 1655 triplicem
383 1609 574 1644 lectionem
593 1622 885 1644 commemorasse
910 1611 1086 1655 putandus
1118 1618 1173 1645 est
1190 1612 1342 1646 Servius.
1392 1612 1577 1657 Duplicem

0 1655 207 1702 fflqddem,
232 1664 270 1691 ut
293 1657 435 1702 vulgata
462 1658 705 1704 Exemplar-ia,
728 1657 890 1703 agnoscit
918 1658 1025 1691 etiam
1051 1659 1142 1692 Edit.
1161 1659 1277 1701 basil„
1303 1659 1366 1693 sed
1385 1659 1435 1693 ita
1449 1686 1459 1702 ,
1483 1668 1521 1694 ut
1541 1668 1577 1695 et

43 1702 125 1749 ipsa
145 1715 213 1749 pro
234 1712 272 1737 et
289 1704 365 1738 levi
379 1705 550 1751 praebeat
573 1714 610 1739 et
627 1705 713 1739 leni.
762 1705 926 1738 Ceterum
946 1719 966 1738 e
988 1706 1074 1740 limo
1096 1719 1144 1740 un
1176 1719 1266 1739 uere
1284 1707 1439 1740 illustrat
1456 1709 1573 1742 Burm.

0 1749 17 1793 ’μ
45 1762 90 1785 ει
105 1750 310 1786 auctoribus
328 1751 382 1785 rei
402 1752 572 1787 medicae.
602 1755 658 1787 W
655 1752 699 1796 r.)
749 1752 881 1787 limosa
906 1752 1042 1786 Zulich.
1091 1766 1135 1786 cu
1160 1753 1261 1786 icula
1287 1754 1424 1788 Bodlei.
1471 1755 1574 1789 limo:

0 1795 14 1844 ὲ
43 1799 86 1833 In
103 1798 297 1833 Deelamat.
314 1799 423 1842 XIII,
456 1812 492 1845 p.
517 1800 588 1836 275
607 1799 663 1833 ed.
692 1800 808 1833 Burin.
836 1799 897 1833 ubi
912 1799 971 1833 hic
989 1800 1088 1834 locus
1108 1812 1294 1846 expressus
1315 1808 1387 1834 est:
1412 1801 1575 1835 Iuvabat

0 1850 13 1890 ’ξ
45 1853 114 1880 ωε
129 1845 235 1880 lema
251 1847 391 1880 vimina
407 1848 533 1881 vernis
550 1846 697 1894 fetibus
715 1855 860 1888 texere,
885 1847 1138 1881 ‹et—hiantes
1164 1849 1279 1881 rimas
1303 1850 1427 1882 tenaci
1454 1850 1573 1882 linere

0 1890 15 1968 ξ,
36 1892 153 1938 fimo,
185 1900 289 1940 putes
320 1905 398 1927 eum
422 1893 556 1939 legisse
584 1893 663 1928 h.1.
682 1894 790 1939 fimo.
839 1894 911 1928 Sed
938 1894 1019 1928 luto
1040 1902 1078 1927 et
1101 1894 1196 1939 fimo
1224 1902 1277 1928 est
1305 1895 1342 1928 in
1371 1895 1575 1930 Columella.

42 1939 93 1976 46
108 1938 252 1988 favens
265 1940 362 1975 Tou.
396 1941 633 1989 (superiniice
651 1941 703 1975 sic
722 1941 868 1975 iunctim
883 1941 1030 1985 scripsi3
1063 1949 1100 1976 et
1125 1949 1245 1975 amant
1267 1950 1394 1988 poetae
1412 1943 1576 1987 longiora

43 1986 82 2022 in
103 1987 219 2022 altera
246 1987 442 2022 hexametri
465 1995 567 2034 parte
593 1989 785 2030 vocabula,
821 2000 893 2022 non
913 1989 1000 2022 item
1020 1988 1058 2022 in
1074 1988 1208 2035 priore.
1254 1990 1427 2024 Fronde-s·
1442 1990 1573 2025 Medic.

0 2034 13 2073 ἒ
44 2034 208 2069 ceterum
226 2035 364 2070 densas
382 2036 680 2082 exspectaverim,
704 2047 777 2069 non
798 2047 921 2071 raras.
950 2038 1008 2070 W
1003 2036 1048 2080 r.)

0 2095 11 2143 's'
26 2154 31 2158 ⁴
91 2108 123 2155 ⁸³)
146 2110 226 2144 Hoc
242 2109 282 2144 in
296 2109 376 2156 ipso
395 2109 521 2144 codice
538 2108 675 2144 invenit
691 2108 916 2155 Freytagius.

0 2213 7 2232 '
43 2218 132 2265 lent
145 2217 259 2258 intus
276 2217 320 2255 in
345 2216 574 2269 pumicum,
605 2231 637 2256 s.
658 2231 783 2256 saxo-
828 2215 1004 2268 fovens,
1042 2215 1123 2261 hoc
1138 2217 1299 2268 poefico
1328 2224 1479 2256 ornatu
1497 2217 1575 2256 ad-

0 2286 7 2294 *
44 2290 161 2327 rum,
194 2282 244 2316 ut
266 2275 383 2314 [liad-
404 2276 443 2327 β,
475 2277 543 2317 87.
574 2277 630 2318 88
658 2275 783 2314 arbo-

1 2339 5 2341 ’
44 2347 220 2387 rumque
251 2333 517 2372 cavitau‘bus:
554 2333 666 2372 unde
704 2334 785 2372 mel

3 2400 12 2411 *
44 2399 254 2446 repertum
266 2392 311 2431 in
322 2391 432 2430 cavis
448 2391 642 2431 arborum
660 2398 784 2431 trun-

47 2452 104 2491 cis
134 2458 177 2491 et
203 2452 248 2490 iu
267 2450 436 2503 rupium
465 2450 587 2490 cavis.
616 2450 783 2489 enssin.

45 2510 120 2559 xl,
146 2512 213 2560 18,
235 2524 266 2548 s.
287 2512 354 2551 19.

104 2568 174 2611 45.
215 2567 285 2609 46.
345 2565 480 2620 Apum
536 2565 784 2618 diligentiam

47 2626 190 2679 apiarii
211 2639 336 2678 opera
369 2624 644 2664 adiuvandam
673 2623 784 2662 dicit.

46 2685 204 2723 Laevia
247 2684 371 2723 limus
390 2715 401 2733 ,
463 2684 600 2722 lutum
619 2712 631 2732 ,
681 2695 785 2733 aqua

4 2753 10 2762 ¹
47 2742 283 2792 subactum,
321 2755 417 2781 sane
442 2747 482 2780 et
509 2747 627 2780 tactu
652 2740 786 2779 lubri—

48 2814 142 2840 cum
160 2806 203 2838 et
220 2800 314 2838 visu
330 2800 522 2839 nitidum.
548 2813 685 2853 ungue
697 2813 717 2835 e
729 2798 785 2835 li-

47 2872 114 2897 mo
149 2858 316 2911 proprie
344 2858 522 2907 dictum,
566 2863 614 2896 ut
639 2856 785 2894 medici

48 2917 193 2956 solent.
211 2915 297 2954 vid.
321 2916 442 2954 eund.
463 2918 615 2954 n'mosa
631 2914 784 2953 cubilia

47 2974 93 3014 in
119 2973 300 3027 pedem-i
326 2986 532 3023 sermone,
565 2973 688 3012 rimas
707 2986 783 3011 cu·-

47 3032 152 3082 biliS,
169 3030 228 3074 .h.
249 3032 433 3082 alvearis,
460 3044 598 3083 ungue
614 3033 779 3079 cist-um,

840 2274 1013 2325 iectum3
1048 2288 1143 2313 nam
1166 2274 1220 2313 ad
1245 2276 1419 2314 calorem
1439 2276 1575 2315 conti-

840 2331 1023 2370 nendum
1054 2333 1150 2372 alias
1180 2333 1224 2371 id
1254 2333 1343 2372 fieri
1370 2335 1496 2383 solet,
1527 2340 1576 2372 ut

840 2390 963 2429 rimas
992 2390 1239 2430 obturemus.
1308 2392 1450 2431 Cetera
1476 2392 1575 2431 illu-

841 2454 948 2487 strat
976 2449 1131 2489 Colum.
1158 2450 1238 2499 IX,
1261 2448 1337 2500 14,
1358 2451 1411 2492 14
1447 2451 1576 2502 Quic-

843 2507 946 2558 quid
973 2507 1116 2546 deinde
1141 2510 1337 2546 rimarum
1381 2516 1458 2557 est,
1503 2516 1578 2546 aut

830 2565 1117 2616 foraminum,
1148 2568 1232 2605 luto
1254 2574 1292 2604 et
1304 2566 1414 2615 fimo
1431 2565 1576 2604 bubulo

844 2625 975 2661 mistis
995 2624 1199 2662 illinemus
1221 2626 1478 2672 extrinsecus,
1504 2639 1577 2662 nec

842 2682 924 2718 nisi
954 2681 1114 2732 aditus,
1161 2682 1304 2735 quibus
1340 2690 1573 2731 commeent,

842 2739 1124 2791 relinquemus.
1165 2742 1235 2789 Et,
1270 2742 1459 2792 quamvis
1474 2754 1576 2790 por-

844 2798 927 2835 ticu
940 2806 1126 2848 protecta
1149 2813 1254 2836 vasa
1267 2829 1278 2847 ,
1311 2798 1577 2836 nihilominus

843 2863 1036 2907 congestu
1055 2857 1279 2894 culmorum
1308 2863 1345 2893 ει
1361 2855 1578 2906 frondium

841 2922 1140 2966 super-tegemus
1151 2944 1164 2963 ‚
1211 2921 1486 2966 quantumque
1514 2928 1577 2951 res

832 2974 1037 3022 patietur,
1067 2987 1096 3010 a
1114 2971 1278 3024 frigore
1306 2979 1343 3009 et
1358 2979 1577 3023 tempesta-

840 3028 946 3067 tibus
965 3032 1206 3069 muniemus.
