1768 3320
268 188 757 263 GE-oRGIGON
791 209 931 261 LIB.
965 209 1015 273 1,
1050 211 1346 265 2494-260

1471 218 1577 268 335

42 344 351 403 PossumuS‚
372 337 500 387 hinc
512 335 811 404 messisque
827 335 975 386 diem
988 344 1317 406 tempusque
1331 341 1575 405 serendi;

41 413 110 462 Et
133 406 353 478 quando
382 406 618 458 infidum
643 407 809 457 remis
837 406 1099 474 inpellere
1124 424 1367 459 marmor

4 527 8 533 .
44 479 367 541 Conveniat3
402 477 622 546 quando
650 485 876 527 armatas
904 476 1179 529 deducere
1205 478 1407 542 classis;
1471 483 1576 534 255

41 554 148 602 Aut
168 549 547 616 tempestivam
570 548 710 598 silvis
741 557 984 598 evertere
1010 549 1217 616 pinum.

109 615 223 671 Nec
246 616 442 670 frustra
464 619 744 685 signorum
765 619 944 668 obitus
967 619 1310 686 speculamur
1331 628 1386 670 et
1409 628 1574 686 ortuS,

42 689 519 758 Temporibusque
545 706 734 756 parem
757 688 976 739 diversis
1003 698 1236 757 quatuor
1257 705 1476 743 annum.

39 759 286 826 Frigidus
314 760 602 825 agricolam
623 760 666 809 si
695 759 915 828 quando
941 761 1184 811 continet
1205 760 1410 813 imber:

38 829 221 896 Multa,
231 829 416 881 forent
429 847 566 899 quae
579 847 708 880 mox
718 830 875 881 coelo
888 847 1027 898 prop
1034 830 1232 881 eranda
1243 847 1457 896 seren0,
1468 835 1573 886 260

84 959 158 996 253
180 961 297 995 mensi
338 972 387 995 ue
405 960 499 994 diem
517 959 595 1002 alii,
618 961 794 1004 perpetua
811 957 1050 993 aberratione.
1075 960 1168 994 conf.
1185 959 1262 994 Ecl.
1282 961 1330 1003 V,
1353 961 1412 997 70.

296 972 339 1041 ἴ
363 1010 437 1041 Sat.
463 1008 525 1050 VI,
548 1006 582 1043 4.
631 1006 752 1041 Schol.
780 1007 908 1052 Cruqu.
935 1007 1059 1040 Horat.
1093 1007 1205 1041 Garm.
1224 1009 1261 1050 1,
1290 1008 1351 1043 23.
1395 1009 1436 1042 in
1465 1008 1575 1042 silvis

38 1009 89 1051 Et
119 1015 146 1041 t.
178 1007 301 1041 Macro
329 1033 338 1042 .

38 1053 151 1088 multi.
177 1062 348 1088 avertere
365 1054 500 1088 Zulich.

572 1054 643 1090 257
668 1054 890 1100 specularem

1501 961 1574 997 256

988 1066 1058 1099 gm.
1076 1055 1209 1088 Moret.
1289 1055 1361 1091 259
1387 1055 1574 1100 agricolas

38 1100 162 1135 laudat
178 1101 340 1136 Macrob.
359 1104 433 1135 Sat.
455 1103 518 1144 Vl,
533 1097 558 1137 4
576 1107 612 1134 et
629 1101 749 1135 Schol.
772 1067 1063 1147 Horatflffuqu.
1084 1102 1197 1136 Carm.
1214 1103 1240 1144 Ι,
1261 1102 1320 1138 23.
1356 1102 1498 1136 detinet
1513 1102 1571 1136 ed.

38 1149 129 1182 Ven.
178 1147 320 1194 (—260.
344 1151 448 1192 Quae
460 1157 561 1196 post,
584 1160 656 1181 non
667 1151 770 1191 Quae
788 1162 881 1190 mox,
905 1148 1109 1191 Mediceus;
1134 1149 1240 1183 aliter
1252 1155 1374 1184 tamen
1382 1149 1572 1184 Noniusin

38 1196 257 1239 Maturare,
281 1203 318 1230 et
337 1195 473 1230 Gellius
498 1202 535 1230 et
552 1194 767 1229 Macrobius.
801 1196 948 1242 Heius.)

38 1315 230 1355 compara
258 1302 405 1342 Tibull.
432 1303 497 1352 1V,
523 1305 561 1352 1,
582 1301 673 1354 qui,
705 1314 775 1339 ea-

39 1359 132 1399 dem
149 1359 302 1400 horum
320 1360 535 1399 limborum
557 1374 604 1399 ac
621 1359 776 1398 balteo-

36 1433 127 1456 rum
143 1449 156 1468 ,
199 1432 270 1469 seu
301 1434 497 1458 zonarum
514 1449 525 1468 ,
559 1431 774 1457 enumera—

36 1476 148 1515 tione
178 1477 306 1528 sacta,
343 1492 438 1517 cum
474 1477 518 1516 in
553 1482 776 1530 temperata

37 1535 303 1586 substitisset,
332 1535 465 1589 pergit
484 1549 524 1574 v.
547 1538 629 1577 169
658 1536 775 1573 Hine

27 1593 227 1644 placidus
244 1593 357 1633 nobis
376 1608 456 1646 per
483 1601 663 1645 tempora
683 1607 775 1631 ver—

35 1653 135 1690 titur
152 1667 296 1691 annus.
354 1653 470 1691 Hinc
486 1659 523 1690 et
539 1652 648 1689 colla
674 1653 774 1703 iugo

35 1708 181 1749 dedicit
201 1709 427 1749 submittere
447 1717 589 1748 taurus
606 1715 679 1748 etc.
709 1710 775 1748 Ex

34 1767 175 1807 eadem
206 1769 485 1807 observatione
512 1767 705 1819 antiquus
722 1767 774 1806 de

33 1824 160 1866 Aeolo
178 1826 346 1881 mythus
370 1832 503 1866 natus.
533 1825 618 1865 vid.
638 1826 772 1864 Hera-

34 1884 128 1924 clid.
151 1885 202 1924 de
221 1885 332 1938 alleg.
353 1885 472 1924 Hom.
493 1884 568 1924 sub
585 1884 612 1923 s.
671 1883 770 1928 254.

34 1957 226 1994 marmor,
247 1940 326 1984 ἅλα
343 1941 595 1998 μαρμαρέην,
606 1942 721 1981 Iliad.
733 1943 768 1993 ξ,

33 2003 134 2043 273.
171 2002 548 2053 resplendescentem
591 2000 677 2040 vid.
719 2000 772 2039 ad

33 2059 134 2099 Aen.
165 2060 263 2110 VII,
298 2062 367 2102 26.
403 2059 453 2098 cf.
483 2058 538 2098 ad
566 2059 640 2109 Ἦ,
672 2061 770 2101 729.

33 2117 132 2160 255.
162 2127 346 2156 armatae
363 2118 530 2166 classes,
566 2112 773 2170 ὠπλισμέ-

33 2190 104 2216 ναι
126 2205 137 2226 ,
190 2175 321 2228 simpl.
367 2175 595 2214 instructae
631 2188 768 2214 naves.

35 2230 183 2287 (recte,
213 2233 247 2272 si
279 2233 452 2283 dixeris,
491 2233 661 2286 speciem
683 2232 725 2272 h.
742 2232 769 2272 l.

32 2292 132 2344 poni
158 2305 234 2344 pro
262 2304 418 2344 genere.
453 2289 567 2346 Wr.)
611 2291 662 2330 cf.
682 2291 770 2329 He-

33 2347 259 2404 siod.’‘Eoy.
273 2352 370 2392 681.
390 2351 489 2399 632,
508 2355 547 2387 et
559 2351 655 2392 671.
670 2351 768 2391 672.

32 2407 115 2446 Sed
131 2407 167 2446 is
182 2407 341 2447 meliori
355 2408 444 2446 iure
470 2408 768 2460 navigationem

31 2466 305 2516 memorabat,
345 2465 676 2518 quandoquidem
699 2465 770 2504 illa

33 2530 189 2574 aetate,
225 2530 267 2563 et
304 2524 348 2562 in
387 2524 556 2563 Graecia
586 2523 770 2576 undique

31 2582 138 2620 mari
163 2581 296 2621 cincta
310 2612 322 2632 ,
361 2581 468 2620 inter
495 2596 613 2621 curas
641 2583 771 2635 patris

32 2639 202 2678 familias
219 2646 328 2690 erat,
358 2640 563 2680 frumenta
579 2641 677 2679 navi
697 2640 772 2679 de—

32 2696 129 2736 vehi
160 2696 213 2735 ad
242 2699 511 2750 permutanda
549 2699 627 2737 alia
656 2699 766 2738 vitae

32 2755 266 2794 necessaria.
322 2756 457 2810 Longe
490 2757 650 2796 diversa
677 2763 766 2796 erat

33 2813 140 2852 vitae
158 2813 298 2864 reique
314 2814 490 2859 rusticae
510 2815 616 2855 ratio
632 2815 766 2867 Virgi-

31 2870 77 2912 lii
101 2877 254 2910 aetate:
291 2871 414 2910 etiam
438 2873 484 2912 in
518 2872 765 2913 devehendis

32 2930 138 2968 mari
153 2929 348 2982 frugibus.
399 2928 466 2969 Ad
483 2937 766 2982 argumentum

31 2987 231 3027 rusticum
245 2989 573 3027 commemoratio
583 2989 767 3028 classium

832 1316 919 1342 non
961 1301 1063 1341 bene
1111 1308 1214 1341 esset
1250 1302 1569 1344 accommodata.

833 1361 931 1404 256.
962 1363 1243 1412 tempestivam
1267 1362 1384 1400 silvis
1402 1370 1571 1401 evertere

823 1422 976 1471 pinum
991 1418 1032 1457 h.
1046 1419 1154 1471 ligna
1170 1433 1218 1458 ac
1234 1420 1444 1459 materiem
1461 1426 1546 1459 tem
1556 1443 1570 1451 -

831 1477 983 1530 pestive
1001 1477 1180 1517 caedere.
1211 1478 1458 1517 Consulatur
1469 1478 1568 1518 Cato

834 1535 884 1574 de
901 1536 949 1574 R.
968 1536 1017 1575 R.
1030 1549 1063 1574 c.
1077 1538 1130 1578 31
1166 1533 1294 1590 (unde
1310 1550 1452 1576 vocem
1464 1545 1568 1576 tem-

826 1596 992 1645 pestiva
1033 1593 1203 1633 ductam
1251 1607 1336 1633 esse
1376 1595 1569 1635 observat

830 1651 1010 1691 Macrob.
1021 1652 1088 1701 VI,
1099 1652 1139 1703 4,
1148 1666 1188 1706 p.
1200 1651 1316 1708 596).
1347 1653 1448 1693 Plin.
1457 1653 1567 1705 XVI,

830 1709 901 1752 74.
922 1710 991 1760 75,
1013 1724 1043 1749 s.
1063 1713 1130 1753 39.
1162 1711 1212 1750 cs.
1234 1711 1378 1751 Cerda.

887 1768 1044 1810 257—
1056 1771 1154 1812 267.
1176 1769 1312 1809 Habet
1330 1770 1453 1810 eu'am
1470 1770 1567 1810 alias

829 1826 1050 1876 utilitates,
1087 1827 1122 1866 si
1160 1828 1350 1867 observes
1386 1829 1567 1869 siderum

830 1890 946 1923 ortus
974 1891 1018 1924 et
1055 1899 1220 1926 occasus
1253 1893 1295 1927 et
1328 1887 1439 1926 vices
1469 1888 1567 1928 anni

827 1948 1073 1995 temporum.
1132 1947 1231 1987 260.
1290 1945 1334 1984 si
1377 1946 1567 1999 pluvium

827 2007 990 2054 tempus
1017 2004 1190 2041 eontinet
1205 2002 1247 2043 h.
1263 2016 1298 2043 e.
1325 2003 1437 2043 domi
1451 2011 1566 2045 tenet

829 2057 887 2113 (v.
903 2060 1043 2099 Burm.
1064 2059 1106 2099 h.
1124 2059 1169 2115 l.)
1202 2062 1439 2115 agricolam:
1455 2063 1566 2103 mul-

827 2123 873 2156 ta
893 2117 1050 2156 interea
1075 2132 1221 2171 parare
1248 2126 1290 2159 et
1307 2120 1442 2161 facere
1455 2121 1564 2172 licet,

828 2189 933 2227 quae
967 2190 1068 2214 mox
1101 2190 1243 2216 sereno
1278 2179 1388 2218 caelo
1415 2193 1566 2233 parum

826 2234 1070 2286 tempestive
1089 2236 1272 2275 curanda
1292 2244 1435 2277 essent.
1473 2238 1565 2278 Hoc

825 2298 948 2345 poeta
966 2293 1150 2332 ornatius
1172 2295 1334 2346 extulit,
1363 2302 1459 2349 post
1476 2296 1564 2336 He-

826 2350 999 2400 siodum,
1029 2365 1149 2403 quem
1171 2367 1363 2407 compara
1379 2353 1465 2397 493
1475 2369 1562 2408 sqq.

824 2409 1040 2447 Praeterea
1080 2417 1251 2450 monent
1280 2412 1562 2464 Grammatici,

826 2468 992 2506 Servius
1017 2467 1071 2506 ad
1098 2467 1139 2507 h.
1167 2469 1194 2508 l.
1227 2470 1378 2510 Gellius
1405 2472 1469 2522 X,
1495 2474 1562 2514 11.

826 2525 1006 2565 Macrob.
1029 2525 1097 2576 VI,
1109 2529 1136 2569 8
1168 2528 1219 2566 de
1236 2528 1390 2568 dilectu
1408 2529 1563 2569 verbo-

826 2598 922 2623 rum
939 2583 1124 2623 adhibito
1142 2599 1165 2623 a
1178 2593 1319 2638 poeta:
1349 2589 1565 2627 Mutuum·

829 2655 898 2692 ea,
937 2655 1042 2694 quae
1070 2644 1348 2685 accelerentur
1372 2646 1560 2698 quidem,

829 2700 901 2739 sed
917 2699 1146 2753 diligentiae
1165 2702 1364 2742 tarditate
1381 2717 1476 2743 cum
1493 2704 1560 2743 in-

825 2758 1005 2798 dustriae
1040 2760 1250 2800 alacritate
1284 2776 1332 2800 ac
1358 2762 1560 2801 celeritate

823 2817 1053 2857 coniuncta.
1111 2819 1286 2870 Eadem,
1325 2833 1419 2858 cum
1445 2819 1560 2858 subi-

822 2881 890 2925 to,
919 2876 1071 2928 raptim
1097 2884 1138 2915 et
1154 2884 1422 2931 properanter
1439 2877 1557 2925 fiunt,

817 2936 1033 2985 properari
1070 2935 1289 2985 dicuntur,
1328 2948 1404 2973 nec
1441 2934 1557 2972 facile

825 2991 1036 3043 diligenter
1067 2999 1110 3031 et
1135 2998 1322 3031 accurate
1349 2991 1437 3031 fieri
1458 3006 1556 3045 pos-
