1768 3320
158 229 228 275 70
487 221 543 271 P.
593 215 938 271 VIRGILII
979 207 1349 263 MARONIS

159 347 407 415 Hyblaeis
426 347 611 415 apibus
627 343 823 395 florem
841 341 1055 407 depasta
1071 335 1251 401 salicti,
1587 338 1590 346 ’
1611 327 1680 385 55

161 468 263 502 Rom.
284 472 322 499 et
340 465 490 510 Oblong.
512 463 639 498 Pierii:
665 468 702 495 et
726 459 776 494 sic
804 457 890 493 alibi
914 455 1135 490 vetustiores.
1169 453 1213 487 cf.
1236 452 1282 486 ad
1307 463 1340 486 v.
1368 450 1426 488 34.
1444 449 1549 484 Haud
1574 449 1681 484 dubie

162 525 282 548 versus
302 518 468 558 totusque
486 511 584 546 locus
605 507 876 545 contaminatus;
902 514 1004 549 quem
1030 514 1067 536 se
1085 498 1375 544 nonvintelligere
1397 498 1469 532 iam
1485 497 1681 542 Markland.

163 561 209 595 ad
229 564 318 595 Stat.
338 561 354 594 1
371 559 454 593 Silv.
478 559 512 600 3,
537 557 584 593 43
609 556 787 601 professus
814 559 887 592 est3
913 555 1113 595 suspectum
1130 546 1236 581 etiam
1256 548 1442 580 Burmann.
1461 544 1589 578 merito
1610 545 1681 578 ha-

162 607 250 642 buit.
295 608 429 640 Haeret
452 602 700 648 interpretatio
723 601 758 634 in
785 611 878 646 quae
911 609 1072 643 semper,
1105 595 1201 641 quod
1219 593 1393 635 ieiunum,
1418 599 1455 626 et
1481 591 1518 625 in
1539 591 1682 626 defectu

163 654 265 688 verbi
283 653 319 687 in
339 651 578 687 enuntiatione
604 661 697 696 quae
722 658 861 692 saepes.
908 645 1023 677 Burm.
1043 642 1222 676 tentabat:
1258 642 1331 675 Hic
1349 638 1417 674 tibi
1440 651 1534 686 quae
1549 639 1681 686 surgit,

163 701 222 735 vel
237 701 352 748 serpit
370 713 403 733 ν.
451 698 562 732 Multa
588 701 735 741 possent
754 693 823 726 alia
851 689 1058 725 coniectari:
1089 695 1128 722 ut
1149 689 1236 723 hinc
1259 686 1327 722 tibi
1347 687 1466 721 vicino
1482 693 1683 733 praetenta

165 747 204 794 (l.
229 746 437 795 praetexta)
465 744 508 779 ab
538 744 649 777 limite
667 753 796 787 saepes
822 758 867 764 —
893 741 1010 783 Saepe
1030 737 1103 770 levi
1132 747 1298 770 somnum
1316 731 1486 768 suadebit
1503 733 1599 767 inire
1615 743 1683 766 su-

165 807 293 829 surro:
317 792 385 826 nisi
411 793 499 826 haec
529 797 565 824 et
593 789 661 823 alia
680 786 815 831 longius
835 784 1052 819 recederent.
1077 784 1116 816 In
1132 795 1195 817 ms.
1227 782 1350 816 Ko'ler.
1367 786 1456 814 erat:
1483 781 1582 814 Hine
1606 777 1682 821 tibi,

165 843 284 876 vicino
312 853 345 886 q.
366 851 505 885 semper
532 835 576 871 ab
602 837 714 870 limite
742 845 858 880 sepes.
907 834 1058 875 Iungunt
1085 829 1164 864 alii:
1198 831 1297 864 Hinc
1324 826 1392 862 tibi
1418 839 1522 874 quae.
1570 825 1681 860 Sedes

165 887 318 922 vulneris
343 886 525 920 manifesta
555 890 626 916 est:
669 882 767 915 Hinc
790 904 799 913 .
820 904 829 913 .
849 903 858 912 .
880 903 889 913 .
914 879 1035 913 vicino
1063 890 1087 911 a
1116 878 1230 911 limite
1258 887 1388 923 saepes
1413 880 1480 908 etc.
1505 892 1551 900 —
1581 872 1685 907 Licet

167 934 308 980 explere
325 933 482 967 lacunam
502 930 619 964 multis
636 927 771 962 modis:
797 925 872 971 quis
901 932 1022 959 tamen
1049 936 1169 958 veram
1199 935 1322 958 vocem
1351 933 1391 956 se
1416 926 1682 967 assequuturum

168 994 246 1016 esse
265 980 402 1025 speret!
429 990 530 1024 quam
550 976 752 1010 exturbasse
776 973 918 1007 videtur
931 983 1001 1005 vox
1024 983 1154 1018 saepes
1177 977 1314 1004 temere
1331 968 1480 1010 iterata3
1515 973 1573 1010 et,
1606 978 1686 1002 cum

166 1028 290 1064 vitium
317 1026 591 1060 animadversum
620 1028 730 1064 esset,
763 1019 893 1065 ineptis
920 1018 1060 1061 verbis,
1085 1016 1152 1052 tibi
1167 1030 1262 1064 quae
1281 1028 1441 1063 semper,
1469 1015 1612 1061 expleta
1629 1019 1686 1048 est

166 1075 299 1109 lacuna.
347 1072 430 1118 (Vix
451 1078 505 1105 est
530 1069 698 1104 credibile
711 1095 719 1111 ,
746 1073 912 1114 quantum
934 1065 1090 1099 editores
1110 1071 1146 1098 et
1164 1065 1380 1110 interpretes
1398 1062 1438 1096 in
1453 1062 1510 1096 his
1529 1073 1598 1096 vss.
1615 1060 1686 1095 mi-

167 1122 281 1162 nime,
307 1120 336 1154 si
353 1119 544 1153 lectionem
562 1123 719 1162 spectas,
745 1114 900 1156 affectis,
924 1119 985 1150 aut
1005 1113 1051 1146 ad
1072 1111 1345 1157 intelligendum
1372 1109 1591 1152 difficilibus,
1617 1109 1687 1142 de-

168 1168 328 1203 sudarint
351 1167 408 1200 vel
437 1164 673 1205 emendandis,
697 1162 754 1196 vel
781 1151 1009 1206 explicandi&
1055 1159 1220 1194 Proxime
1249 1159 1296 1193 ad
1322 1169 1443 1192 verum
1464 1161 1688 1192 accesserunt

167 1214 334 1257 Vossius,
359 1225 460 1258 quem
472 1209 759 1246 Wunderlichius
786 1207 954 1254 sequitur,
982 1206 1159 1251 Spohnius
1177 1206 1215 1240 in
1238 1211 1329 1240 nott.
1353 1217 1435 1238 mss.
1467 1210 1504 1238 et
1523 1203 1686 1244 Iahniu85

169 1261 294 1296 omitto
318 1260 417 1294 alios.
464 1258 615 1292 Primum
639 1256 803 1290 mutanda
826 1255 893 1288 fuit
922 1253 1163 1298 interpunctio
1188 1252 1337 1299 Heynii,
1373 1257 1409 1285 et
1436 1260 1580 1292 commaj
1601 1255 1688 1295 post

169 1308 254 1350 tibi,
278 1319 349 1341 non
365 1312 449 1351 post
469 1306 564 1347 hinc,
588 1303 798 1349 ponendum.
846 1304 918 1335 Iam
940 1301 1118 1345 iungenda
1133 1306 1216 1335 sunt
1232 1300 1341 1335 haec:
1364 1300 1550 1333 Hinc—-a
1566 1298 1687 1332 vicino

168 1355 290 1389 limite.
317 1356 413 1395 Quae
429 1351 592 1386 traiectio
608 1351 794 1384 verborum
814 1349 851 1383 in
862 1348 1077 1394 simpliciore
1097 1353 1134 1381 et
1151 1347 1259 1392 paulo
1275 1344 1536 1392 negligentiore
1558 1350 1687 1390 pasto-

167 1414 244 1435 rum
254 1412 412 1434 sermone
423 1406 556 1433 tantum
570 1399 670 1431 abest
683 1403 722 1430 ut
737 1396 971 1441 vituperanda
980 1395 1038 1437 sit,
1050 1401 1089 1428 ut
1099 1406 1195 1428 suam
1205 1394 1376 1441 quandam
1383 1393 1517 1426 habeat
1527 1391 1687 1437 gratiam.

167 1448 286 1482 Simile
307 1446 390 1492 quid
406 1458 511 1491 supra
530 1443 788 1479 observavimus
804 1443 841 1476 iu
850 1444 894 1477 V.
912 1444 953 1477 L.
971 1443 1017 1476 ad
1035 1454 1086 1476 vs.
1095 1442 1153 1478 30.
1171 1444 1221 1476 Ac
1237 1439 1623 1495 prorsusVirgilianum
1638 1437 1688 1472 il-

166 1495 229 1528 lud
242 1495 337 1528 Hinc
359 1506 382 1527 a
400 1494 519 1527 vicino
536 1492 659 1526 limite.
683 1491 741 1525 Sic
760 1489 937 1525 adverbiis
957 1489 1075 1524 locum
1090 1488 1326 1522 indicantibus
1344 1485 1578 1533 appositionis
1597 1497 1689 1532 qua-

169 1542 249 1575 dam
266 1541 403 1575 ratione
421 1539 547 1573 similia
563 1538 818 1583 subiunguntur
842 1539 928 1572 Aen.
953 1538 996 1579 11,
1021 1538 1095 1573 18.:
1130 1562 1150 1579 ‚‚
1163 1538 1248 1570 Huc
1265 1535 1405 1569 delecta
1429 1534 1544 1569 virum
1566 1532 1687 1567 sortiti

169 1600 319 1633 corpora
339 1586 459 1620 furtim
479 1586 663 1620 Includunt
681 1596 817 1619 caeco
843 1584 1026 1618 lateri.“
1057 1583 1131 1618 Ecl.
1151 1584 1210 1626 111,
1230 1583 1305 1619 12:
1333 1581 1440 1625 „hic
1464 1581 1520 1615 ad
1541 1587 1683 1614 veteres

169 1636 311 1679 fagos.“
335 1637 419 1668 Aen.
439 1635 498 1675 III,
519 1635 618 1670 616.:
652 1632 770 1675 „Hic
793 1644 869 1674 me,
894 1652 939 1657 —
960 1651 1005 1658 —
1024 1632 1249 1664 Immemores
1281 1629 1370 1663 socii
1399 1634 1533 1663 vasto
1559 1626 1690 1674 Cyclo-

170 1682 226 1726 pis
246 1681 293 1714 in
318 1687 423 1714 autr
436 1692 456 1714 ο
481 1681 688 1724 Deseruere.
699 1682 720 1698 “
745 1681 807 1721 VI,
824 1679 906 1715 305.
923 1692 930 1712 :
971 1678 1097 1722 „Huc
1131 1676 1243 1711 omnis
1266 1677 1373 1710 turba
1391 1675 1445 1710 ad
1474 1674 1604 1720 ripas
1631 1673 1689 1708 ef-

170 1729 249 1762 fusa
267 1728 425 1761 ruebat.“
471 1726 590 1761 Simile
620 1726 709 1759 illud
733 1728 818 1760 Aen.
841 1727 946 1768 VIII,
966 1724 1044 1762 47.:
1079 1726 1170 1768 „Ex
1195 1735 1283 1770 quo
1305 1730 1379 1757 ter
1411 1722 1542 1756 denis
1566 1721 1690 1755 urbem

171 1774 398 1808 redeuntibus
429 1773 563 1807 annis
586 1772 1180 1807 Ascanius—condet—Albam.“
1213 1770 1342 1805 Inclusi
1360 1769 1470 1803 verba
1493 1769 1613 1804 vicino
1644 1767 1691 1802 ab

173 1822 287 1855 limite
305 1820 544 1854 commatibus.
589 1820 676 1862 Alii,
703 1832 789 1866 quos
806 1820 884 1865 ipse
900 1831 1086 1866 sequerer,
1109 1819 1146 1852 ni
1164 1818 1283 1852 verior
1304 1816 1392 1851 mihi
1421 1816 1458 1850 h.
1478 1816 1504 1850 l.
1523 1828 1564 1849 ea
1584 1815 1690 1849 vide-

173 1874 274 1902 retur
291 1867 402 1910 ratio,
428 1880 529 1913 quam
550 1866 724 1911 ingressus
744 1880 837 1909 sum,
861 1868 971 1901 verba
995 1867 1113 1900 vicino
1135 1864 1180 1900 ab
1200 1866 1314 1899 limite
1328 1864 1477 1908 iungunt
1494 1862 1690 1898 substanti-

173 1926 218 1948 vo
234 1926 382 1961 saepes,
406 1920 446 1947 ut
458 1914 508 1947 ita
525 1913 655 1947 dictum
674 1914 731 1957 sit,
756 1914 1046 1960 quemadmodum
1063 1913 1152 1946 illud
1172 1912 1311 1946 nostris
1323 1910 1368 1945 ab
1386 1909 1542 1945 ovilibus
1558 1912 1690 1957 agnus.

174 1961 232 1995 Sic
257 1960 452 2006 Spohnius‚
482 1961 627 1994 laudans
654 1961 847 1994 Broukhus.
873 1962 919 1995 ad
945 1962 1108 2005 Propert.
1137 1961 1205 2002 IV,
1234 1961 1268 2000 6,
1292 1959 1349 1994 37.
1377 1959 1545 2002 Rutg'ers.
1570 1956 1688 1991 Lectt.

174 2009 304 2042 Venus.
329 2019 365 2052 p.
380 2008 460 2044 358.
483 2009 596 2041 Burm.
620 2008 665 2041 ad
681 2007 827 2042 Anthol.
852 2009 877 2042 I.
901 2020 936 2053 p.
956 2005 1050 2049 294„
1076 2006 1200 2052 quibus
1227 2005 1350 2039 adiicit
1368 2003 1508 2038 Iahnius
1537 2005 1600 2038 Ge.
1631 2005 1690 2046 111,

175 2055 210 2090 2·
223 2054 406 2088 Schrader.
419 2055 463 2088 ad
480 2056 657 2088 Musaeum
682 2067 762 2100 pag.
775 2055 854 2091 157.
873 2061 910 2088 et
926 2067 1022 2088 suam
1035 2053 1254 2088 notationem
1272 2052 1318 2086 ad
1328 2051 1427 2086 Ovid.
1437 2053 1523 2085 Met.
1534 2052 1600 2093 IX,
1612 2051 1690 2088 136.

174 2101 285 2135 Porro
295 2100 331 2133 in
343 2100 397 2134 his
409 2113 501 2147 quae
515 2102 669 2147 depasta
680 2102 808 2136 omisso
816 2102 925 2135 verbo
937 2100 1097 2135 auxiliari
1107 2100 1228 2134 durior
1237 2099 1376 2145 quidem
1387 2098 1534 2144 ellipsis,
1545 2098 1610 2132 sed
1619 2109 1691 2131 non

176 2147 349 2181 destituta
359 2148 592 2192 exemplorum
602 2148 725 2193 copia:
748 2149 895 2183 Vossius
907 2146 1280 2190 affertEcl.V111‚24.:
1302 2145 1386 2192 „qui
1422 2148 1555 2180 assus.“
1581 2146 1690 2179 etGe.

175 2193 316 2237 1V‚89.:
341 2195 571 2240 ‚,quivisus.“
606 2194 670 2228 His
690 2195 781 2229 adde
799 2196 910 2229 multo
931 2195 1001 2229 illis
1022 2195 1182 2229 duriora:
1207 2197 1293 2228 Aen.
1305 2194 1391 2236 1‚23
1417 2218 1425 2227 .
1446 2205 1539 2239 sqq-t
1564 2191 1692 2235 „Certe

176 2258 277 2266 --—
289 2240 378 2274 Hinc
389 2241 466 2274 fore
481 2242 641 2275 ductores
652 2262 707 2283 —‚
733 2243 801 2284 Qui
818 2255 925 2284 mare,
939 2242 998 2288 qui
1018 2249 1129 2276 terras
1148 2241 1243 2275 omni
1263 2240 1400 2275 ditione
1413 2246 1591 2281 tenerent,
1602 2238 1691 2272 Pol-

176 2286 293 2342 licitus
315 2286 417 2341 (es).“
451 2289 496 2330 V,
519 2290 612 2324 192:
638 2289 823 2333 „promite
839 2291 941 2323 Nunc
960 2289 1094 2323 animos
1108 2315 1118 2332 ,
1143 2288 1270 2334 quibus
1287 2288 1326 2321 in
1348 2286 1508 2321 Gaetulis
1528 2285 1690 2332 Syrtibus

178 2345 231 2367 usi
252 2333 411 2388 (estzs).“
435 2335 480 2377 V,
500 2334 598 2370 687.:
633 2335 823 2380 „Iuppiter
850 2336 1094 2381 omnipotens,
1118 2335 1148 2369 si
1179 2336 1333 2370 nondum
1361 2346 1488 2368 exosus
1514 2333 1560 2367 ad
1587 2345 1693 2366 unum

179 2381 247 2425 (es)
274 2382 467 2422 Tro1anos‚
506 2381 535 2414 si
564 2381 647 2426 quid
676 2382 789 2427 pietas
806 2383 1012 2417 —labores
1041 2382 1201 2428 Respicit
1228 2383 1411 2416 humanos.
1426 2384 1448 2401 ‘⁴
1503 2381 1570 2422 IX,
1591 2380 1691 2417 675.:

177 2428 354 2469 „Portam,
372 2439 459 2472 quae
476 2427 571 2461 ducis
582 2428 728 2473 imperio
743 2431 846 2476 (ipsis
860 2430 927 2474 est)
946 2430 1140 2472 commissa,
1159 2429 1379 2464 recludunt.“
1402 2427 1561 2473 Denique
1578 2426 1693 2472 ipsam

176 2473 274 2527 illam
304 2473 449 2508 multum
467 2474 689 2509 sollicitatam
715 2476 873 2510 voculam
902 2489 1043 2523 semper
1081 2477 1178 2511 nullo
1206 2483 1313 2522 pacto
1349 2474 1545 2509 desiderari
1572 2485 1692 2519 posse,

178 2520 304 2554 clarius
320 2520 471 2554 fortasse
488 2521 650 2563 elucebit,
674 2522 762 2556 haec
780 2523 858 2568 ipsa
875 2524 984 2557 verba
1002 2523 1032 2557 si
1055 2525 1190 2559 Graeca
1205 2522 1412 2557 fecerimus:
1446 2519 1467 2558 ὁ
1491 2519 1622 2563 henim
1650 2518 1694 2562 ὃς

178 2565 238 2622 οζεὶ
255 2567 595 2621 κοξτανενεμῃμένος
616 2566 710 2611 ἐστί,
735 2569 808 2603 sive
824 2569 1137 2616 κατανενὲμηται·
1166 2571 1190 2604 i.
1209 2582 1239 2604 e.
1269 2570 1365 2604 cuius
1392 2569 1519 2610 flores,
1543 2567 1690 2602 simulac

176 2614 304 2659 smguh
323 2621 532 2658 provemunt
544 2640 553 2656 ‚
568 2621 626 2648 aut
645 2627 802 2668 succum,
826 2617 917 2651 unde
933 2618 1002 2651 mel
1023 2618 1102 2652 fieri
1120 2617 1255 2663 possit,
1286 2616 1450 2661 gignunt,
1484 2615 1606 2649 statim
1625 2614 1694 2648 de-

177 2667 375 2706 pascuntur.
422 2663 586 2707 Depasta
608 2673 698 2694 emm
717 2662 753 2697 h.
775 2662 800 2696 l.
823 2664 1001 2709 propriam
1021 2665 1132 2699 habet
1150 2664 1305 2699 Perfecti
1322 2663 1404 2698 vim.
1452 2661 1557 2696 Aliud
1577 2667 1694 2696 autem

178 2707 376 2753 Significant
397 2706 505 2741 haec:
527 2703 568 2749 ὃς
586 2709 925 2756 κατανενεμημένος
943 2709 1053 2755 ἐστίν,
1074 2712 1098 2746 i.
1112 2724 1142 2746 e.
1155 2711 1214 2758 qui
1232 2710 1302 2745 iam
1316 2721 1389 2745 non
1404 2715 1527 2756 potest
1543 2707 1693 2754 amplius

177 2801 350 2856 supersit
386 2801 497 2866 quod
526 2801 702 2842 offendat
715 2832 726 2853 ‚
764 2818 907 2856 quam-
963 2806 1220 2846 Burmannus
1245 2819 1405 2859 quoque
1420 2805 1530 2855 iniit,
1559 2803 1695 2844 verbis

178 2872 336 2912 cunque
356 2865 556 2898 ratmnem
574 2859 696 2909 ineas,
726 2875 809 2900 non
832 2862 906 2900 ad-
963 2864 1006 2902 in
1023 2863 1135 2902 hunc
1150 2864 1318 2903 modum
1334 2863 1563 2916 iungendis:
1581 2863 1695 2900 Hinc·

179 2930 226 2957 eo
242 2916 355 2956 facile
371 2922 443 2955 est.
501 2916 612 2955 Inter
631 2924 782 2957 ceteras
801 2920 905 2958 tole-
964 2936 1104 2972 saepes
1125 2937 1152 2960 a
1170 2923 1297 2960 limite
1314 2923 1445 2961 vicino
1455 2950 1465 2971 ‚
1493 2919 1534 2959 h.
1553 2932 1694 2972 agrum

177 2974 342 3015 rabih'or
371 2973 476 3014 ratio
511 2972 612 3012 haec
640 2981 725 3024 est,
786 2990 906 3027 quam
964 2979 1143 3017 vicinum
1163 2993 1186 3017 a
1202 2986 1275 3019 tuo
1300 2979 1601 3028 disterminans,
1640 2977 1694 3016 li-
