1734 3320
262 234 754 296 GEOR-GI'CON
786 244 1027 307 LIB.11‚
1059 248 1358 299 249—259
1464 252 1564 300 437

46 372 117 422 Et
138 371 257 438 quis
279 370 364 421 cui
393 369 555 422 color.
626 372 695 420 At
716 369 1034 419 sceleratum
1058 370 1336 438 exquirere
1357 371 1522 439 frigus

45 431 281 492 Difficile
311 449 413 492 est:
447 441 631 508 piceae
654 448 861 489 tantum
882 440 1093 506 taxique
1121 451 1381 492 nocentes

46 509 356 575 Interdum,
398 519 488 560 aut
518 509 712 560 ederae
738 509 985 576 pandunt
1005 511 1222 576 vestigia
1244 512 1440 577 nigrae.

114 580 210 630 His
231 580 631 645 animadversiS‚
667 589 868 630 terram
890 579 1064 630 multo
1089 590 1212 631 ante
1236 591 1517 632 memento

89 698 164 734 256
183 700 237 732 Et
251 698 418 744 quisquis
445 698 558 732 color.
593 707 635 732 ac
661 698 741 732 edd.
762 697 867 731 Aldd.
895 697 1030 744 primae
1058 704 1095 732 et
1123 698 1206 732 hine
1226 700 1426 744 profectae,
1458 705 1495 732 et
1514 699 1566 733 sic

42 744 175 779 Medic.
192 757 213 779 a
227 757 275 779 m.
294 757 366 779 sec.
387 750 423 778 et
440 745 601 791 plerique
621 757 760 785 omnes;
799 744 904 778 etiam
920 745 1045 779 nostri.
1091 746 1262 779 Defendit
1286 747 1355 781 hoc
1375 746 1565 780 Serviano-

42 803 122 826 rmn
150 798 286 826 auctor.
343 794 417 826 Seu
444 793 610 838 quisquis
639 793 695 826 ed.
717 793 808 826 ven.
855 795 906 826 Et
934 794 1018 838 quis·
1057 794 1120 826 cui
1144 795 1223 828 cive
1248 794 1351 828 color
1377 795 1564 827 Romanus.

43 842 95 873 Bt
111 839 196 885 quis
210 840 343 885 cuique
363 839 483 873 color:
507 847 548 872 ac
563 840 801 881 sceleratum,
826 846 867 872 ut
884 846 937 873 est
957 839 994 872 in
1011 839 1141 873 Medic.
1162 853 1181 873 a
1199 853 1245 873 m.
1265 853 1332 885 pr.,
1354 840 1391 873 in
1410 840 1488 874 aliis
1506 852 1564 886 ap.

41 885 196 920 Pierium
208 912 219 928 ‚
253 893 288 919 et
311 886 351 919 in
372 897 441 919 uno
458 886 598 926 Mead.;
630 894 665 920 et
682 898 758 920 cnm
778 898 916 919 versum
932 886 1145 920 labefactum
1161 887 1342 929 viderent,
1365 888 1466 922 color
1484 899 1564 921 mu-

5 940 11 943 *
43 939 120 968 tato
139 932 178 966 in
195 933 315 974 colos,
340 933 630 978 quemadmodum
649 933 758 967 Pierii
777 933 958 967 Mediceus
977 933 1106 974 habet,
1136 941 1198 968 aut
1214 934 1355 968 excluso
1377 943 1419 968 at
1436 934 1564 968 lectum

43 992 123 1014 etse
143 979 182 1013 in
200 979 352 1025 antiquis
373 979 493 1020 libris,
526 987 629 1026 patet
649 993 668 1013 e
687 980 883 1022 Servianis,
915 979 1049 1014 Zulich.
1067 987 1104 1013 et
1124 992 1194 1014 uno
1210 981 1375 1015 Arundel.
1423 981 1565 1016 Scilicet

42 1030 94 1061 Et
113 1028 196 1081 quis
213 1028 275 1060 cui
295 1027 418 1068 color,
442 1027 537 1073 quod
559 1027 756 1072 Naugerius
775 1028 855 1061 Ald.
874 1034 956 1060 tert.
972 1027 1181 1070 adsciverat,
1203 1028 1287 1061 inde
1305 1029 1439 1062 Mannt.
1456 1029 1564 1063 Com-

42 1073 161 1108 mehn.
176 1073 366 1115 Pulmann„
389 1086 473 1107 vera
493 1073 619 1114 lectio;
643 1074 817 1120 reperitur
830 1074 892 1108 illa
911 1074 947 1107 in
963 1074 1107 1108 Mentel.
1126 1086 1181 1119 pr.
1199 1087 1220 1109 a
1237 1088 1281 1109 m.
1299 1087 1354 1120 pr.
1402 1076 1473 1116 cui,
1495 1087 1563 1121 pro

43 1121 255 1167 cuicunque,
277 1121 350 1154 vid.
380 1122 496 1154 Burm.
534 1122 640 1167 (quis
654 1123 783 1166 cuique
802 1121 919 1167 prior,
953 1123 1118 1167 quisquis
1136 1121 1247 1156 altera
1273 1122 1382 1156 lectio
1398 1121 1563 1156 Medicei-

43 1168 296 1214 Recte-utique
316 1169 368 1201 Et
385 1169 468 1214 quis
485 1170 548 1202 cui
564 1168 666 1202 color
685 1168 823 1210 editur,
848 1180 938 1213 quae
963 1175 1017 1201 est
1046 1167 1151 1202 etiam
1168 1169 1280 1202 Palat.
1297 1168 1415 1202 lectio.
1461 1168 1564 1203 Alie-

41 1227 107 1248 nus
127 1222 183 1249 est
200 1214 299 1249 locus
317 1227 338 1248 a
358 1215 472 1248 Burni.
502 1214 545 1248 ad
570 1214 816 1249 illustrandum
839 1215 910 1249 hoc
931 1214 1074 1249 dicendi
1095 1227 1204 1260 genus
1235 1228 1277 1249 ex
1294 1215 1397 1249 Livio
1425 1216 1563 1252 allans.

44 1263 114 1296 Cui
137 1262 270 1296 dictum
301 1273 367 1307 pro
403 1263 553 1308 cuique;
602 1261 653 1296 sic
685 1262 862 1296 interdum
893 1263 977 1308 quis
1001 1274 1069 1307 pro
1087 1264 1254 1342 (quisque
1278 1270 1364 1307 post
1393 1262 1563 1304 relativa;

41 1309 154 1344 rarius
171 1308 264 1343 illud
288 1308 430 1354 quidem
447 1309 541 1353 apud
559 1309 776 1355 antiquiores
788 1336 798 1349 ‚

830 1309 987 1343 crebrius
1016 1322 1083 1354 apu
1130 1309 1308 1344 inferioris
1326 1309 1451 1344 aetatis
1469 1309 1564 1344 seri-

40 1364 175 1403 ptores.
222 1355 337 1390 Tacit.
364 1356 490 1389 Annal.
515 1357 563 1397 Π,
597 1358 675 1392 26.:
709 1356 888 1398 „Addidit
916 1355 1187 1390 munificentiam
1214 1357 1363 1398 Caesar,
1399 1364 1563 1402 quantum

43 1416 66 1449 q
75 1403 117 1437 ui
126 1416 144 1437 s
167 1402 285 1437 damni
301 1399 486 1448 professus¹
500 1409 576 1436 erat
587 1430 596 1446 ,
634 1404 885 1437 exsolvendo.“

931 1405 993 1446 lv,
1015 1404 1093 1439 230:
1128 1404 1303 1449 „ipsaque
1331 1416 1351 1437 e
1369 1404 1563 1449 provincia,

41 1457 82 1484 ut
124 1450 227 1496 quis
260 1450 425 1484 fortunae
454 1450 576 1495 inops,
623 1451 779 1484 moribus
806 1449 989 1493 turbidus,
1030 1450 1200 1495 promtius
1236 1451 1426 1484 ruebant.“
1465 1451 1561 1496 Wr.)

39 1498 111 1534 257
136 1506 283 1532 tantum
306 1499 433 1544 piceae
454 1499 581 1531 Moret.
612 1510 682 1532 sec.

40 1544 178 1591 primae
209 1544 300 1578 duae
329 1544 474 1578 litterae
500 1544 537 1577 in
556 1544 660 1578 litura
683 1557 703 1578 a
729 1557 774 1578 m.
803 1557 874 1578 rec.
902 1557 947 1578 an
973 1544 1034 1578 ille
1053 1554 1228 1593 pangunt
1246 1544 1398 1579 habuit?

775 1498 847 1533 258
870 1498 965 1531 haut
989 1498 1138 1539 Medic.;
1172 1498 1210 1531 in
1240 1498 1365 1532 eodem
1389 1498 1563 1545 pandunt

1490 1545 1562 1582 259

41 1593 113 1626 His
129 1593 239 1625 etiam
256 1591 428 1625 adversis
445 1592 547 1633 ven„
570 1598 607 1625 at
623 1591 694 1626 vid.
714 1591 776 1626 inf.
799 1592 932 1637 Georg.
948 1593 1008 1635 111,
1033 1593 1113 1628 123.
1143 1616 1145 1618 v

40 1702 95 1727 an
123 1684 233 1737 leve,
262 1687 422 1740 nigrum
449 1702 501 1726 an
529 1686 608 1727 alio
626 1687 773 1738 colore,

39 1746 128 1799 ipso
159 1745 371 1785 oculorum
397 1759 476 1788 usu
504 1747 773 1798 cognoscitur.

40 1807 212 1843 tacitam
242 1819 284 1842 se
303 1804 443 1855 prodit
449 1819 468 1852 ;
516 1804 675 1857 poetica
701 1818 773 1843 ra-

39 1863 175 1912 tione,
204 1862 326 1915 vulgo
347 1862 512 1911 diceres,
538 1865 682 1909 tacite;
716 1869 771 1912 at,

39 1934 116 1974 pro
163 1919 357 1960 adverbio
393 1922 519 1959 tacita
554 1920 695 1973 prodit
730 1933 771 1959 se

39 1985 152 2018 terra
165 2009 176 2028 ,
215 1979 397 2031 argutius
420 1980 589 2017 tacitam
613 1993 670 2017 se.
714 1979 772 2018 Cs.

40 2037 196 2076 Colum.
214 2037 264 2086 Π,
282 2039 322 2085 2,
342 2037 395 2079 15
416 2050 475 2088 sq.

98 2095 359 2137 256—258.
401 2093 564 2145 Frigida
589 2099 701 2132 terra
719 2093 773 2132 ad

41 2151 363 2204 cognoscendum
386 2151 559 2191 difficilis
585 2157 656 2190 est.
684 2166 773 2189 sce-

40 2210 211 2250 letatum
230 2223 306 2261 pro
326 2210 464 2259 noxio,
494 2215 544 2247 ut
559 2222 774 2248 venenum.

40 2268 103 2307 lta
134 2269 286 2318 impius
298 2283 315 2315 ,·
348 2267 529 2319 adeoque
554 2266 773 2306 detestabi—

39 2325 108 2375 lis,
139 2325 403 2364 execrandus.
461 2325 524 2364 Ita
549 2338 667 2378 saepe
688 2325 773 2378 ipse

39 2383 168 2423 Maro.
197 2384 297 2422 Aen.
313 2383 378 2433 111,
398 2386 453 2426 60
483 2383 676 2422 scelerata
694 2392 774 2421 ter-

39 2456 100 2480 ra.
131 2441 224 2491 VII,
252 2443 334 2484 461
368 2455 425 2479 sc.
467 2444 630 2495 insania
667 2441 773 2480 belli.

41 2499 135 2539 add.
162 2499 217 2549 Π,
238 2502 335 2542 281.
363 2499 451 2548 XII,
470 2498 567 2541 949.
627 2500 775 2538 Subest

41 2571 137 2596 sane
172 2557 286 2596 notio
330 2563 469 2596 reatus
521 2570 573 2595 ex
613 2558 772 2610 scelere,

42 2615 164 2654 caede
182 2620 224 2653 et
242 2615 299 2653 sic
330 2629 477 2668 porro:
506 2628 673 2665 verum,
702 2610 773 2654 ubi

43 2673 94 2711 de
114 2679 235 2726 poeta
265 2679 307 2711 et
331 2673 381 2711 de
407 2672 584 2726 epitheto
608 2674 773 2724 quaeri-

41 2737 131 2780 tur,
159 2731 203 2769 in
223 2737 359 2783 etymo
376 2740 463 2771 non
477 2732 572 2770 licet
593 2731 770 2782 haerere,

40 2789 101 2827 ita
126 2795 176 2827 ut
205 2788 259 2826 sit
283 2789 432 2837 solum,
482 2790 594 2841 quod
618 2797 770 2829 enecat.

48 2848 158 2884 Taxi
185 2852 258 2883 aut
286 2853 443 2885 eertum
476 2861 599 2899 genus
618 2849 770 2887 intelli-

40 2903 238 2957 gendum,
269 2909 341 2942 aut
357 2904 435 2942 alio
454 2906 529 2943 sub
548 2907 660 2950 ‚caelo
681 2921 771 2944 ma-

40 2962 100 3014 gis
118 2961 244 3000 noxia
265 2961 349 3000 eius
377 2968 523 3001 natura
552 2976 635 3002 esse
656 2965 769 3003 solet.

42 3020 99 3058 De
127 3033 192 3070 ea,
230 3019 327 3058 item
368 3018 418 3058 de
445 3020 591 3059 hedera
629 3023 766 3074 nigra,

824 1688 959 1737 (multa
984 1687 1074 1726 loca
1118 1687 1316 1740 congessit
1343 1686 1486 1726 Cerda.
1511 1687 1560 1726 cs.

829 1745 992 1785 Martin.
1010 1746 1199 1797 patulum
1221 1747 1416 1797 vestigia,
1451 1745 1561 1784 indi-

830 1804 891 1843 cia
909 1804 1106 1857 praebent
1122 1803 1293 1856 frigoris.
1323 1804 1399 1842 nisi
1419 1803 1470 1841 ad
1490 1817 1556 1841 ra-

829 1862 937 1901 dices
960 1863 1111 1901 reseras
1124 1892 1134 1911 ‚
1173 1861 1318 1913 quibus
1352 1861 1437 1900 solo
1463 1867 1562 1899 sunt

829 1921 994 1970 affixae,
1024 1926 1074 1959 ut
1100 1918 1201 1958 adeo
1232 1919 1388 1958 dictum
1414 1919 1468 1958 sit
1483 1933 1561 1972 pro

830 1978 1020 2031 simplici:
1050 1978 1107 2017 ibi
1127 1984 1327 2016 crescunt.
1373 1979 1420 2017 V
1414 1979 1561 2029 estigia

827 2051 903 2089 pro
923 2036 1115 2089 pedibus,
1144 2035 1313 2088 plantiS,
1342 2035 1560 2084 radicibus,

828 2093 1012 2146 figuntur
1029 2124 1041 2144 ‚
1101 2093 1381 2132 extenduntur
1399 2123 1411 2143 ,
1454 2107 1560 2145 pan-

831 2147 1001 2191 duntur.
1059 2152 1122 2190 Ita
1149 2157 1198 2189 ut
1230 2151 1456 2204 acciperet,
1492 2151 1558 2189 in-

831 2210 1057 2249 ducebatur
1081 2208 1308 2249 Wakefield
1331 2222 1453 2249 versu
1474 2209 1560 2247 Lu-

831 2268 1009 2307 cretiano
1027 2267 1096 2306 lib.
1116 2267 1164 2316 V,
1181 2269 1266 2309 912
1306 2267 1393 2306 Aac
1420 2267 1558 2305 homi-

829 2340 920 2364 nem
939 2334 1050 2364 tanlo
1082 2324 1345 2363 membrorum
1377 2339 1459 2363 esse
1477 2326 1558 2362 im·-

823 2392 918 2436 pete
948 2392 1114 2433 nalum,
1162 2386 1292 2422 Trans·
1318 2385 1452 2421 maria
1469 2383 1558 2420 alta

821 2442 978 2494 pedum
1001 2444 1122 2479 nixus
1146 2450 1190 2480 ut
1211 2442 1394 2493 pandere
1408 2448 1556 2493 posset.

830 2500 984 2539 verum
1013 2505 1156 2552 poetae
1193 2499 1425 2548 consilium,
1464 2511 1558 2536 sen-

830 2558 979 2596 tentiae
1011 2563 1127 2596 tenor
1143 2588 1155 2608 ,
1196 2564 1238 2596 et
1267 2557 1427 2606 similia,
1454 2568 1558 2608 quae

832 2621 1150 2665 antecesserant,
1178 2616 1239 2655 vs,
1256 2615 1338 2658 241
1372 2616 1453 2653 tale
1477 2614 1557 2652 da-

830 2674 886 2712 bit
901 2676 1114 2725 specimen,
1138 2682 1345 2726 promtum
1361 2681 1419 2710 est
1428 2686 1557 2724 prae-

829 2733 978 2770 discere
997 2762 1008 2781 ,
1040 2731 1207 2771 firmant
1233 2732 1414 2785 priorem
1425 2730 1556 2769 inter-

826 2790 1108 2843 pretationem.

884 2850 1027 2891 259-
1037 2850 1135 2890 262.
1166 2847 1330 2886 Transit
1346 2846 1398 2884 ad
1415 2846 1556 2883 vinea-

825 2921 916 2945 rum
935 2909 1143 2954 sationem,
1171 2905 1219 2943 de
1237 2904 1381 2955 quibus
1399 2901 1556 2953 copiose

828 2964 913 3015 agit
932 2963 986 3001 ad
999 2978 1041 3003 v.
1057 2962 1156 3012 419,
1185 2962 1260 3001 etsi
1274 2961 1404 3000 multa
1424 2960 1555 2998 inter-

826 3022 959 3074 posita
988 3027 1108 3070 sunt,
1146 3033 1249 3072 quae
1271 3018 1423 3058 vitibus
1442 3029 1555 3056 com-
