1768 3320
181 166 278 215 146

512 163 567 211 Ρ.
612 161 957 212 VIRGILII
1000 158 1377 225 MAROANIS⁴

174 289 380 356 Incipe,
417 304 578 354 parve
600 304 760 355 puer:
800 287 881 336 cui
901 303 1013 336 non
1036 287 1202 335 risere
1222 294 1489 352 parentes,

244 399 324 446 62.
360 407 527 453 mmm

218 547 264 582 62
313 547 353 579 ιιί
378 545 606 578 emendarant
632 544 699 578 viri
727 543 846 585 docti,
876 542 928 576 uti
954 542 1023 575 iam
1053 539 1311 583 Quinctilianus
1327 543 1401 584 IX,
1430 542 1452 580 8
1476 542 1634 589 legerat,
1665 555 1698 578 v.

170 592 262 627 Pier.

311 593 369 626 od.
379 593 563 625 Burmann.
575 618 583 633 ,
608 598 791 635 receptum
812 601 949 636 quoque
971 590 1007 622 in
1024 588 1129 622 Aldd.
1141 616 1150 630 ,
1177 596 1214 622 et
1233 589 1270 623 in
1290 589 1399 624 tertia
1418 590 1536 635 interp

173 641 237 686 qui
258 652 333 673 non
364 640 497 672 risere:
528 646 707 685 parentes
731 639 819 672 Nec.
865 640 976 671 Sensu
995 642 1055 669 aut
1080 636 1177 670 nullo
1202 643 1263 670 aut
1281 648 1404 681 parum
1430 649 1566 671 commo
1592 639 1637 680 “oz
1661 643 1699 671 at

171 688 232 720 cui
253 686 452 719 indubitate
474 697 558 718 vera
578 684 705 726 lecti03
737 684 956 730 antiquiores
983 682 1088 715 etiam
1122 685 1218 729 quoi.
1266 685 1306 717 In
1327 685 1492 718 Parrhas.
1521 697 1598 719 cur.
1645 685 1696 718 Io.

170 733 358 767 Schrader.
382 732 473 766 coni.
498 733 561 778 qui
588 744 662 765 non
690 733 806 765 risere
829 731 1001 778 parenti,
1034 730 1113 763 Nec
1139 730 1232 764 deus
1253 731 1322 765 hos
1349 743 1397 766 m.
1424 731 1549 765 saltem
1571 730 1697 774 lenius,

171 792 277 826 quam
303 779 461 815 Withof.
501 780 563 812 cui
587 791 662 812 non
689 779 811 812 ridere
829 778 986 825 parenti
1006 785 1073 820 est,
1091 794 1140 802 ·--·

169 909 319 949 horum
345 922 538 949 versuum
564 908 801 947 sententiam
827 907 902 947 de-

169 968 361 1017 claravit,
403 967 455 1005 ad
487 973 673 1019 parentes
710 980 750 1004 se
781 972 906 1021 poeta,

168 1026 249 1064 iam
277 1025 519 1065 convertisse
550 1038 695 1076 eosque
721 1025 772 1063 ad
798 1038 902 1078 pue-

167 1098 260 1122 rum
277 1097 397 1122 suum
418 1084 502 1122 risu
520 1083 804 1135 excipiendum
825 1096 901 1121 ex-

167 1141 324 1180 hortari
358 1141 531 1180 voluisse
574 1141 780 1193 putandus
820 1147 897 1179 est:

167 1200 267 1249 „Cui
299 1213 382 1237 non
408 1199 530 1237 risere
573 1206 779 1252 parentes,
822 1205 896 1238 etc.

167 1258 268 1309 Ergo
305 1257 509 1295 arrideant
543 1257 672 1295 tibi!“
730 1258 812 1296 Nae
839 1257 898 1295 ita

164 1315 292 1353 iratae
315 1328 398 1353 non
418 1316 584 1353 fuerunt
604 1315 742 1354 Musae
763 1315 897 1368 Virgi-

163 1373 238 1422 lio,
270 1378 317 1410 ut
335 1373 430 1410 talia
459 1387 551 1412 eum
581 1373 782 1412 balbutire
801 1388 897 1426 pas-

164 1444 229 1468 sae
250 1430 347 1468 sint!
377 1430 471 1482 Age,
501 1433 583 1484 ipse
600 1446 674 1484 pro
689 1446 729 1470 se
749 1433 895 1484 loqua-

162 1495 231 1527 tur
268 1489 480 1540 Virgilius:
534 1490 719 1542 „Ineipe,
769 1504 895 1543 parve

161 1559 286 1599 puer,
324 1547 410 1585 risu
440 1561 676 1599 cognoscere
705 1555 894 1587 matrem:

162 1619 272 1642 nam
306 1604 426 1642 Matri
460 1606 577 1658 longa
611 1607 748 1645 deceni
787 1607 895 1646 tule-

161 1668 260 1700 runt
278 1662 437 1700 fastidia
469 1677 635 1703 menses.
665 1665 798 1717 Incipe
827 1679 894 1704 er-

160 1733 228 1771 g03
258 1733 373 1758 nam
395 1721 458 1758 cui
479 1735 562 1759 non
591 1722 714 1760 risere
743 1737 894 1775 paren-

160 1779 270 1826 tes,“
302 1783 374 1816 etc.
403 1779 505 1817 sive:
543 1780 703 1832 „Incipe
724 1787 894 1821 matrem

160 1835 248 1873 risu
268 1849 490 1887 agnoscere.
550 1838 675 1889 Digna
696 1846 755 1877 est
772 1840 890 1890 enim,

161 1906 283 1944 quam
304 1893 390 1932 risu
409 1900 480 1932 tuo
502 1894 711 1946 exhilares,
745 1898 892 1951 quippe

161 1950 226 1988 cui
247 1950 382 1990 decem
406 1965 558 1991 menses
584 1954 702 2007 longa
722 1957 892 1995 tulerint

159 2008 333 2047 fastidia.
400 2011 534 2062 Incipe
569 2024 660 2064 ergo
703 2020 774 2052 tuo
807 2014 893 2053 risu

158 2072 342 2118 parentes
368 2068 419 2106 ad
440 2076 623 2108 mutuam
654 2072 891 2112 arrisionem

157 2137 391 2176 provocare.
450 2126 638 2178 Magnum
665 2128 764 2168 hoc:
796 2145 891 2169 nam

159 2181 224 2219 cui
256 2195 338 2220 non
383 2183 506 2222 risere
544 2193 730 2237 parentes
745 2190 769 2209 “
812 2195 888 2228 etc.

156 2239 309 2278 Verum
328 2240 438 2278 aliud
461 2249 519 2280 est
537 2258 789 2295 cognoscere,
820 2247 888 2285 in·-

157 2297 321 2349 quiunt,
353 2299 462 2337 aliud
488 2315 711 2352 agnoscere.
762 2304 887 2352 Quasi

156 2354 200 2395 in
224 2355 397 2408 pedestri
437 2358 630 2410 scriptore
664 2374 885 2411 versemur,

155 2426 239 2451 non
270 2413 315 2451 in
344 2416 480 2466 poeta!
517 2419 684 2468 „Incipe
713 2421 795 2457 risu
815 2435 886 2459 co-

151 2484 340 2522 gnoscere
358 2477 557 2510 matrem“
574 2475 749 2525 brevius,
772 2491 884 2517 more

151 2528 309 2581 poetico
338 2558 348 2577 ,
395 2529 578 2581 dictun13
632 2535 884 2586 explanatius

153 2585 280 2624 dices:
311 2585 446 2638 Incipe
462 2588 547 2627 risu
561 2590 800 2642 significare,
832 2595 885 2633 il-

150 2643 231 2682 lam
259 2658 282 2682 a
313 2649 353 2681 te
381 2647 573 2696 cognosci.
633 2649 722 2688 Hoc
750 2658 884 2691 autem

119 2740 122 2750 ,
151 2701 257 2740 idem
272 2707 343 2751 est,
361 2703 491 2753 quod:
512 2706 643 2754 incipe
655 2710 737 2745 νίειι
747 2723 883 2760 agno-

150 2773 264 2798 scere.
323 2759 510 2799 Ceterum
546 2762 717 2802 decem
745 2779 880 2806 inen-

151 2829 223 2856 ses
249 2816 273 2855 'e
299 2817 455 2869 vulgari
470 2819 662 2870 loquendi
681 2835 803 2873 more,
829 2825 879 2863 de

150 2887 231 2927 quo
263 2875 347 2914 vid.
378 2876 526 2925 cerda,
567 2884 726 2931 tempus
756 2882 877 2933 signi-

149 2933 292 2983 fleant,
323 2946 404 2986 quo
424 2940 566 2973 exacto
591 2938 782 2988 gravidae
802 2953 876 2991 pa—

959 921 1050 947 rere
1073 907 1214 947 solent.
1273 907 1383 948 Nihil
1410 921 1503 962 ergo
1531 907 1599 947 hic
1614 921 1695 948 no-

959 980 1058 1005 vum
1079 972 1150 1005 aut
1166 967 1445 1018 reconditum3
1475 967 1587 1020 quod
1603 981 1695 1006 mo-

958 1038 1035 1063 neo
1071 1031 1242 1077 propter
1271 1024 1460 1065 Vossium
1501 1025 1693 1077 aliosque.

964 1084 1035 1123 W
1028 1081 1077 1137 r.)
1148 1086 1216 1125 62.
1254 1085 1323 1121 oza·
1349 1098 1429 1122 non
1457 1084 1574 1122 risere
1604 1099 1694 1135 pq·-

955 1149 1098 1190 renteS,
1130 1142 1235 1179 Nec.
1269 1141 1475 1194 Exprimit
1492 1141 1550 1191 id,
1581 1141 1694 1193 quod

955 1199 1036 1238 iam
1057 1199 1272 1238 dicendum
1290 1205 1398 1238 erat:
1427 1200 1555 1239 risum
1580 1199 1693 1239 hunc

954 1257 1096 1296 matris
1116 1257 1168 1295 ad
1190 1258 1372 1310 puellum
1399 1265 1543 1297 natum
1572 1258 1692 1297 laeti-

955 1315 1056 1354 tiam
1086 1316 1225 1354 matris
1268 1324 1435 1368 arguere
1456 1346 1467 1366 ,
1518 1328 1691 1369 eumque

956 1374 1255 1426 expectandum
1275 1388 1356 1412 esse
1375 1375 1411 1413 ei
1428 1387 1557 1427 puero
1579 1381 1689 1425 nato,

955 1432 1026 1484 qui
1044 1432 1165 1471 matri
1184 1433 1430 1484 gratissimus
1448 1432 1510 1482 sit,
1541 1434 1690 1486 quippe

955 1490 1026 1542 qui
1069 1490 1286 1542 aliquando
1332 1491 1439 1530 inter
1472 1490 1616 1530 heroes
1648 1498 1690 1530 et

956 1548 1051 1586 deos
1070 1549 1206 1587 locum
1224 1549 1275 1587 sit
1288 1548 1526 1589 habiturus:
1548 1563 1571 1587 a
1588 1563 1689 1588 con-

953 1606 1080 1645 trario
1092 1621 1102 1657 3
1150 1621 1253 1658 quae
1292 1601 1502 1647 conversio
1536 1608 1688 1646 rationi

951 1665 1131 1717 poeticae
1160 1665 1279 1704 valde
1315 1672 1585 1705 consentanea
1615 1672 1685 1706 est.

953 1722 1087 1771 Quem
1123 1723 1319 1761 infantem
1366 1737 1504 1763 recens
1541 1731 1686 1764 natum
1738 1749 1741 1752 «

950 1781 1023 1819 tali
1047 1794 1140 1819 cum
1164 1782 1251 1820 risu
1277 1795 1362 1820 non
1392 1795 1587 1835 excepere
1616 1783 1685 1822 ul·-

951 1840 1014 1878 nis
1047 1839 1127 1877 suis
1167 1845 1374 1892 parentes,
1422 1840 1604 1893 adeoque
1634 1840 1685 1880 de

950 1903 1046 1936 nato
1072 1910 1199 1949 puero
1221 1910 1305 1936 non
1329 1897 1467 1937 laetati
1490 1897 1597 1949 sunt,
1625 1905 1685 1938 est

948 1955 982 1993 is
1012 1956 1192 2007 ingratus
1224 1962 1263 1994 et
1291 1956 1531 1996 invenustus
1545 1956 1682 2007 homo,

951 2013 1132 2066 adeoque
1178 2014 1230 2052 ad
1272 2014 1442 2054 deorum
1477 2015 1605 2055 vitam
1643 2022 1683 2053 et

949 2071 1199 2110 consortium
1226 2072 1390 2112 admitti
1418 2086 1503 2112 non
1532 2079 1681 2126 potest,

949 2130 1060 2182 quod
1093 2143 1221 2182 puero
1248 2131 1491 2182 promiserat
1519 2145 1579 2171 ve.
1614 2134 1680 2175 15.

948 2188 1194 2227 conveniret
1222 2188 1322 2227 adeo
1359 2189 1402 2228 in
1426 2202 1537 2240 eum,
1566 2190 1680 2242 quod

946 2246 1146 2285 Pindarus
1170 2246 1224 2284 ait
1251 2245 1371 2299 Pyth.
1398 2247 1448 2297 II,
1466 2250 1523 2289 80
1553 2244 1679 2301 γόνον

947 2300 1039 2345 οὔτ’
1093 2304 1136 2345 ἐν
1178 2301 1354 2360 ἀνδράσι
1398 2301 1678 2360 γεραςφόρον,

946 2357 1041 2403 οὔτ’
1069 2361 1113 2403 ἐν
1150 2365 1267 2403 θεῶν
1294 2359 1453 2416 νόμοις,
1494 2363 1544 2401 de
1572 2364 1678 2402 Cen-

942 2425 1062 2459 tauro
1089 2420 1241 2459 Ixionis
1258 2421 1298 2471 s.‚
1329 2427 1400 2460 aut
1426 2421 1537 2473 quod
1567 2422 1677 2475 apud

943 2478 1168 2517 Homerum
1190 2485 1274 2529 est,
1313 2483 1427 2520 θεῶν
1445 2476 1584 2530 α’έκηπι
1609 2494 1676 2534 γε-

944 2536 1088 2577 νέσθαι
1115 2552 1156 2576 τε
1180 2535 1384 2589 τραφέμεν
1411 2553 1453 2578 τε
1473 2537 1619 2590 Odyss.
1637 2551 1674 2592 y,

942 2597 1012 2636 28.
1044 2594 1247 2646 Designari
1267 2601 1402 2633 autem
1430 2596 1585 2648 recepti
1608 2596 1676 2635 in·

941 2659 1006 2690 ter
1029 2652 1123 2691 deos
1142 2651 1276 2691 herois
1309 2653 1393 2691 vita
1421 2653 1580 2692 duabus
1605 2667 1674 2693 re-

941 2710 1017 2748 bus
1037 2711 1157 2760 solet,
1190 2711 1383 2750 convictu
1403 2724 1496 2751 cum
1517 2712 1614 2751 Iove
1633 2718 1675 2750 et

939 2769 1036 2807 deae
1063 2768 1230 2807 alicuius
1262 2769 1458 2821 coniugio.
1529 2769 1594 2808 Sic
1619 2770 1674 2808 -de

936 2826 1111 2866 Hercule
1152 2826 1296 2866 Horat.
1333 2827 1410 2866 Od.
1449 2827 1516 2878 IV,
1547 2829 1586 2877 8,
1617 2830 1673 2870 80

935 2886 1046 2923 Iovis
1093 2886 1250 2923 interest
1309 2887 1458 2936 optatis
1513 2886 1668 2936 epulis,

934 2942 1119 2994 idemque
1139 2942 1281 2981 Heben
1303 2943 1487 2994 coniugio
1514 2943 1670 2995 accipit.
