1734 3320
170 178 272 228 544

498 175 555 225 Ρ.
601 171 955 225 VIRGILII
1003 169 1377 221 MARONIS

244 299 593 353 Omneadeo
633 315 804 365 genus
839 299 894 349 in
925 298 1083 349 terris
1114 297 1516 364 hominumque
1555 294 1697 347 sera-

962 384 1212 435 rumque,

172 445 239 493 Et
263 457 434 507 genus
453 456 804 508 aequoreum,
841 438 1096 505 pecudes,
1133 439 1417 505 pictaeque
1438 434 1700 499 volucres,

172 515 236 563 In
262 511 424 562 furias
442 512 735 577 ignemque
757 518 948 561 ruunt:
983 512 1154 559 Amor
1181 507 1434 558 omnibus
1452 506 1615 559 idem.

176 586 452 649 Tempore
472 598 584 631 non
609 580 709 630 alio
733 579 1032 630 catulorum
1057 577 1221 629 oblita
1247 578 1436 628 leaena

177 653 397 703 Saevior
422 651 612 701 erravit
636 651 860 716 campis3
897 667 1000 700 nec
1018 648 1210 700 funera
1226 648 1387 714 volgo
1454 681 1461 684 -

1598 579 1701 649 245

177 727 314 774 Tam
335 722 503 772 multa
524 719 789 770 informes
810 721 919 770 ursi
938 729 1281 787 stragemque
1305 717 1510 768 dedere

175 798 281 845 Per
298 792 472 853 silvas3
510 800 628 840 tum
649 807 835 841 saevus
862 808 1013 858 aper,
1051 799 1170 840 tum
1189 789 1420 857 pessima
1438 788 1597 854 tigris,

176 867 319 928 Hem
357 862 498 914 male
523 871 642 911 tum
659 861 856 927 Libyae
882 860 1007 911 solis
1029 869 1236 911 erratur
1256 860 1311 910 in
1330 859 1478 925 agris,

223 1005 294 1041 242
318 1017 388 1050 que
405 1011 487 1050 post
498 1002 674 1050 ferarum
692 1003 794 1036 abest
812 1015 831 1036 a
855 1002 980 1037 tribus.

1076 1002 1148 1039 243
1167 1001 1325 1050 pecudis
1350 1002 1440 1035 Ven.
1491 1008 1527 1034 et
1543 1000 1708 1048 pecudes

177 1053 278 1087 Leid.
300 1064 368 1086 sec.
416 1050 647 1097 Interpungit
676 1050 820 1084 Wakef.
855 1053 905 1083 Et
936 1063 1058 1096 genus
1085 1063 1129 1084 ae
1155 1062 1307 1084 uoreum
1331 1047 1506 1096 pecudes.
1544 1054 1585 1082 ut
1609 1047 1705 1081 forte

179 1099 366 1135 conveniat
396 1111 472 1132 cum
490 1098 711 1132 Lucretianis
743 1098 795 1139 ΙΙ,
820 1097 901 1132 342.
925 1096 1007 1134 344.

178 1150 309 1182 Moret.
337 1159 418 1189 sec„
445 1145 541 1191 quod
569 1145 689 1179 arrisit
711 1144 858 1178 Heinsio
887 1151 923 1178 et
952 1147 1162 1178 Burmanno.

959 1192 1029 1228 248
1062 1194 1136 1225 Per
1172 1191 1291 1225 silvas
1316 1190 1439 1224 Heius.
1473 1201 1492 1223 e
1513 1187 1642 1224 Medic.
1675 1196 1711 1222 et

178 1195 264 1229 lich.
314 1202 391 1228 tum
418 1194 536 1227 multa
565 1192 734 1226 Rottend.
763 1191 864 1226 alter.

1102 1098 1125 1132 2
1151 1099 1173 1133 6
1198 1097 1353 1131 Saevior
1380 1095 1542 1129 occurrit
1571 1095 1710 1141 campis

1259 1142 1329 1179 247
1352 1140 1511 1189 infames
1531 1143 1612 1175 ursi
1636 1144 1710 1175 Zu-

179 1242 258 1280 aliis
277 1241 538 1287 compluribus,
563 1252 635 1273 non
652 1239 832 1281 restituit,
857 1239 921 1272 sed
947 1251 1135 1273 revocasse
1158 1238 1274 1272 videri
1296 1238 1423 1280 debet,
1455 1249 1536 1270 nam
1558 1236 1609 1271 sic
1639 1236 1709 1270 iam

178 1292 334 1334 Nauger.
362 1288 544 1328 ediderat;
580 1287 773 1332 irrepserat
797 1286 926 1319 iterum
952 1287 989 1320 in
1013 1287 1131 1332 vulgg.
1161 1288 1235 1320 Per
1258 1286 1410 1328 silvam,
1444 1284 1540 1330 quod
1560 1284 1621 1318 alii
1641 1284 1711 1318 ha-

180 1338 278 1371 bent.
326 1344 416 1369 tunc
434 1335 493 1369 hic
516 1341 551 1368 et
572 1334 692 1380 paullo
715 1340 799 1380 post
830 1333 941 1368 Goth.
962 1347 1038 1379 pr.‚
1073 1341 1112 1367 ut
1130 1334 1225 1367 forte
1248 1332 1389 1377 plureS,
1422 1345 1454 1366 v.
1474 1320 1710 1366 cssfnomanus.

179 1384 249 1420 249
275 1391 451 1417 versatur
477 1383 517 1416 in
546 1382 650 1428 agris
679 1394 720 1415 ex
749 1380 990 1427 antiquissimo
1026 1381 1150 1415 codice
1178 1380 1299 1414 laudat
1324 1378 1482 1421 Pierius,
1521 1391 1564 1412 ex
1580 1379 1711 1412 Medic.

180 1438 298 1466 autem
320 1431 474 1464 erravit.
521 1430 634 1462 Porro
665 1430 701 1463 in
726 1430 827 1462 arvi-s·
844 1428 958 1462 maior
988 1429 1092 1463 codd.
1115 1441 1210 1475 pars,
1235 1434 1327 1461 teste
1353 1426 1502 1460 Heinsio
1523 1433 1558 1460 et
1577 1425 1711 1460 Marti-

180 1491 248 1520 no3
280 1477 372 1512 male
392 1483 532 1522 tamen,
570 1488 647 1510 cum
667 1489 750 1510 arva
771 1476 865 1510 culta
900 1477 981 1510 sint.

1035 1477 1153 1522 (arvis
1180 1474 1286 1509 etiam
1314 1474 1453 1520 aliquot
1479 1473 1583 1508 codd.
1611 1477 1711 1514 Serv.

187 1525 283 1572 Wr.)
309 1527 526 1560 Burmannus
549 1524 711 1569 optabat,
735 1530 773 1557 ut
792 1523 905 1557 codex
926 1524 1054 1570 aliquis
1072 1524 1232 1566 haberet,
1257 1530 1409 1556 erratur
1429 1522 1568 1556 arenis.

182 1639 326 1688 poetae
352 1633 562 1671 notionem
585 1631 831 1684 principem,
871 1637 921 1671 ut

184 1688 399 1746 ἐνάργειαν
417 1690 579 1740 habeat,
610 1690 670 1728 bis
683 1720 693 1740 ,
724 1696 801 1739 ter,
821 1688 921 1728 red-

181 1750 301 1800 ‚dere3
330 1762 415 1787 non
433 1750 570 1800 itaque
596 1748 805 1801 displicere
824 1753 923 1800 pot-

186 1815 247 1847 est
265 1809 429 1859 longius
448 1816 497 1845 ex‘
514 1807 676 1859 altoque
689 1808 823 1844 sinum
833 1814 921 1843 tra-

185 1867 271 1905 hit.-
315 1879 409 1904 nam
432 1865 475 1903 in
502 1863 583 1903 hoc
607 1863 920 1916 comparationis

187 1924 311 1964 cardo
339 1929 540 1963 versatur.
598 1921 764 1974 Martyn
788 1922 921 1960 inter-

186 1984 336 2037 punxit
372 1995 465 2020 cum
505 1981 611 2020 aliis:
658 1982 829 2019 Fluctus
861 1982 922 2018 uti

187 2041 318 2079 medio
331 2042 460 2092 coepit
476 2054 570 2078 cam
586 2038 782 2077 albescere
790 2046 919 2089 ponto

188 2101 377 2151 Longius
393 2129 403 2148 ,
438 2113 487 2136 ex
505 2098 666 2150 altoque
682 2098 816 2135 sinum
833 2104 920 2134 tra—

188 2158 249 2196 hit
258 2173 274 2206 ;
308 2165 429 2210 utque
445 2157 814 2194 volatus—sonat.
851 2168 926 2193 ex—

188 2215 385 2270 plendum
403 2215 479 2253 erit
494 2227 545 2252 ex
561 2219 687 2252 antec.
702 2213 764 2252 uti
775 2213 926 2252 fluctus

190 2276 314 2326 signa
335 2282 467 2312 movet
487 2281 523 2310 et
529 2272 667 2324 fertur
682 2274 726 2310 in
746 2271 898 2310 hostem
911 2287 923 2309 .·

192 2346 286 2371 cum
316 2331 447 2384 coepit
479 2330 700 2380 albescere,
742 2343 794 2370 ex
821 2330 926 2368 alto-

192 2403 270 2443 que
291 2390 424 2428 sinum
439 2388 581 2427 trahit.
632 2388 758 2440 Atqui
765 2389 926 2440 fluctus

192 2451 315 2500 signa
334 2462 489 2486 movere
510 2453 550 2485 ct
580 2449 622 2484 in
645 2447 798 2485 hostem
818 2446 928 2499 ferri

193 2506 297 2545 miro
318 2505 441 2544 modo
468 2505 720 2555 dicerentm‘3
749 2518 801 2542 ex
818 2517 925 2555 seqq.

192 2578 291 2605 vero
312 2563 417 2603 nihil
432 2563 551 2603 video
565 2563 677 2614 quod
697 2563 926 2616 suppleam3

193 2636 268 2663 nec
307 2621 420 2674 iungi
455 2627 607 2674 potest:
645 2622 806 2673 fluctus
843 2622 925 2669 uti,

194 2680 586 2732 medio—longius,
619 2693 667 2716 ex
687 2680 848 2730 altoque
867 2680 926 2716 si-

195 2754 293 2779 nam
323 2737 471 2777 trahit:
511 2751 705 2789 quorsum
733 2736 841 2774 enim
860 2750 931 2774 co·-

195 2798 292 2852 pula
315 2796 500 2850 spectet?
539 2795 620 2833 Cur
644 2795 768 2846 igitur
786 2807 931 2846 super-

197 2857 334 2896 eilioso
362 2853 587 2907 magisterio
626 2851 852 2906 spernenda
881 2851 932 2889 sit

198 2916 327 2954 altera
344 2913 450 2953 ratio
467 2942 478 2962 ,
508 2911 693 2950 nondum
719 2909 930 2963 perspicio,

200 2973 301 3028 (vid.
322 2972 373 3022 Q.
386 2969 651 3020 V.XXX1111‚
665 2973 703 3012 2.
723 2975 764 3008 et
773 2968 931 3008 Wakef.

980 1631 1034 1670 ad
1053 1631 1215 1671 Lucret.
1235 1629 1302 1680 IV,
1327 1630 1426 1672 200.
1462 1627 1533 1668 W
1527 1625 1581 1682 r.)
1629 1624 1713 1667 Ac-

980 1690 1131 1743 cipitur
1160 1702 1285 1742 porro
1315 1702 1364 1726 ex
1394 1687 1478 1727 alto
1495 1716 1506 1735 ,
1548 1698 1601 1724 ex
1615 1698 1715 1738 pro-

979 1749 1127 1788 fundo:
1159 1747 1270 1799 atqui
1287 1746 1368 1785 hoc
1397 1745 1560 1784 demum
1578 1742 1716 1795 sequi-

979 1813 1051 1846 tur
1077 1820 1136 1846 vs,
1158 1805 1258 1855 240,
1282 1807 1302 1846 1
1336 1812 1381 1843 at
1399 1805 1485 1842 ima
1507 1809 1718 1845 exaestuat

978 1865 1091 1903 unda
1118 1865 1164 1904 V
1159 1862 1355 1912 feracibus,
1373 1863 1617 1913 nigramque
1635 1860 1717 1897 alte

979 1922 1174 1961 subiectat
1205 1935 1389 1960 arenam.
1432 1920 1567 1957 sinum
1590 1917 1715 1956 trahit

968 1982 1149 2034 fluctus,
1178 1979 1294 2030 facit,
1325 1978 1534 2028 sinuatur,
1565 1990 1617 2015 ex
1633 1976 1717 2014 alto

977 2053 1120 2079 versus
1148 2038 1277 2077 littus.
1311 2035 1425 2091 (ipso
1445 2041 1599 2085 mon‘te,
1632 2033 1716 2074 vid.

983 2098 1032 2137 V.
1054 2098 1098 2136 L.
1134 2098 1206 2138 W
1199 2094 1254 2151 r.)
1400 2139 1405 2142 ,

1042 2154 1129 2198 242
1151 2169 1208 2207 sq.
1238 2155 1392 2192 Locum
1424 2151 1474 2191 de
1494 2150 1609 2191 furiis
1637 2150 1719 2190 Ve-

985 2214 1097 2254 nerei
1146 2212 1304 2252 ardoris
1355 2211 1398 2249 in
1446 2208 1719 2249 animamibus

985 2272 1107 2312 multi
1143 2277 1288 2324 poetae
1323 2269 1436 2309 varie
1471 2273 1719 2307 tractarunt.

986 2331 1067 2370 Sed
1086 2330 1272 2384 proxime
1294 2333 1434 2367 noster
1451 2326 1629 2365 Lucretii
1646 2338 1720 2365 ve-

987 2389 1101 2441 stigia
1120 2388 1290 2441 pressit,
1323 2385 1508 2438 inprimis
1527 2384 1558 2434 1,
1585 2387 1638 2426 12
1648 2397 1719 2435 sq„

984 2462 1068 2486 una
1108 2461 1203 2486 cum
1237 2445 1408 2484 Aristot.
1446 2444 1536 2482 loco
1567 2441 1720 2481 Histor.

985 2505 1117 2544 Anim.
1148 2505 1224 2554 Vl,
1259 2505 1325 2545 18.
1366 2499 1449 2555 (de
1474 2499 1580 2540 Adv.
1619 2500 1720 2539 adeo

984 2563 1068 2603 vid.
1119 2562 1170 2611 Q.
1204 2562 1251 2602 V.
1305 2559 1466 2609 XXVI,
1505 2562 1543 2602 6.
1595 2557 1719 2613 Wr.)

984 2620 1082 2664 246.
1113 2620 1282 2669 erravit,
1326 2631 1402 2670 pro
1432 2623 1513 2667 est,
1550 2629 1633 2655 esse
1654 2630 1721 2655 so-

987 2680 1056 2718 let.
1116 2678 1321 2717 Poetieam
1339 2676 1565 2715 orationem
1588 2674 1722 2713 consi-

991 2737 1108 2775 dera:
1151 2736 1260 2774 dicta
1301 2734 1403 2773 haee
1421 2747 1516 2787 pro:
1557 2739 1646 2772 t‘um
1662 2733 1723 2771 se-

987 2808 1082 2843 rae,
1123 2807 1144 2831 e
1174 2794 1320 2845 quibus
1350 2793 1509 2831 leaenas
1542 2797 1582 2829 et
1607 2804 1722 2830 ursas

988 2852 1120 2906 primo
1141 2852 1230 2891 loco
1258 2851 1462 2900 nominat,
1493 2848 1722 2888 efferatissi-

989 2924 1075 2948 mae
1099 2916 1204 2950 sunt.
1264 2908 1363 2952 247.
1402 2908 1592 2961 informes
1621 2908 1720 2956 ursi,

991 2967 1209 3019 deformes,
1239 2973 1392 3021 turpes.
1418 2967 1467 3006 cf.
1489 2965 1640 3016 Cerda3
1671 2978 1724 3003 an
