1768 3320
169 277 236 325 20
443 271 542 329 DE
581 248 944 321 C'ARMINE
981 263 1404 317 Bucomco

170 407 457 448 tuanorum
477 393 751 445 fortunam
769 393 1072 460 respexisse,
1104 399 1157 440 et
1175 392 1413 454 Augusto
1438 406 1538 457 pro
1559 391 1686 441 red÷

172 467 291 518 ditis
312 467 443 531 agris
462 466 647 531 gratias
667 480 821 529 agere
843 462 1085 511 voluisse.
1124 459 1233 509 Sed
1255 476 1331 524 ea,
1354 477 1490 526 quae
1513 459 1581 511 de
1594 462 1685 511 Ti-

169 546 286 602 tyro
305 544 690 597 memorantur,
709 532 910 598 singula
935 531 1081 580 anxie
1102 546 1225 580 cum
1235 529 1438 595 Virgilii
1454 547 1685 598 persona

171 622 496 673 comparare,
526 605 582 654 id
612 621 771 672 quam
791 600 1038 669 putidum
1059 601 1148 661 sit,
1187 600 1305 667 quis
1325 615 1440 650 non
1461 602 1687 652 sentiat?

169 675 418 743 Appellat
434 677 608 742 ipsum
627 690 684 723 se
705 674 944 736 Tityrum
963 669 1072 720 Ecl.
1091 672 1188 734 VI,
1225 673 1272 722 4.
1328 670 1438 720 Sed
1459 670 1527 721 ad
1552 688 1686 722 eun-

172 747 371 796 demne
398 761 611 794 versum
640 746 706 795 55
725 741 833 792 Ecl.
854 743 977 792 VIII
995 738 1230 789 referas?
1285 740 1429 804 Quid
1461 743 1556 804 IX,
1581 749 1648 796 23
1663 747 1686 792 ?

170 815 464 882 Plerosque
493 823 673 863 tamen
701 813 1055 877 interpretum
1081 809 1284 860 multos
1304 811 1359 861 in
1384 826 1449 861 eo
1474 828 1588 863 esse
1607 813 1685 862 vi-

172 885 310 936 deas,
356 889 478 935 Non
505 882 738 950 quidem,
777 897 884 948 quo
906 897 963 930 se
985 889 1259 943 tueantur,
1295 880 1498 932 habere
1528 898 1683 948 nege.

169 955 315 1006 Fecit
334 954 479 1003 idem
501 952 605 1001 hoc
625 951 916 1018 antiquitas.
965 949 1076 999 Sed
1096 951 1321 1000 omnino
1342 950 1501 1001 huius
1519 968 1685 1019 gene-

168 1026 239 1074 ris
251 1023 618 1073 bucolicorum
641 1022 936 1071 carminum
957 1020 1092 1070 ratio
1117 1029 1366 1074 etnatura
1384 1021 1580 1075 melius
1600 1025 1684 1074 vin-

170 1094 335 1158 telligi
354 1093 563 1160 poterit,
598 1093 639 1141 si
664 1108 724 1141 ea
742 1091 1067 1153 memineriS,
1105 1108 1243 1159 quae
1263 1091 1448 1159 paullo
1472 1103 1594 1144 ante
1616 1093 1684 1144 de

172 1181 237 1214 eo
257 1180 452 1229 genere
474 1162 880 1229 disputabamUS,
907 1177 1015 1228 quo
1036 1177 1123 1212 res
1145 1178 1175 1212 e
1193 1163 1461 1229 praesenti
1479 1166 1583 1215 vita
1603 1182 1684 1214 ar-

172 1235 367 1295 cessita,
401 1232 612 1281 maioris
631 1232 890 1281 suavitatis
912 1248 1109 1295 caussa,
1145 1233 1450 1300 pastoritiae
1468 1234 1684 1286 fabulae

171 1304 417 1352 suavitate
457 1310 509 1351 et
539 1302 862 1351 ornamentis
900 1318 961 1351 ex
994 1318 1055 1351 ea
1073 1298 1178 1352 vita
1195 1303 1373 1370 petitis
1404 1320 1684 1356 commen-

125 1410 127 1413 <
172 1372 335 1424 datur.
408 1371 568 1434 Quod
599 1371 879 1421 consilium
911 1380 1058 1422 recte
1092 1373 1135 1423 si
1166 1383 1374 1435 teneaS‚
1421 1393 1535 1428 non
1569 1377 1683 1440 erit,

171 1442 315 1508 quod
355 1443 407 1491 in
436 1441 650 1506 singulis
679 1441 903 1493 sollicite
932 1451 985 1492 et
1019 1444 1167 1495 anxie
1200 1443 1422 1513 labores
