1768 3320
173 199 273 251 152
330 158 338 168 ⁸
498 189 1359 285 ?·VIRG1L¹¹MAR⁰N¹S

171 321 417 376 Carmina
444 320 721 387 descripsi,
761 327 813 369 et
833 316 1121 367 modulans
1146 313 1348 364 alterna
1367 314 1566 380 notavi,
1603 334 1605 338 ·

166 393 445 460 Experiar:
481 401 541 441 tu
562 389 760 440 deinde
782 388 964 438 iubeto
986 395 1046 435 ut
1070 393 1238 434 certet
1256 387 1522 448 Amyntas
1628 385 1693 436 15

170 480 258 514 ME.
294 465 461 512 Lenta
481 460 607 511 salix
628 468 887 527 quantum
907 455 1124 523 pallenti
1150 453 1291 504 cedit
1313 453 1500 519 olivae,

170 532 417 584 Puniceis
438 530 655 581 humilis
677 537 940 596 ¹quantum
959 525 1187 576 saliunca
1210 524 1422 576 rosetis:

249 629 325 679 15.
363 639 558 675 IUBETO
588 638 734 673 CERT.

224 777 270 815 14
294 777 450 811 destrixi
467 775 572 809 Goth.
593 786 646 818 pr.
666 784 710 806 an
727 771 934 805 destrinxi?
966 770 1035 804 Sed
1057 769 1178 804 vitium
1200 776 1270 808 θεὶς
1296 768 1347 803 sic
1365 767 1460 803 idem
1477 768 1551 803 Ecl.
1571 769 1634 811 VI,
1653 769 1698 806 12

172 826 409 873 praestrc'xit:
439 822 704 866 modulansque
730 820 878 852 alterna
907 817 1042 851 Zulich.
1080 818 1228 850 notavit
1255 815 1378 850 vitium
1402 822 1456 850 est
1482 816 1562 850 Ald.
1594 816 1697 853 1527.

183 873 223 908 15
248 870 391 913 iubeto,
420 879 460 903 ut
481 876 596 902 certet
610 871 656 901 A.
684 867 783 899 Rom.
804 866 965 909 Longob.
987 863 1115 897 Medic.
1135 863 1228 897 Pier.
1252 875 1330 897 eum
1352 869 1502 909 quatuor
1520 861 1639 897 Heins-
1661 869 1700 897 et

177 918 368 963 Lengnich.
418 915 590 949 Omittitur
608 922 719 948 tamen
746 912 869 946 melius
892 920 942 945 ιιι.
993 911 1072 957 (Iis,
1099 910 1223 956 quibus
1246 910 1416 944 Bacchius
1433 922 1502 944 uno
1522 911 1697 944 vocabulo

179 965 450 1010 comprehensus
479 961 618 1003 iubeto,
663 960 730 993 nisi
755 959 994 1004 interpunctio
1025 965 1211 1004 sequatur,
1249 957 1287 991 in
1315 958 1382 991 hac
1408 957 1495 991 sede
1522 957 1700 1002 displicet,

179 1012 288 1046 veluti
309 1011 403 1056 apud
428 1011 590 1054 Propert.
610 1010 652 1050 ΙΙ,
680 1009 726 1044 33
739 1033 748 1050 ,
779 1009 834 1042 9.:
871 1032 892 1048 ,‚
905 1009 1022 1049 Quam
1047 1014 1083 1039 te
1103 1006 1214 1047 iussit
1234 1003 1374 1038 habere
1387 1004 1540 1049 puellam
1558 1016 1702 1039 cornua

179 1061 325 1099 Iuno“,
359 1057 508 1098 accedo,
532 1062 638 1101 utque
660 1054 692 1088 h.
711 1055 736 1088 l.
765 1053 978 1098 optimorum
1005 1052 1163 1087 codicum
1181 1051 1371 1085 lectionem
1397 1050 1521 1086 iubeto
1544 1059 1587 1086 ut
1604 1051 1701 1086 reci-

182 1106 301 1150 piant,
326 1111 448 1138 auctor
468 1115 553 1137 sum.
586 1103 689 1136 [Veh.
738 1102 835 1134 Idem
852 1107 972 1134 censet
988 1100 1200 1133 Lachmann.
1222 1099 1268 1133 ad
1284 1099 1392 1145 Prop.
1410 1099 1468 1142 111,
1489 1101 1523 1142 6,
1547 1098 1603 1145 [H‚
1627 1097 1701 1144 15‚]

180 1152 239 1189 43.
281 1153 405 1197 Neque
430 1150 534 1185 aliter
551 1148 739 1195 Spohnius.
786 1148 920 1193 Recepi
946 1156 998 1182 ut.
1037 1145 1134 1191 Wr.)

181 1293 309 1345 iurgia
332 1292 375 1331 in
398 1292 550 1345 ipsum,
592 1297 642 1330 ut
674 1289 913 1341 „iniuria

183 1351 537 1390 Sabinarum“
563 1349 768 1398 Liv.1,13.
792 1362 913 1400 quam

184 1409 354 1448 Sabinae
402 1421 610 1460 perpessae
660 1413 757 1446 sunt
777 1421 787 1456 3
843 1405 915 1444 sed

183 1467 295 1520 prior
324 1466 430 1505 ratio
449 1471 640 1519 praestat.
654 1467 679 1488 ‘⁴
729 1464 842 1503 Idem
862 1464 916 1503 ad

184 1539 243 1564 vs.
270 1527 334 1566 12.
364 1523 464 1563 haec
486 1523 675 1563 adnotat:
713 1523 915 1575 „Tityrus

187 1596 348 1632 serv-us5
396 1582 558 1634 Mopsus
571 1613 581 1632 ,
634 1581 739 1620 filius
781 1580 918 1620 divitis

187 1640 324 1693 patriS‚
353 1639 516 1690 haedos,
547 1646 596 1679 ut
617 1639 752 1678 iunior
772 1645 916 1688 aetate,

188 1698 337 1751 pascit3
378 1698 434 1736 sic
457 1711 520 1750 ap.
553 1698 639 1737 Tib.
660 1698 691 1747 I,
727 1701 793 1747 10,
824 1696 917 1738 41.:

190 1756 304 1808 „Ipse
327 1766 417 1793 suas
437 1761 615 1794 sectatur
637 1769 750 1805 oves,
783 1762 825 1794 at
856 1755 919 1793 si-

190 1814 297 1852 lius
329 1826 350 1850 a
362 1827 421 1865 gn
433 1827 455 1851 o
467 1828 496 1853 s.
508 1816 531 1835 “
565 1814 698 1866 Eurip.
728 1814 836 1866 Cycl.
857 1827 918 1851 vs,

191 1874 280 1913 27.:
320 1872 502 1920 „Hamas
529 1869 602 1924 μὲν
631 1867 707 1912 οὖν
736 1887 804 1924 μοι
830 1874 918 1912 κλι-

193 1924 302 1969 τύων
326 1928 369 1969 ἐν
388 1925 568 1981 ἐσχάτοις
604 1928 782 1981 Νὲμουσι
811 1932 921 1982 μῆλα

194 1985 266 2027 νέα
286 1985 372 2027 νέοι
388 1983 659 2037 πεφυκότες.“
681 1989 777 2026 —.“
807 1988 920 2026 Voss

196 2044 370 2082 conferri
398 2044 511 2083 iubet
530 2045 609 2084 Ecl.
626 2044 675 2094 ΙΙ,
700 2047 766 2087 30.
801 2043 919 2099 VVr.)

256 2100 321 2142 14.
352 2102 506 2140 alterna
543 2105 701 2152 notavi,
748 2116 822 2156 per
861 2103 923 2141 al-

196 2164 335 2209 terna,
367 2160 595 2199 alternatim
629 2174 774 2199 canens
791 2161 923 2200 versi-

198 2217 332 2255 culum
344 2247 355 2266 ,
386 2224 426 2256 et
442 2218 613 2257 eundem
631 2233 728 2258 mox
744 2219 923 2257 incidens

197 2274 242 2314 in
264 2274 464 2314 corticem.
494 2277 579 2315 Etsi
591 2291 670 2315 non
683 2277 783 2316 levis
801 2290 924 2329 opera

198 2345 281 2370 esse
312 2332 470 2383 debuit,
507 2340 641 2374 totum
675 2334 774 2384 hoe,
815 2334 925 2386 quod

200 2390 381 2441 sequitur
409 2405 431 2427 a
461 2405 500 2430 v.
523 2395 599 2442 20,
631 2406 789 2431 carmen
819 2393 925 2431 inci-

201 2447 295 2486 dere
321 2448 471 2487 cortici.
518 2447 588 2502 (At
609 2450 717 2501 apud
735 2451 924 2503 Calpurn.

200 2505 231 2554 Ι,
252 2507 319 2547 33.
339 2519 423 2556 sqq.
453 2519 592 2545 versus
620 2507 704 2546 LVI
732 2522 789 2560 pr
804 2522 825 2547 ο
840 2523 865 2560 p
880 2521 925 2546 e-

200 2563 347 2602 ranti
376 2563 516 2602 falce
546 2565 727 2603 notati
767 2566 807 2604 in
833 2580 927 2604 cor-

201 2620 280 2659 tice
297 2620 497 2672 leguntur.
538 2622 615 2660 Csr.
635 2623 754 2660 etiam
775 2623 852 2662 Tit.
874 2623 927 2661 ad

202 2678 392 2730 Calpurn.
422 2678 497 2728 ΠΙ,
528 2678 596 2720 43.
635 2680 740 2731 Virg.
774 2681 854 2719 Ecl.
874 2682 926 2730 X,

203 2735 292 2778 53.:
332 2736 584 2786 „tenerisque
614 2751 721 2775 meos
751 2738 928 2776 incidere

203 2807 359 2833 amores
379 2793 613 2832 Arboribus.
628 2797 651 2816 “
696 2795 832 2843 Quare
847 2810 930 2834 non

204 2857 313 2901 erat,
359 2865 432 2891 cur
462 2851 575 2891 Voss.
616 2851 658 2890 in
687 2852 928 2891 ¹deducto

204 2909 353 2949 cortice
374 2909 476 2948 haec
494 2909 643 2962 scripta
673 2909 930 2949 existimaret.

210 2967 432 3007 Modum
462 2967 618 3007 alterna
645 2969 810 3007 nolavi:
854 2968 880 3007 i.
899 2980 931 3006 e.

968 1287 1047 1327 Ubi
1063 1301 1256 1327 versuum
1274 1287 1477 1340 quendam
1487 1301 1704 1328 numerum

971 1346 1113 1385 cortici
1137 1346 1357 1385 incideram
1367 1376 1378 1396 ‚
1420 1359 1486 1385 eos
1514 1346 1704 1387 modula-

971 1411 1039 1444 tus
1075 1418 1165 1443 sum
1191 1410 1231 1443 et
1257 1404 1517 1443 modulamen
1550 1405 1704 1445 notavi.

971 1463 1078 1502 Hinc
1097 1476 1170 1500 mo
1182 1462 1269 1501 dul
1280 1468 1329 1501 at
1340 1475 1427 1501 ore
1438 1477 1470 1513 s,
1501 1463 1599 1502 artis
1610 1477 1706 1503 mu-

974 1521 1077 1559 sicae
1098 1520 1298 1572 doctores,
1321 1521 1351 1559 G
1360 1535 1383 1559 o
1394 1535 1434 1559 m
1442 1535 1470 1573 p
1479 1535 1502 1560 o
1514 1535 1542 1560 n
1551 1521 1566 1560 i
1576 1536 1594 1560 s
1605 1528 1623 1561 t
1633 1535 1654 1560 e
1663 1535 1705 1572 n,

975 1580 1008 1617 T
1021 1584 1276 1618 onsetzer.
1336 1579 1402 1618 Sic
1435 1579 1602 1632 Tityrus
1621 1580 1706 1620 Ecl.

975 1637 1004 1676 Ῐ..
1034 1651 1076 1675 m
1087 1651 1110 1675 0
1126 1636 1213 1676 dul
1223 1643 1273 1676 at
1285 1651 1345 1676 ur
1387 1651 1515 1676 avena
1545 1652 1708 1678 carmen

976 1695 1160 1734 silvestre
1178 1726 1189 1746 ,
1243 1695 1269 1734 i.
1300 1708 1333 1734 e.
1395 1696 1554 1747 quaerit
1591 1696 1708 1750 aptos

975 1753 1130 1792 modos.
1188 1752 1449 1792 Modulamen
1468 1761 1603 1793 autem
1627 1755 1709 1794 du—
1763 1787 1768 1791 .

974 1811 1071 1864 plex
1093 1817 1203 1861 erat,
1233 1811 1357 1861 vocis,
1386 1826 1481 1850 nam
1506 1812 1708 1852 cantando

975 1869 1231 1909 recitandum
1253 1876 1341 1911 erat
1358 1883 1532 1920 carmen,
1562 1885 1622 1911 VS.
1639 1869 1708 1913 48.

978 1934 1019 1966 et
1040 1928 1121 1966 Ecl.
1138 1927 1204 1977 ΙΙΙ,
1228 1929 1308 1977 21.,
1340 1934 1381 1966 et
1399 1928 1576 1979 fistulae,
1608 1941 1711 1981 quae

978 1986 1093 2038 quasi
1103 1985 1342 2025 intercalare
1363 2000 1536 2037 carmen,
1566 2002 1597 2026 s.
1618 2001 1711 2032 mo-

981 2044 1053 2082 dos
1068 2043 1254 2093 musicos,
1276 2045 1458 2094 canebat,
1489 2059 1570 2097 quo
1592 2045 1710 2085 finito

982 2102 1114 2140 denuo
1149 2107 1291 2140 cantus
1311 2103 1513 2155 pergebat.
1570 2104 1712 2155 Itaque

981 2160 1093 2212 quasi
1112 2159 1212 2198 haec
1233 2159 1389 2199 alterna
1410 2167 1538 2212 erant,
1569 2174 1712 2200 canere

980 2231 1082 2257 voce
1112 2224 1153 2256 et
1181 2217 1325 2257 inflare
1361 2219 1561 2270 fistulam,
1601 2219 1712 2272 quod

981 2289 1098 2314 nemo
1121 2290 1204 2315 una
1223 2282 1369 2329 potest.
1397 2279 1470 2330 Sp.
1503 2300 1552 2307 -—
1580 2279 1713 2317 Immo

981 2334 1083 2372 haec·
1114 2348 1174 2373 vs.
1208 2337 1296 2385 13„
1335 2334 1420 2376 vid.
1458 2335 1509 2384 Q.
1534 2335 1582 2375 V.
1608 2336 1713 2386 XX,

983 2395 1022 2433 7.
1047 2390 1158 2446 Wr.)
1223 2392 1288 2435 15.
1318 2394 1409 2433 Vid.
1440 2393 1643 2433 Theocrit.
1664 2394 1713 2443 V,

984 2450 1187 2493 92-95-
1250 2454 1315 2494 17.
1345 2452 1555 2501 saliunca,
1587 2451 1715 2491 herba

981 2507 1132 2559 ignota,
1162 2508 1268 2547 sorte
1284 2510 1436 2548 nardus
1449 2510 1613 2548 Celtica.
1630 2508 1714 2549 vid.

983 2565 1268 2605 Martin.1ulio
1297 2568 1442 2606 Sabino
1472 2581 1596 2619 genus
1627 2567 1716 2607 vir-

984 2624 1086 2675 gulti
1108 2624 1238 2676 asperi
1255 2631 1326 2664 est.
1359 2623 1618 2679 (saliuncam
1633 2637 1716 2664 esse

984 2681 1160 2720 nardum
1197 2682 1384 2722 Celticam
1403 2714 1415 2734 ‚
1455 2683 1718 2736 probabiliter

987 2738 1168 2792 disputat
1191 2740 1366 2780 Vossius,
1425 2741 1497 2780 Est
1515 2748 1652 2781 autem
1671 2754 1718 2779 ea

985 2796 1113 2835 herba
1133 2828 1144 2848 ,
1185 2805 1351 2839 auctore
1384 2799 1512 2838 Plinio
1535 2829 1548 2850 ‚
1593 2799 1719 2838 odore

988 2855 1152 2905 quidem
1207 2858 1344 2907 suavi,
1412 2863 1530 2896 tanta
1583 2863 1720 2896 autem

987 2912 1208 2964 brevitate,
1257 2922 1305 2954 ut
1353 2915 1459 2957 necti
1499 2928 1584 2955 non
1622 2929 1719 2968 pos-

989 2970 1052 3009 sit.
1100 2973 1170 3012 W*
1164 2969 1212 3026 r.)
