1768 3320
328 208 818 265 GEORGJCON
854 208 995 261 LIB.
1030 208 1081 271 1,
1124 214 1345 263 12—20

71 338 182 386 Ter
212 345 431 387 centum
451 336 594 387 nivei
626 335 860 386 tondent
893 333 1114 385 dumeta
1138 334 1384 399 iuvenci3

1496 216 1600 267 285

1534 344 1599 393 15

69 408 216 472 Ipse,
253 422 446 457 nemus
470 406 722 474 linquens
745 406 978 473 patrium
997 404 1269 473 saltusque
1288 408 1492 474 Lycaei,

68 478 204 539 Pan,
242 475 427 527 ovium
449 485 627 527 custos
642 517 655 540 ,
692 485 783 526 tua
804 476 846 525 si
865 475 962 525 tibi
981 475 1224 526 Maenala
1246 492 1421 541 curae,

67 545 246 610 Adsis,
284 562 318 596 o
343 549 612 612 Tegeaee,
648 544 857 608 favens3
896 544 1159 613 oleaeque
1180 545 1423 597 Minerva

67 616 362 678 Inventrix;
398 617 635 685 uncique
655 633 794 683 puer
814 625 1148 666 monstrator
1170 617 1350 679 aratri3

65 687 134 736 Et
167 694 414 737 teneram
461 687 527 737 ab
572 687 751 738 radice
799 685 981 738 ferens
1001 727 1015 751 ,
1072 685 1286 738 Silvane
1307 726 1321 750 ,
1377 703 1594 755 cupres-

860 773 982 808 sum
993 780 1007 818 ;
1525 763 1597 810 20

113 885 160 921 16
182 881 228 920 τὸ
246 880 419 920 Λύκαιον
439 880 543 932 ὄρος.
593 885 688 919 Male
706 886 823 930 Lycei
846 885 1029 920 edebatur.
1062 886 1155 920 conf.
1172 885 1246 920 Ecl.
1266 885 1317 928 X,
1338 886 1393 922 15.
1441 885 1528 919 Mox
1545 882 1594 920 τὰ

65 930 250 967 Μαίναλα
268 926 340 977 ὅρη
365 940 454 967 sunt.

553 934 597 970 17
621 936 658 967 si
673 934 748 967 sint
764 931 832 967 tibi
845 934 976 967 Moret.
997 932 1142 978 primus.
1192 942 1260 967 tua
1278 934 1328 966 sit
1349 931 1416 966 tibi
1432 932 1596 975 Vratisl.,

65 978 130 1013 aed
149 980 183 1013 si
207 990 251 1012 ex
266 978 420 1014 formula
442 980 649 1014 obtestandi
670 980 822 1014 ductum.
869 980 1021 1025 Elegans
1048 988 1166 1014 tamen
1186 986 1241 1013 est
1261 979 1452 1014 Schraderi
1471 992 1597 1014 emen-

65 1025 161 1060 datio
181 1026 283 1061 obss.
301 1028 329 1068 1,
350 1028 375 1065 3
398 1035 467 1061 tua
493 1040 559 1061 seu
589 1026 656 1062 tibi
683 1028 737 1061 M.
771 1026 877 1061 etiam
899 1039 919 1061 a
941 1027 1116 1061 Brunckio
1141 1033 1309 1072 recepta,
1342 1039 1405 1061 seu
1433 1027 1595 1062 Maenala

64 1080 124 1108 tua
141 1072 210 1107 tibi
231 1085 336 1108 curae
361 1081 459 1115 sunt,
492 1074 530 1108 h.
556 1074 755 1108 Maenalum
780 1086 871 1108 nunc
893 1074 1101 1120 frequentas
1115 1100 1125 1117 ,
1157 1074 1195 1108 in
1218 1085 1261 1108 eo
1290 1081 1411 1108 monte
1429 1075 1593 1109 versaris.

63 1120 160 1154 Idem
187 1119 391 1156 coniecerat
413 1121 449 1155 in
470 1121 611 1155 schedis
641 1133 807 1155 munera.

904 1123 949 1158 18
980 1123 1155 1175 Tegeaee.
1203 1121 1313 1155 Recte
1338 1121 1408 1155 iam
1437 1122 1482 1155 ab
1499 1122 1594 1156 Aldo

64 1167 217 1202 editum:
245 1168 434 1213 Τεγεαῖος.
457 1168 531 1202 Alii
547 1171 741 1216 Tegeee'et
759 1170 912 1215 Tegaee,
931 1168 995 1202 sed
1013 1169 1083 1203 Vld.
1105 1168 1151 1202 ad
1161 1171 1247 1202 Aen.
1265 1169 1310 1210 V,
1330 1170 1411 1206 299.
1462 1169 1523 1214 (—
1537 1170 1594 1206 19.

63 1213 192 1249 Medic.
217 1224 438 1258 mostratur,
472 1216 537 1249 sed
566 1228 672 1261 supra
707 1214 840 1269 scripta
867 1228 914 1256 n;
949 1215 987 1248 in
1019 1227 1088 1261 quo
1125 1215 1256 1250 veteris
1286 1215 1593 1260 pronunciationis

62 1261 251 1308 vestigium
275 1262 577 1308 deprehenditur,
603 1270 643 1297 ut
659 1274 767 1309 saepe
786 1261 873 1297 ahas
891 1262 930 1297 in
951 1262 1079 1298 eodem
1101 1262 1181 1298 cod.
1211 1262 1308 1308 Wr.)

63 1309 144 1343 dice
160 1315 243 1344 octo
262 1319 320 1356 ap.
338 1311 455 1345 Burm.

63 1414 117 1453 ad
165 1414 208 1456 h.
235 1415 262 1456 l.
323 1414 450 1471 Wr.)
510 1415 698 1470 Apollon.
737 1417 797 1467 11,

63 1474 148 1516 500
168 1487 254 1527 sqq.
283 1473 352 1525 IV,
372 1477 495 1517 1132.
518 1476 566 1515 cs.
589 1475 645 1514 ibi
661 1473 796 1514 Schol.

62 1537 105 1570 et
128 1530 169 1571 h.
197 1532 223 1571 l.
261 1533 373 1572 Serv.
382 1563 394 1583 ,
428 1546 548 1584 quem
574 1534 797 1587 pleniorem

61 1588 207 1629 habuit
239 1590 365 1630 Iulius
404 1591 588 1631 Sabinus.
625 1592 696 1631 inf.
725 1592 795 1631 Ge.

61 1646 132 1698 lV,
164 1650 250 1691 817
266 1662 351 1701 sqq.
374 1649 490 1688 Diod.
522 1650 602 1700 IV,
634 1652 703 1692 81.
726 1652 794 1692 82.

60 1705 139 1744 Hic
166 1712 335 1760 propter
371 1721 617 1760 pascuorum
644 1714 685 1747 et
714 1707 797 1747 sal—

61 1770 180 1803 tuum
203 1778 342 1804 curam
374 1765 602 1805 invocatur.
631 1781 796 1805 nemora

60 1821 170 1862 dicta
200 1830 392 1877 suntpro
421 1824 614 1874 saltibus,
636 1824 680 1863 in
699 1825 794 1878 qui—

56 1879 135 1920 bus
162 1895 313 1934 pascua
338 1888 447 1922 sunt.
517 1877 648 1922 Etiam
678 1897 718 1922 v.
740 1883 792 1926 15

57 1939 224 1978 dumeta
245 1954 322 1993 pro
342 1940 524 1991 saltibus,
553 1941 644 1980 loco
665 1941 792 1980 arbu-

58 1996 131 2036 stis
161 1998 328 2038 consito.
361 2001 567 2051 pinguia,
604 1998 791 2038 herbosa.

58 2055 222 2094 tondent
241 2086 252 2107 ,
293 2063 468 2110 pascunt
499 2056 647 2096 herbas
682 2057 792 2096 inter

58 2112 225 2152 arbusta
241 2121 369 2154 natas.
407 2114 493 2154 Aut
509 2128 697 2168 praesens
715 2129 792 2168 pro

58 2172 280 2224 praeterito
308 2173 507 2226 positum3
547 2180 642 2223 aut,
681 2179 791 2212 tam-

57 2242 181 2281 quam
210 2237 333 2283 poeta
361 2231 483 2271 deum
510 2231 647 2270 adhuc
665 2231 706 2270 in
725 2232 791 2270 in-

57 2287 147 2326 sula
186 2295 441 2341 praesentem
491 2303 606 2342 agere
649 2290 790 2329 cernit.

58 2343 156 2399 (hoc
174 2346 323 2387 verius.
357 2349 429 2388 W
421 2345 471 2402 r.)
505 2347 554 2387 In
573 2361 680 2400 seqq.
696 2354 790 2387 ante

57 2404 195 2443 oculos
247 2411 364 2444 erant
408 2418 550 2445 versus
584 2405 790 2462 Theocriti

55 2461 172 2514 Idyll.
198 2462 237 2513 I,
262 2466 357 2506 123.
390 2463 487 2506 124.
558 2462 682 2516 (lpse
716 2478 789 2504 cur

55 2519 286 2560 adjectum?
315 2521 399 2561 vid.
410 2521 461 2571 Q.
472 2522 521 2561 V.
539 2522 684 2573 XVIII,
695 2525 736 2573 2,
752 2537 789 2575 g.

62 2577 181 2633 Wr.)
245 2582 310 2621 17.
341 2587 414 2619 tua
431 2582 468 2618 si
491 2579 564 2618 tibi
581 2582 789 2619 Maenala

54 2649 174 2673 curae
188 2666 200 2685 ,
220 2637 549 2690 quandoquidem
566 2638 787 2690 Maenalus,

54 2690 253 2732 Arcadiae
268 2709 397 2746 mons,
415 2697 576 2749 pascuis
595 2697 786 2750 egregius,

53 2750 130 2788 tibi
164 2758 226 2790 est
264 2752 381 2806 longe
413 2755 662 2806 gratissimus
678 2785 689 2805 ‚
737 2762 787 2795 tu

53 2807 153 2846 mihi
184 2822 273 2848 rem
314 2813 547 2863 pecuariam
588 2815 786 2853 tractanti

52 2865 265 2918 propitius,
281 2881 439 2920 precor,
455 2871 574 2910 adsis.
617 2873 683 2913 18.
706 2873 786 2910 Te-

49 2937 216 2975 geaeus,
238 2925 322 2964 Pan
340 2926 390 2964 ab
403 2928 529 2980 Tegea
541 2929 691 2982 oppido
704 2928 786 2969 Ar—

53 2981 212 3032 cadiae,
254 2982 297 3021 in
325 2997 405 3036 qua
446 2992 488 3025 et
515 2992 674 3026 montes
701 2988 786 3041 Ly-

1404 1265 1593 1300 20ara-

1500 1321 1519 1336 ι,

855 1428 973 1455 caeus
994 1421 1033 1455 et
1051 1415 1271 1456 Maenalus.
1331 1417 1379 1456 Si
1399 1417 1443 1456 in
1469 1417 1591 1458 invo-

855 1474 1080 1513 cationibus
1098 1481 1140 1513 et
1150 1475 1489 1514 obtestationibus
1505 1476 1590 1514 sre—

853 1533 1170 1584 quenh'ssimum.
1186 1532 1273 1573 vid.
1286 1533 1338 1572 ad
1350 1532 1390 1572 h.
1401 1534 1428 1573 l.
1448 1534 1588 1573 Burm.

857 1593 923 1632 19.
977 1593 1148 1644 uncique
1192 1606 1300 1643 puer
1353 1600 1593 1631 monstrator

852 1651 1000 1699 aratri,
1031 1649 1304 1702 Triptolemus
1322 1650 1547 1689 Eleusinius
1566 1664 1589 1688 a

857 1706 1000 1745 Cerere
1036 1708 1262 1747 arationem
1309 1707 1490 1747 edoctus.
1537 1709 1586 1748 cs.

854 1763 1006 1804 callim.
1042 1765 1088 1805 in
1126 1766 1258 1805 Cerer.
1291 1780 1331 1806 v.
1360 1769 1417 1809 22
1453 1766 1589 1819 ibique

852 1822 1068 1875 spanhem.
1126 1824 1174 1863 In
1192 1824 1357 1877 gemmis
1377 1838 1502 1876 aeque
1521 1831 1587 1864 at-

852 1893 930 1933 que
949 1881 991 1920 in
1010 1881 1095 1920 aliis
1112 1883 1386 1922 monumentis
1407 1884 1589 1922 occurrit

850 1938 974 1978 modo
1000 1953 1129 1993 puer,
1167 1940 1291 1980 modo
1320 1941 1419 1993 bigis
1438 1941 1586 1981 draco-

849 2011 950 2036 num
968 2004 1122 2038 vectus.
1182 1999 1309 2049 Quod
1332 2013 1480 2038 nomen
1503 2014 1587 2039 non

850 2056 1064 2108 apposuit,
1103 2057 1201 2096 fecit
1227 2063 1277 2096 ut
1314 2064 1463 2110 poeta3
1503 2072 1587 2097 non

849 2114 965 2165 quasi
987 2115 1099 2153 litem
1124 2114 1176 2153 de
1204 2116 1331 2154 aratri
1350 2116 1586 2156 inventione

850 2185 965 2210 suam
1000 2173 1132 2212 facere
1166 2174 1371 2225 noluerit3
1420 2180 1470 2214 ut
1499 2175 1585 2214 Nic.

848 2229 1014 2270 Loensis
1038 2230 1242 2285 Epiphyll.
1272 2231 1304 2282 I,
1336 2235 1385 2274 11
1411 2240 1585 2272 conten-

850 2287 985 2328 debat.
1044 2289 1235 2329 Ceterum
1263 2289 1483 2331 observatu
1519 2291 1586 2330 di-

847 2360 993 2398 gnum,
1032 2347 1144 2400 quod
1171 2347 1445 2402 Triptolemus
1461 2348 1584 2389 heros

846 2418 959 2444 nunc
978 2404 1087 2444 inter
1113 2406 1209 2445 deos
1228 2406 1460 2447 invocatur.

906 2465 975 2505 20.
1016 2463 1105 2503 Tali
1131 2463 1279 2504 habitu
1298 2466 1492 2505 Silvanus
1517 2472 1583 2504 te-

845 2533 991 2560 nerum
1024 2523 1203 2576 cupressi
1228 2529 1425 2563 truncum
1451 2524 1583 2562 ferens

845 2578 887 2617 in
912 2593 1116 2620 marmore
1155 2595 1218 2634 ap.
1253 2581 1515 2621 Boissardum
1538 2582 1582 2621 P.

845 2637 918 2688 VI,
946 2639 1030 2678 tab.
1059 2641 1116 2681 30
1141 2639 1335 2679 occurrit.
1406 2641 1583 2679 Ramum

845 2697 1022 2749 cupressi
1057 2697 1191 2736 ferens
1227 2711 1440 2750 expressus
1470 2704 1532 2736 est
1559 2712 1583 2736 a

843 2755 1015 2807 Spencio
1042 2755 1241 2809 Polymet.
1270 2756 1328 2794 Pl.
1348 2757 1521 2805 XXXV,
1541 2759 1580 2798 7.

842 2812 940 2852 Fuit
959 2827 1121 2866 quoque
1138 2813 1276 2853 sabula
1296 2813 1346 2852 de
1369 2814 1581 2867 Cyparisso

841 2884 971 2923 puero
996 2878 1130 2912 amato
1150 2888 1160 2911 z
1198 2871 1282 2911 vid.
1303 2873 1416 2911 Serv.
1449 2871 1502 2909 ad
1526 2870 1580 2909 111

842 2928 942 2969 Aen.
965 2932 1062 2973 680.
1093 2930 1281 2970 Silvanus
1301 2930 1449 2982 pinifer
1470 2927 1580 2981 apud

842 2987 979 3041 Beger.
1020 2987 1139 3028 Thes.
1185 2987 1381 3027 Brundel.
1431 2987 1477 3025 T.
1504 2985 1577 3034 ΠΙ,
