1768 3320
320 192 747 247 BUGOLICA
780 193 951 244 ECL.
985 195 1048 257 X,
1084 199 1311 249 20-29

1466 203 1575 260 2414

41 317 218 383 Galle,
234 356 237 361 .
255 317 388 386 quid
413 318 644 370 insanis?
678 319 875 386 inquit,
912 327 1004 369 tua
1024 336 1149 370 cura
1171 323 1388 385 Lycoris

38 391 255 458 Perque
274 388 424 438 nives
445 388 611 438 alium
627 405 837 456 perque
855 388 1077 440 horrida
1098 399 1262 440 castra
1277 401 1457 443 secuta
1477 404 1567 447 est.

39 458 202 511 Venit
225 467 279 508 et
300 459 491 524 agresti
515 459 697 526 capitis
717 459 963 510 Silvanus
983 458 1215 524 honore,

37 527 309 580 Florentis
328 527 527 579 ferulas
553 538 606 579 et
626 529 847 595 grandia
869 529 976 580 lilia
996 547 1262 598 quassans,

1500 536 1569 587 25

37 601 152 650 Pan
174 598 309 649 deus
329 599 587 649 Arcadiae
604 600 774 652 venit:
812 617 980 668 quem
1003 600 1237 651 vidimus
1261 600 1360 667 ipsi

41 668 355 735 Sanguineis
381 669 525 720 ebuli
551 669 723 720 baccis
742 671 1024 738 minioque
1051 671 1357 722 rubentem.

36 739 235 807 Ecquis
257 740 357 790 erit
375 739 607 791 modus?
642 741 829 808 inquit.

900 744 1073 792 Amor
1093 758 1207 791 non
1226 740 1346 790 talia
1372 750 1531 807 curat.

36 810 151 862 Nec
170 808 401 860 lacrimis
424 810 654 861 crudelis
674 815 871 877 Amor,
907 828 1010 863 nec
1029 812 1270 878 gramina
1288 811 1438 876 riviS,

30 917 35 919 ”
106 907 190 957 24.
225 919 447 955 nouom:
465 906 554 957 Fr..

84 1033 133 1071 23
156 1035 303 1081 Perque
319 1034 427 1069 nives
443 1034 581 1080 Alpum
600 1033 691 1067 coni.
715 1033 884 1068 Schottus
899 1034 1001 1068 Obss.
1019 1035 1063 1078 Π,
1085 1033 1126 1077 4,
1150 1034 1255 1069 male.
1279 1046 1314 1067 v.
1335 1033 1456 1068 Barth.
1475 1034 1564 1068 Λᾶν.

38 1080 174 1123 xvm,
193 1083 249 1118 16.

342 1079 392 1117 24
414 1082 530 1128 capiti
545 1082 685 1124 Menag.
735 1082 1074 1128 (lutei-punctionem
1093 1082 1130 1116 in
1151 1082 1220 1116 fine
1238 1093 1358 1115 versus
1371 1107 1380 1123 ,
1405 1081 1449 1116 ab
1466 1082 1570 1127 Hey-

38 1126 99 1162 nio
125 1127 163 1162 in
181 1127 423 1162 recentissima
444 1127 603 1162 editione
622 1127 795 1162 sublatam
808 1155 818 1171 ,
842 1129 1023 1163 revocavit
1043 1128 1335 1165 Wunderlichius
1347 1155 1357 1171 ‚
1383 1127 1465 1162 coll.
1481 1131 1568 1163 Aen.

38 1175 101 1217 IV,
121 1177 178 1213 11.
202 1175 358 1209 Iuvenal.
373 1176 439 1216 XI,
458 1177 537 1211 106.
561 1175 640 1209 val.
659 1175 777 1209 Flacc.
795 1177 822 1218 1,
835 1174 917 1212 438.
949 1176 1044 1221 Wr.)

38 1221 148 1256 Goth.
167 1234 240 1256 sec.
252 1248 263 1266 ,
282 1222 358 1256 *sed
379 1222 451 1256 vid.
469 1224 554 1256 Not.

37 1269 106 1312 26,
129 1269 232 1303 male.

44 1316 142 1361 Wt.)
165 1318 348 1363 nimioque
364 1317 495 1351 Medic.

1124 1177 1170 1213 25
1197 1176 1319 1210 violas
1335 1187 1403 1222 pro
1412 1174 1569 1222 setulas

647 1224 695 1260 26
718 1224 885 1257 Arcadia
903 1231 972 1257 vet.
995 1224 1073 1258 cod.
1092 1223 1230 1257 Barthii
1251 1223 1289 1256 in
1306 1222 1451 1257 Advers.
1472 1223 1567 1265 XLI,

326 1270 375 1305 27
400 1268 501 1303 bacis
526 1277 561 1304 et
584 1269 644 1303 hic
669 1270 780 1304 multi.
822 1269 939 1315 (bacis
964 1271 1067 1305 etiam
1094 1271 1226 1304 Medic.
1258 1276 1295 1304 et
1323 1273 1419 1304 Serv.
1440 1270 1567 1304 Dresd.

576 1317 623 1352 28
646 1319 784 1364 Ecquis·
799 1317 920 1351 Heius.
941 1330 960 1351 e
977 1318 1108 1352 Medic.
1134 1324 1170 1351 et
1190 1318 1280 1351 aliis.
1327 1320 1379 1350 Et
1397 1318 1478 1363 quis
1494 1316 1567 1351 alii.

40 1363 237 1410 (inquibus
251 1364 286 1399 2.
303 1365 338 1400 3.
368 1366 424 1398 W
419 1365 464 1404 r.)
511 1367 688 1398 Amorum
707 1365 786 1398 cod.
804 1365 959 1407 Barthfi5
985 1365 1081 1411 quod
1097 1377 1169 1399 non
1189 1365 1301 1399 habet
1314 1390 1324 1406 ,
1347 1376 1408 1397 cur
1425 1363 1479 1397 vir
1496 1364 1569 1398 do-

39 1419 115 1445 ctus
132 1418 316 1457 tantopere
336 1411 570 1445 commendet.
610 1424 680 1445 nec
706 1412 801 1446 talia
816 1412 980 1446 Parthas.

40 1459 148 1506 (ripis
165 1466 220 1492 est
235 1458 336 1505 prior
356 1457 464 1492 lectio
480 1458 612 1492 Medic.
643 1461 699 1494 W
694 1459 740 1503 r.)

37 1591 79 1617 v.
96 1579 166 1620 78.
226 1580 296 1620 23.
326 1577 384 1616 Cs.
411 1591 452 1617 v.
474 1576 531 1620 47
564 1584 606 1617 et
636 1576 770 1630 Argu·-

37 1641 164 1675 ment.
222 1633 308 1689 (—
328 1638 400 1677 23.
439 1649 591 1688 perque
629 1639 769 1674 nives:

37 1692 135 1733 hinc
155 1706 350 1746 apparere
369 1692 553 1743 videtur,
583 1695 774 1747 Eclogam

37 1750 147 1791 hanc
172 1751 366 1804 scriptam
394 1765 478 1790 esse
503 1765 550 1790 eo
577 1759 772 1806 tempore,

36 1810 109 1849 ubi
127 1810 174 1848 in
192 1810 311 1848 Italia
329 1809 411 1848 iam
429 1817 604 1849 vernant
624 1811 772 1861 omnia,

13 1867 81 1908 viu
111 1867 266 1921 Alpinis
296 1868 526 1921 regionibus
558 1869 631 1908 nix
663 1883 773 1908 non-

38 1926 139 1966 dum
170 1925 368 1977 collicuit3
408 1927 481 1967 cfr.
508 1928 631 1966 etiam
647 1927 696 1966 V.
727 1929 772 1966 L.

39 1984 93 2023 ad
117 1998 177 2024 vs,
207 1986 274 2026 19.
320 1986 392 2025 W
384 1983 441 2039 r.)
510 1985 580 2028 24.
621 1987 775 2038 agwsa·

38 2044 187 2095 capitis
208 2042 401 2081 Siluanus
418 2043 578 2094 honore,
602 2051 771 2083 ornatus

38 2107 148 2140 serto
166 2114 187 2138 e
204 2100 342 2139 ferulis
362 2106 404 2139 et
417 2100 522 2141 liliis.
581 2101 645 2140 Ita
664 2102 773 2141 scili-

40 2164 105 2198 cet
127 2165 170 2198 et
192 2172 216 2196 a
231 2158 362 2211 poetis
392 2165 433 2197 et
455 2159 499 2198 in
520 2160 662 2212 priscis
683 2175 774 2199 mo-

37 2216 245 2256 numentis
263 2216 450 2255 Silvanus
467 2217 695 2268 exhibetur,
725 2224 775 2257 ut

39 2288 233 2314 coronam
262 2287 315 2312 ex
341 2274 556 2314 frondibus
580 2276 774 2326 arboreis,

39 2339 113 2373 aut
141 2331 363 2386 gffanffibus
388 2333 559 2373 floribus
586 2340 626 2373 et
646 2348 774 2373 arun—

39 2392 202 2431 dinibus
217 2397 351 2443 gerat,
391 2404 518 2431 manu
541 2390 609 2446 (cf.
630 2392 773 2445 Georg.

37 2449 70 2500 1,
97 2448 173 2504 20)
203 2462 437 2502 cupressum
465 2456 537 2489 aut
556 2451 681 2489 alium
707 2464 777 2489 ar·-

38 2507 149 2547 boris
177 2514 372 2547 truncum
401 2514 551 2547 teneat.
610 2509 677 2547 Sic
704 2522 776 2547 co·-

38 2579 141 2606 rona
158 2566 276 2618 pinea
288 2572 483 2605 oneratur
498 2567 541 2605 in
554 2573 653 2606 noto
662 2581 776 2606 mar-

39 2637 153 2663 more
173 2637 236 2677 ap.
253 2624 456 2663 Boissard.
477 2625 522 2664 T.
544 2625 610 2675 IV,
622 2640 662 2678 p.
678 2624 774 2675 134,

40 2688 84 2720 et
110 2679 275 2721 Gruter.
300 2696 341 2735 p.
363 2683 505 2732 LXIII,
536 2697 616 2735 quo
638 2690 775 2722 tamen

42 2739 186 2779 eodem
201 2738 349 2779 habitu
367 2741 455 2780 Pan
482 2741 692 2781 interdum
707 2742 776 2780 in-

40 2798 161 2850 signis
180 2803 252 2836 est.
310 2799 376 2837 Sic
393 2799 554 2838 Lucret.
580 2799 648 2850 IV,
676 2800 775 2850 591,

41 2868 163 2907 quem
180 2856 418 2907 expressisse
438 2856 480 2896 h.
499 2857 527 2896 l.
550 2864 690 2897 noster
710 2857 778 2896 vi·-

42 2913 182 2952 detur:
212 2914 309 2951 Pan
338 2915 465 2952 Pinea
496 2916 679 2968 semy'en’
702 2930 778 2953 ca—

36 2973 140 3023 pitis
170 2971 377 3008 velamina
415 2986 631 3023 quassans.
683 2972 777 3012 add.

111 3040 322 3089 Vfflen..
361 3039 503 3089 ΤοΜ.
530 3040 568 3089 Ι.

1074 1414 1121 1449 29
1148 1413 1242 1460 ripis
1256 1411 1387 1445 Medic.
1405 1423 1426 1445 a
1446 1424 1491 1445 m.
1513 1423 1567 1458 pr.

830 1578 952 1618 Ovid.
974 1579 1084 1618 Fast.
1100 1579 1132 1629 I,
1155 1577 1253 1620 412.
1270 1577 1339 1626 III,
1358 1575 1426 1619 84.
1467 1576 1568 1616 Exi-

830 1637 911 1676 mia
948 1651 1040 1677 cmn
1082 1642 1298 1676 venustate
1336 1634 1415 1674 hoc
1457 1635 1568 1674 idem

830 1696 1043 1734 transtulit
1060 1694 1279 1734 Columella
1295 1694 1348 1744 X,
1368 1693 1423 1735 43
1446 1693 1571 1731 Satur

830 1754 1110 1803 Auctumnus‚
1144 1766 1345 1806 quassans
1370 1766 1446 1790 sua
1464 1760 1567 1789 lem-

825 1826 933 1863 pora
951 1813 1101 1863 pomis,
1120 1818 1161 1850 et
1180 1810 1438 1863 Hymenaeus
1454 1824 1568 1847 mar—

831 1878 960 1908 centes
999 1871 1118 1921 cupio
1168 1882 1361 1921 quassare
1400 1882 1568 1906 coronas

832 1942 894 1981 ap.
916 1928 1127 1967 Claudian.
1145 1926 1301 1975 XXXI,
1328 1928 1396 1968 96.
1448 1925 1567 1964 Cete-

829 2000 925 2025 rum
940 1986 985 2025 in
1002 1985 1066 2024 his
1080 1985 1263 2024 versibus
1283 1984 1395 2023 color
1416 1983 1566 2023 ductus

831 2058 915 2083 esse
935 2044 1102 2083 videtur
1119 2044 1168 2083 ab
1182 2043 1327 2095 Odyss.
1349 2058 1395 2092 ω,
1416 2043 1472 2084 58
1481 2055 1567 2093 sqq.

831 2103 984 2141 Fer-ula
1005 2108 1142 2141 autem
1166 2102 1328 2150 frutex,
1358 2100 1463 2139 soliis
1480 2101 1568 2138 soe-

831 2160 990 2210 niculo,
1032 2159 1162 2212 specie
1182 2165 1223 2198 et
1250 2172 1330 2198 usu
1352 2157 1569 2197 arundjni-

830 2219 907 2258 bus
921 2249 931 2267 ,
963 2219 1108 2270 quibus
1129 2231 1205 2270 pro
1227 2216 1380 2256 baculis
1396 2216 1567 2264 utimur,

832 2277 990 2326 similis;
1030 2277 1280 2317 Graecorum
1310 2271 1486 2328 νάρθηξ.
1519 2274 1568 2312 cs.

830 2334 996 2374 Marfin.
1043 2333 1155 2373 Nihil
1182 2339 1319 2373 autem
1346 2332 1457 2373 novi⁴
1497 2346 1570 2371 co-

832 2407 954 2432 ronas
977 2405 1029 2431 ex
1046 2391 1326 2441 arundinibus,
1355 2361 1569 2430 frondibus

834 2450 1033 2500 arboreis,
1074 2463 1156 2488 esse
1184 2450 1324 2489 factas.
1394 2449 1570 2501 Compa-

832 2509 918 2548 rari
941 2521 1103 2561 quoque
1123 2522 1216 2547 cum
1233 2507 1297 2546 his
1314 2512 1486 2560 possunt
1500 2506 1566 2545 illa

832 2566 989 2606 Moschi
1003 2567 1121 2619 Idyll.
1141 2566 1250 2616 XIV,
1270 2568 1328 2607 26
1348 2579 1433 2616 sqq.

891 2628 961 2667 27.
1011 2623 1213 2663 rubentem
1236 2654 1248 2673 ,
1302 2623 1351 2661 cs.
1391 2636 1478 2674 sup.
1516 2621 1567 2660 ad

834 2683 900 2734 VI,
918 2685 988 2725 22.
1047 2682 1229 2737 Efflulqm
1247 2680 1399 2720 nostris
1415 2679 1568 2729 Alliclz,

832 2741 983 2780 herbae
1005 2753 1152 2793 genus,
1171 2738 1325 2778 'baccas
1342 2738 1501 2786 rubras,
1525 2737 1569 2776 in

834 2799 1143 2839 similitudinem
1161 2796 1353 2845 sambuci,
1382 2795 1561 2834 Hollun-

835 2858 928 2907 der,
967 2857 1212 2910 producens.
1283 2857 1351 2896 29.
1392 2854 1485 2891 Nec
1500 2852 1570 2888 la·-

835 2917 972 2953 cn'mis
1008 2915 1182 2953 crudelis
1226 2913 1367 2951 Amor.
1442 2911 1569 2946 Amor

834 2972 877 3012 h.
898 2973 926 3011 l.
952 2972 1002 3011 de
1026 2972 1101 3012 deo
1124 2968 1420 3022 accipiendum,
1451 2966 1484 3004 si
1502 2979 1568 3003 sa·-

1217 3037 1286 3084 16
