1734 3320
248 232 351 281 636
579 229 634 281 P.
670 230 1035 282 VIRGILII
1070 232 1448 285 MARONIS

249 355 631 423 Contusosque
652 357 862 406 animos
883 365 937 407 et
959 374 1047 408 res
1066 359 1398 410 miserabere
1421 358 1634 413 fractas:
1678 366 1734 415 24

246 428 316 476 At
338 424 526 476 suffire
546 425 761 492 thym0‚
801 444 1058 495 cerasque
1085 425 1332 480 recidere
1354 431 1543 494 inaniS,

248 497 379 560 Quis
400 495 644 549 dubitet?
680 515 807 547 nam
826 515 987 565 saepe
1008 497 1159 549 favos
1180 500 1396 565 ignotus
1426 501 1609 552 adedit

247 567 460 632 Stellio,
497 576 550 617 et
572 565 818 633 lucifugis
842 578 1094 634 congesta
1115 570 1307 621 cubilia
1336 571 1529 638 blattis,

316 664 434 715 243.
475 662 730 723 STELL103
778 676 1025 725 BLATr1s3

290 800 362 838 240
387 805 595 836 Concansos
611 802 703 836 Gud.
732 808 768 836 et
795 803 866 837 duo
884 804 1016 839 Moret.
1049 804 1132 850 (vid.
1148 805 1194 839 ad
1214 806 1278 839 Ge.
1298 805 1325 848 Ι,
1350 806 1432 841 262.
1462 805 1560 850 Wr.)
1612 808 1732 840 Concu

243 861 377 895 sosque
400 850 531 894 Regius
559 849 703 884 Martin.
761 850 969 885 miserabile
990 852 1085 886 idem
1113 853 1245 898 Regius
1278 865 1356 887 cum
1386 853 1441 887 ed.
1470 854 1561 888 Ven.
1598 854 1650 899 (et
1676 856 1734 887 Sex

242 897 372 930 Dresd.
406 897 501 941 Wr.)
551 896 731 931 mirabere
749 899 977 943 Longobard.
999 912 1019 933 a
1034 913 1080 933 m.
1102 912 1171 934 sec.
1267 898 1337 936 241
1362 905 1415 934 At
1433 912 1554 934 omnes
1574 901 1651 934 fere
1672 901 1734 935 cod

242 944 399 977 Heinsii:
436 948 516 978 Aut
537 944 656 989 vulgo.
704 947 766 980 An
785 945 949 980 Reiskius
970 947 1204 988 coniiciebat3
1230 960 1275 981 an
1298 949 1374 994 quis
1395 947 1558 982 dubitet?
1592 951 1672 983 Aut
1689 961 1734 995 sa

234 990 344 1038 serre
375 992 501 1026 thumo
521 992 684 1036 (thamus
706 993 801 1037 apud
829 994 857 1026 F
860 994 992 1039 oggin.)
1018 994 1162 1038 Medic„
1186 1007 1252 1029 nec
1281 1006 1353 1028 non
1373 997 1522 1029 Roman.
1548 1002 1583 1029 et
1611 996 1666 1030 ed.
1685 998 1734 1031 Ve

242 1039 407 1083 thymum
426 1046 498 1073 tres
518 1039 612 1084 apud
632 1041 750 1073 Burm.
799 1043 851 1074 At:
868 1041 1124 1087 suffirefimo,
1157 1042 1231 1076 scil.
1256 1042 1410 1084 bubulo,
1445 1042 1538 1076 coni.
1566 1045 1618 1077 Io.
1641 1043 1734 1078 Schr¹

242 1085 368 1128 derus,
395 1099 438 1119 ex
454 1087 629 1120 communi
652 1094 847 1133 praecepto
874 1095 1058 1123 auctorum
1088 1090 1133 1123 de
1161 1091 1202 1124 R.
1220 1091 1262 1124 R.
1290 1096 1327 1123 et
1347 1089 1434 1124 Plin.
1453 1091 1566 1133 XXI,
1591 1090 1648 1134 14,
1673 1090 1734 1126 s.4

240 1134 363 1167 Recte.
411 1135 547 1169 Verum
583 1134 690 1167 etiam
726 1134 853 1180 thymo
891 1148 1020 1171 cneoro
1057 1137 1321 1182 suffumigatur:
1367 1149 1400 1171 ν.
1429 1150 1459 1172 c.
1497 1138 1660 1184 Geopon.
1690 1139 1734 1171 X'

239 1180 273 1222 2,
297 1181 356 1216 37.
406 1194 584 1227 cerasque
609 1182 801 1215 recindere
828 1183 963 1218 Zulich.
1012 1186 1175 1219 incidere
1195 1184 1357 1218 Parrhas.
1386 1184 1553 1219 habuisse
1578 1185 1734 1220 videbam

241 1228 390 1272 (inanes
418 1229 548 1262 Medic.
578 1228 673 1273 Wn)
769 1229 841 1265 242
867 1232 959 1274 Quis
988 1231 1134 1266 dubites
1161 1232 1270 1266 Goth.
1297 1244 1352 1277 pr.
1411 1233 1560 1266 adhesit
1583 1234 1734 1267 Romam

237 1274 310 1311 243
336 1276 467 1310 Stellio
486 1284 523 1309 et
543 1275 724 1324 laczfugis
746 1288 867 1311 omnes
890 1278 1066 1322 Pieriani,
1106 1291 1227 1313 omnes
1256 1280 1333 1313 fere
1360 1279 1518 1321 Heinsii3
1553 1292 1619 1314 nec
1649 1280 1734 1314 abes

239 1335 261 1357 a
278 1323 349 1357 suis
368 1321 413 1358 τὸ
437 1332 473 1357 et
489 1331 610 1357 monet
628 1323 825 1365 Martinus;
859 1337 924 1359 nec
946 1327 1047 1360 abest
1068 1340 1087 1360 a
1111 1327 1221 1361 Goth.
1234 1353 1243 1369 ,
1281 1333 1460 1360 extrusum
1478 1334 1615 1361 tantum
1637 1334 1711 1370 est,

239 1371 337 1416 quod
356 1378 390 1404 et
408 1371 486 1416 ipse
510 1371 629 1404 malim
650 1372 802 1414 factum,
827 1372 862 1405 in
892 1373 972 1407 edd.
992 1374 1110 1419 vulgg.
1141 1381 1223 1408 ante
1253 1374 1395 1417 Heins.,
1422 1380 1459 1407 et
1479 1374 1619 1420 quidem
1643 1375 1726 1409 inde

237 1418 372 1452 Manut.
401 1418 539 1452 Fabric.
570 1419 776 1452 Commelin.
807 1420 974 1455 Heinsius
1004 1422 1204 1464 revocavit,
1238 1429 1276 1455 ut
1299 1434 1364 1467 pes
1393 1422 1547 1456 creticus
1577 1422 1642 1463 sit3
1679 1435 1734 1469 qu(

236 1465 327 1499 mihi
351 1478 486 1499 merum
506 1466 819 1501 Grammaticorum
841 1476 1073 1502 commentum
1094 1482 1171 1503 esse
1191 1469 1354 1507 videtur..
1392 1469 1486 1511 Quid
1512 1469 1602 1503 enim
1622 1469 1730 1504 ieiuni

238 1519 275 1547 et
301 1513 457 1558 ineptius
485 1526 504 1547 a
530 1520 640 1559 poeta
668 1514 746 1547 fieri
773 1515 907 1560 possit,
942 1529 1047 1562 quam
1072 1517 1108 1550 in
1127 1516 1275 1551 heroico
1296 1529 1398 1551 versu
1418 1517 1554 1551 alienos
1573 1518 1686 1563 pedes
1705 1530 1734 1552 a(

237 1560 404 1595 miscere!
448 1562 582 1594 Verum
610 1562 913 1607 pronuntiandum
941 1570 995 1597 est
1020 1564 1112 1598 binis
1139 1563 1288 1610 syllabis
1321 1564 1465 1609 Stelljo.
1514 1566 1593 1599 Hoc
1615 1566 1658 1599 ab
1693 1565 1734 1599 ali

236 1609 375 1651 Stelio,
398 1609 528 1651 stilio,
563 1609 688 1643 Stillio
713 1609 890 1644 scribitur.
938 1612 1050 1645 Porro
1071 1611 1231 1659 lacisugi
1252 1624 1280 1644 e.
1301 1624 1331 1645 c.
1351 1610 1461 1646 blatta·
1474 1612 1609 1646 Zulich.
1662 1626 1734 1647 exe.

235 1655 372 1690 cubilia
409 1655 517 1689 Pierii
543 1668 665 1690 manus
693 1656 727 1689 in
769 1669 831 1690 ora
856 1657 1007 1701 codicis,
1052 1671 1095 1692 ex
1126 1658 1405 1704 interpolatione
1432 1671 1506 1693 non
1533 1660 1682 1702 inscita3
1719 1662 1734 1693 I

234 1703 422 1737 Schrader.
442 1712 626 1738 contexta.
676 1705 769 1737 Tum
789 1703 918 1748 blatis,
946 1705 1088 1748 blaciae,
1104 1707 1242 1754 planis
1260 1706 1428 1740 scribitur
1448 1720 1504 1753 ap.
1524 1709 1712 1742 Burmann.

235 1750 370 1784 Colum.
390 1752 455 1792 IX,
480 1752 514 1793 7,
542 1751 576 1786 5.
625 1751 790 1785 Reiskius
810 1752 859 1786 ita
880 1752 997 1787 locum
1017 1754 1236 1798 refingebat:
1270 1757 1331 1788 An
1353 1753 1483 1799 suffire
1501 1756 1627 1800 thymo
1647 1769 1732 1790 cera

260 1811 306 1831 ue
324 1799 487 1832 recidere
503 1799 637 1832 inanes
657 1801 748 1842 Quis
770 1798 912 1833 dubitet
935 1802 1035 1845 (nam
1047 1801 1247 1845 —Stellio)
1259 1827 1267 1842 ‚
1302 1801 1484 1848 lucificgis
1503 1811 1682 1850 congesta
1702 1816 1734 1837 ct

257 1846 324 1879 ilia
343 1844 493 1878 blattis?
518 1852 555 1878 ut
577 1858 684 1879 cerae
701 1847 835 1879 inanes
853 1847 923 1880 sint
941 1848 1030 1882 haec
1050 1848 1195 1882 cubilia.
1230 1848 1372 1894 (Medic.
1402 1849 1531 1892 stelio,
1571 1850 1636 1883 sed
1659 1851 1734 1884 scel

233 1892 333 1937 prius
353 1892 525 1937 scriptum
540 1892 650 1926 fuisse
663 1919 672 1935 ,
696 1901 798 1926 notat
818 1894 967 1939 Foggin.
1017 1895 1119 1929 Nihil
1138 1903 1254 1928 autem
1269 1896 1500 1937 movendum;
1525 1909 1606 1930 nam
1625 1898 1656 1931 si
1675 1909 1731 1931 om

234 1939 323 1973 seris
346 1939 528 1985 copulam,
554 1939 626 1973 sive
647 1940 782 1982 tribus,
816 1941 888 1974 sive
911 1942 1046 1975 duabus
1074 1942 1220 1988 syllabis
1244 1943 1459 1987 pronuncies
1483 1944 1627 1986 stellio,
1658 1945 1734 1979 faci·

233 1995 357 2021 contra
380 1987 525 2032 Virgilii
541 1999 695 2029 morem;
721 1988 751 2021 si
772 1988 886 2022 tribus
900 2015 909 2032 ,
934 1989 1083 2023 habebis
1106 1990 1276 2024 creticum
1294 2002 1361 2035 pro
1384 1991 1542 2036 dactylo,
1568 1992 1638 2026 vid.
1660 2000 1734 2026 not}

231 2041 269 2068 ta
291 2035 336 2069 ad
353 2037 438 2069 Aen.
459 2035 523 2076 IX,
546 2035 648 2076 2964
675 2035 728 2069 sin
755 2035 909 2079 duabus,
945 2048 1148 2084 corrumpes
1177 2049 1362 2080 numeros,
1388 2038 1457 2071 vid.
1479 2040 1522 2080 Q.
1539 2040 1584 2074 V.
1605 2040 1703 2082 XIII,
1732 2069 1734 2074 .

233 2082 268 2116 d.
316 2083 370 2116 De
388 2081 540 2128 synizesi
564 2082 635 2116 vid.
663 2084 709 2118 V.
730 2083 771 2117 L.
798 2083 844 2117 ad
860 2085 947 2118 Aen.
981 2086 1009 2128 I,
1032 2086 1067 2120 2.
1114 2085 1287 2119 Mutanda
1316 2091 1432 2119 autem
1469 2092 1548 2121 erat
1582 2087 1734 2133 Heyniar

232 2203 394 2253 alveus,
424 2203 567 2242 inanes
595 2202 718 2242 cellae
734 2203 973 2256 exscalpen—
1028 2204 1127 2243 liato
1146 2205 1261 2245 alveo
1285 2212 1327 2245 et
1356 2206 1434 2246 cibi
1452 2207 1642 2260 penuria,
1675 2207 1734 2247 hie

232 2261 307 2300 dae
339 2267 380 2299 et
406 2262 670 2312 recidendae,
713 2275 765 2300 ne
794 2262 907 2313 quod
927 2262 972 2301 in
1028 2263 1123 2302 mali
1146 2270 1342 2318 tempore.
1373 2266 1477 2305 cons.
1510 2266 1665 2305 Colum.
1693 2267 1734 2306 Ι)

229 2320 278 2359 iis
300 2321 586 2360 animalculum
607 2320 814 2360 occultum
833 2321 971 2360 lateat.
1032 2321 1098 2372 14,
1122 2326 1187 2364 11.
1247 2322 1347 2365 241.
1395 2325 1452 2362 Ut
1478 2338 1613 2362 omnes
1631 2326 1734 2365 vitio.

230 2379 509 2432 Trepidabant
538 2386 580 2419 et
605 2378 673 2418 hic
701 2380 836 2432 Intpp.
882 2379 970 2418 Ob-
1014 2379 1122 2432 favi
1152 2382 1348 2420 tollantur
1367 2413 1377 2433 ,
1424 2382 1653 2422 curandum
1684 2391 1734 2422 esi

229 2444 389 2478 servata
426 2437 528 2477 haec
569 2438 703 2476 omnia
734 2439 816 2477 iam
853 2444 970 2476 erant
1027 2438 1183 2479 Colum.
1211 2440 1288 2490 IX,
1313 2443 1378 2491 13,
1399 2443 1437 2483 8.
1456 2442 1504 2480 cf.
1535 2439 1671 2494 9111.
1697 2445 1734 2484 15

227 2495 460 2548 Aristoteli3
484 2497 568 2536 vid.
587 2496 639 2535 H.
654 2496 788 2535 Anim.
809 2497 882 2546 IX,
900 2496 969 2539 40.
1028 2511 1061 2535 e.
1090 2497 1156 2549 14,
1189 2501 1225 2540 1.
1255 2502 1294 2541 2.
1331 2502 1396 2541 13.
1440 2499 1569 2539 Varro
1599 2499 1672 2550 ΙΙΙ,
1695 2503 1734 2543 1(

227 2569 266 2608 p.
286 2554 369 2597 946
385 2554 444 2606 A.,
468 2555 539 2594 sed
557 2556 601 2593 in
623 2556 770 2594 caussis
787 2555 970 2594 redden-
1028 2553 1084 2597 34
1106 2563 1211 2595 extr.
1271 2558 1330 2596 At
1348 2557 1392 2596 in
1411 2557 1590 2610 apodosi,
1620 2564 1670 2598 ut
1691 2573 1734 2598 su

229 2613 291 2652 dis
309 2613 521 2652 laborabat
547 2614 716 2653 maximi
735 2613 969 2667 philosophi
1025 2627 1101 2666 pra
1124 2615 1358 2667 aliquoties:
1391 2612 1487 2666 εἶτα,
1519 2611 1634 2667 ἄλλά,
1657 2613 1730 2658 ἄλλ

227 2685 408 2711 acumen.
468 2672 638 2711 Monent
676 2673 816 2711 eadem
858 2673 967 2711 Geo-
1025 2687 1081 2727 γε.
1114 2673 1226 2725 quod
1253 2674 1375 2712 etiam
1402 2682 1597 2713 attamen.
1661 2674 1734 2718 245

224 2730 378 2784 ponici‚
409 2730 541 2770 Varro
568 2736 607 2769 et
637 2730 856 2770 Columella
875 2745 967 2770 cum
978 2760 986 2764 η.
1025 2732 1189 2782 ignotas
1208 2732 1370 2782 Stellio,
1404 2746 1489 2772 non
1508 2733 1734 2773 observatu:

225 2789 420 2828 Palladio.
490 2791 588 2831 239.
625 2804 773 2840 parces
797 2789 961 2841 saturo,
1027 2790 1185 2828 occulte
1215 2789 1423 2844 adrepens.
1443 2799 1482 2829 et
1498 2791 1637 2830 blattis
1659 2807 1733 2830 con

226 2847 453 2887 conditioni
488 2861 534 2886 ac
576 2847 802 2886 necessitati
843 2861 965 2899 apum
1021 2856 1142 2899 gesta
1175 2848 1327 2887 cubilia
1361 2858 1482 2899 sunt,
1524 2849 1566 2889 h.
1603 2850 1734 2889 blatta

223 2908 400 2946 futurae.
444 2905 672 2945 Priscianus
689 2905 791 2945 haec
808 2906 893 2958 ipsa
911 2905 965 2944 ad
1024 2906 1224 2945 cubilibus
1255 2920 1330 2957 eo,
1368 2908 1411 2946 in
1443 2908 1557 2947 favos
1592 2922 1734 2948 vacuos

223 2965 423 3018 apodosin
458 2964 660 3004 referebat
679 2994 691 3017 ,
730 2971 780 3003 ut
809 2970 962 3014 essent,
1023 2965 1241 3017 congestis,
1285 2965 1458 3005 adedere
1484 2967 1611 3006 savos.
1650 2968 1734 3006 laci

219 3038 350 3076 parce
375 3029 418 3064 et
447 3026 667 3064 miserator.
727 3022 826 3067 240.
856 3024 963 3077 Spo-
1009 3022 1159 3076 Jicgis,
1201 3036 1275 3078 per
1304 3030 1467 3064 noctem
1491 3025 1733 3079 vagantibus
