1768 3320
569 229 672 277 -·-1N
710 227 1136 277 GEORGICA
1526 235 1626 283 277

99 355 241 406 inter
276 352 531 404 mortales
559 353 840 415 versabor,
885 369 1110 420 operam
1141 352 1363 417 Virgilio
1405 354 1626 406 adhibe-

97 424 251 490 bam,
287 422 532 474 consului
566 432 619 473 et
652 423 855 490 inspexi
888 422 1083 487 libros,
1131 423 1223 490 qui
1256 421 1402 473 hisce
1439 424 1507 474 de
1540 443 1628 476 re-

98 494 226 558 buS,
264 510 403 561 quae
429 494 484 543 in
507 494 825 543 Maroniano
857 494 1094 543 carmine
1121 502 1458 543 memoratae
1489 504 1627 556 sunt,

97 563 457 632 praecipiunt;
504 565 806 632 comparavi
836 581 1059 631 quoque
1091 580 1176 623 ea,
1221 579 1358 631 quae
1389 564 1445 612 in
1478 563 1626 627 illud,

97 650 494 701 nonnunquam
535 650 659 684 cum
703 633 1030 684 contumelia
1069 633 1214 697 mei,
1259 634 1486 700 scripta,
1539 644 1628 684 aut

98 703 286 754 callide
310 704 365 753 in
391 703 664 754 diversum
682 721 902 755 sensum
926 703 1132 755 deflexa
1153 712 1300 765 sunt,
1331 713 1392 753 ut
1414 703 1626 754 cachin-

96 775 179 824 nis
209 773 621 824 commovendis
649 774 800 825 locus
829 784 992 836 esset;
1042 773 1193 842 quod
1227 791 1390 841 quam
1431 773 1625 824 libera—

95 844 218 895 liter
246 842 339 894 fiat
362 843 427 894 ab
451 845 536 908 iis,
585 844 653 895 de
682 845 877 913 quibus
898 845 1041 896 bene
1072 845 1298 895 meritus
1331 861 1506 907 eram,
1544 845 1625 894 iu-

98 914 279 966 dicent
296 913 394 966 alii.
447 915 745 982 Equidem,
785 915 1104 965 condonatis
1127 915 1345 980 ingenio
1368 915 1625 981 asperiori

97 985 311 1049 ceteriS,
348 985 535 1035 sustuli
555 985 683 1035 inde
707 985 816 1047 illa,
852 983 990 1053 quae
1008 985 1260 1035 videbam
1278 985 1486 1035 monita
1510 1002 1624 1035 esse

95 1071 223 1106 vere
256 1071 315 1105 ac
342 1064 513 1120 recte,
560 1065 649 1105 aut
677 1057 889 1123 quoties
913 1073 1026 1106 non
1053 1055 1195 1106 bene
1226 1056 1566 1105 recessissem
1597 1073 1624 1105 a

96 1124 272 1177 Cerda
306 1134 359 1175 et
389 1124 499 1175 aliis
539 1126 617 1175 rei
646 1126 873 1176 rusticae
903 1127 1101 1193 peritis,
1184 1128 1275 1176 Me
1305 1126 1359 1175 in
1394 1126 1500 1191 agri
1533 1142 1624 1175 co-

94 1194 244 1247 lendi
263 1195 473 1246 ratione
495 1204 548 1246 et
564 1212 667 1246 usu
684 1195 830 1246 haud
850 1206 1119 1247 versatum
1134 1238 1147 1259 ,
1184 1212 1286 1246 nec
1306 1196 1623 1246 rusticarum

95 1282 386 1334 operarum
429 1274 484 1316 et
523 1266 1011 1317 instrumentorum
1049 1267 1170 1316 satis
1215 1283 1330 1317 esse
1370 1267 1622 1333 peritum,

94 1337 330 1402 ingenue
364 1352 512 1386 eram
550 1335 857 1402 professus3
912 1337 1056 1387 bene
1102 1353 1324 1405 quoque
1366 1336 1622 1402 intellige,

94 1406 381 1457 hominem
418 1407 596 1473 operis
639 1407 889 1475 vitaeque
918 1407 1206 1472 agrestium
1234 1406 1623 1472 intelligentem

95 1477 151 1527 in
195 1475 411 1540 multiS‚
469 1493 606 1543 quae
644 1486 806 1543 poeta
847 1478 1041 1543 attigit,
1096 1477 1282 1527 videre
1325 1477 1526 1527 acutius
1571 1486 1624 1527 et

93 1547 361 1597 maiorem
383 1563 443 1595 ex
464 1545 698 1597 lectione
720 1564 911 1614 capere
930 1564 1091 1615 posse
1114 1547 1473 1614 voluptatem,
1499 1547 1622 1614 quia

94 1632 181 1668 res
212 1617 385 1684 ipsas,
443 1633 673 1684 quarum
714 1617 972 1685 equidem
1002 1626 1212 1668 tantum
1250 1618 1490 1684 speciem
1531 1616 1622 1666 ali-

95 1704 260 1756 quam
279 1687 460 1737 animo
482 1685 781 1755 fingebam,
817 1687 984 1738 oculis
1007 1689 1300 1756 animoque
1320 1687 1622 1755 propositas

93 1757 281 1823 habet,
314 1765 404 1807 aut
425 1755 625 1809 habuit.
696 1758 990 1808 Enimvero
1020 1758 1128 1808 hoc
1156 1758 1340 1808 locum
1370 1757 1535 1807 habet
1566 1758 1620 1806 in

94 1829 247 1879 omni
283 1826 517 1877 lectione
556 1837 609 1876 et
646 1827 1122 1895 interpretatione,
1180 1837 1241 1879 ut
1281 1845 1382 1895 pro
1420 1844 1620 1891 rerum,

94 1915 232 1967 quae
270 1915 299 1947 a
325 1897 586 1964 scriptore
614 1906 936 1962 tractantur,
990 1907 1043 1949 et
1084 1916 1186 1966 pro
1222 1898 1619 1963 intelligentiae,

95 1985 257 2037 quam
276 1967 507 2018 lectores
530 1965 789 2032 afferunt,
823 1968 1125 2019 diversitate
1151 1969 1391 2019 diversus
1410 1969 1476 2017 sit
1498 1985 1620 2019 sen-

93 2056 206 2104 suS,
243 2037 501 2088 iudicium
532 2046 586 2088 et
614 2038 915 2088 iucunditas
937 2038 1152 2090 lectoris
1178 2040 1437 2106 cuiusque
1459 2048 1511 2088 et
1537 2039 1620 2088 in-

92 2109 367 2177 terpretis3
416 2117 470 2158 et
502 2107 669 2157 debet
701 2107 807 2158 hoc
841 2110 1018 2175 ipsum
1045 2110 1179 2159 verti
1213 2109 1279 2159 ad
1303 2109 1530 2176 plenum
1562 2125 1619 2158 ac

93 2178 399 2248 perfectum
430 2195 459 2228 e
489 2178 750 2244 scriptore
783 2179 1107 2245 capiendum
1132 2178 1395 2242 fructum,
1431 2179 1473 2228 si
1500 2178 1621 2245 plu-

94 2267 205 2312 res,
233 2265 335 2316 pro
361 2264 459 2298 suo
494 2248 722 2315 quisque
749 2248 1005 2312 modulo,
1042 2267 1228 2299 rerum
1252 2266 1354 2299 usu
1378 2265 1436 2298 ac
1453 2247 1619 2298 facul-

94 2319 312 2381 tatibuS,
350 2335 469 2368 eam
489 2317 653 2367 rebus
682 2327 735 2367 et
757 2318 935 2368 verbis
960 2319 1140 2369 lucem
1162 2317 1416 2383 afferant,
1456 2335 1618 2386 quam

94 2390 159 2440 ab
188 2406 302 2440 uno
334 2397 424 2439 aut
452 2387 632 2454 paucis
666 2385 860 2438 frustra
893 2399 1151 2456 expectes
1223 2393 1430 2439 Verum
1456 2406 1515 2438 ea
1541 2397 1619 2438 est

93 2460 239 2511 labes
260 2459 459 2524 ingenii
482 2457 731 2522 humani,
768 2468 828 2508 ut
856 2458 1140 2524 gloriolam
1174 2477 1235 2509 ex
1263 2459 1493 2509 aliorum
1519 2458 1617 2507 ob-

92 2530 409 2583 trectatione
436 2528 685 2594 aucupari
706 2528 870 2593 malit,
899 2547 1061 2597 quam
1084 2529 1397 2579 utilitatibus
1417 2529 1482 2578 ab
1510 2528 1618 2577 aliis

94 2600 286 2667 paratis
321 2598 444 2649 alias
468 2614 634 2647 novas
667 2598 897 2662 addere,
933 2616 1037 2650 nec
1064 2608 1174 2649 tam
1207 2600 1425 2666 propria
1459 2597 1617 2648 laude

93 2669 291 2720 florere
309 2711 323 2734 ,
370 2686 534 2736 quam
565 2667 794 2718 aliorum
819 2670 1015 2720 virtute
1047 2670 1326 2720 obscurata
1364 2684 1616 2719 crescere.

153 2750 175 2772 Ό

237 2811 386 2871 Quae
422 2808 482 2856 in⁴
505 2806 922 2872 Virgilianorum
962 2809 1262 2860 carminum
1301 2809 1617 2874 interpreta-

95 2880 244 2929 tione
275 2876 625 2944 spectaverim
646 2917 660 2941 ,
707 2886 761 2928 et
791 2887 1127 2945 quantopere
1159 2880 1214 2929 in
1242 2879 1380 2928 votis
1411 2876 1615 2925 habue—
