1768 3320
168 197 257 232 c1v
595 178 742 228 TIB.
791 177 898 227 CL.
935 172 1255 224 DONATI

110 319 155 355 87
168 311 268 360 deo,
310 323 391 361 qua
416 313 655 361 tempestate
686 306 848 347 Admeti
878 305 1002 344 boves
1034 306 1212 355 paverat.
1273 298 1352 339 Alii
1363 299 1532 365 ’Libero,
1561 300 1691 355 Nym-

168 368 344 423 pharum
374 366 546 415 scilicet,
593 372 634 405 et
666 369 928 418 Satyrorum,
969 367 1009 400 et
1036 361 1078 399 id
1107 372 1231 411 genus
1260 372 1475 397 numinum
1523 359 1689 413 rincipi,

111 436 158 474 88
171 426 316 479 quibus
341 425 475 478 placet
503 424 703 463 rusticum
730 435 902 462 carmen.
971 418 1048 458 Alii
1083 416 1285 456 Mercurio
1326 416 1485 469 Daphni
1516 417 1549 456 is
1583 418 1693 471 patri

169 490 378 538 pastorum
406 482 584 521 omnium
612 482 807 534 principi,
847 485 888 518 et
920 476 1029 531 apud
1058 474 1319 515 Theocritum
1339 505 1349 524 ,
1381 481 1423 514 et
1451 475 1562 528 apud
1580 475 1694 516 hunc

114 550 159 586 89
170 544 304 596 ipsum
330 547 501 594 poetam.
561 539 640 578 Alii
664 541 707 579 in
738 539 934 578 honorem
962 537 1089 574 Panos
1116 533 1235 572 scribi
1267 539 1417 586 putant
1432 534 1694 587 peculiariter

114 599 383 654 9opastoralis
403 598 486 647 dei,
516 598 614 636 item
637 597 782 646 Sileni,
813 594 986 643 Silvani,
1018 599 1138 644 atque
1154 591 1404 631 Faunorum.
1465 592 1581 641 Quae
1600 607 1695 633 cum

173 658 307 698 omnia
327 657 515 695 dicantur
527 686 538 706 ,
568 656 670 695 illud
690 655 766 694 erit
786 651 1108 707 probatissimum
1121 681 1131 700 ,
1165 650 1401 688 Bucolicum
1422 664 1585 691 carmen
1610 652 1695 691 ori-

171 717 302 770 ginem
324 715 469 753 ducere
499 728 521 752 a
544 714 683 766 priscis
704 711 973 765 temporibUS,
1004 709 1150 760 quibus
1179 708 1267 747 vita
1282 709 1495 761 pastoralis
1516 710 1695 749 exercita

175 780 284 823 erat3
322 779 363 811 et
389 773 478 811 ideo
510 772 623 811 velut
651 771 760 811 aurei
789 768 934 808 saeculi
955 767 1126 819 speciem
1151 766 1194 805 in
1212 766 1409 806 eiusmodi
1426 780 1696 820 personarum

174 831 426 884 simplicitate
463 831 664 882 cognosci3
704 835 744 868 et
773 827 917 866 merito
944 825 1178 878 Virgilium,
1221 838 1507 878 processurum
1536 826 1589 866 ad
1618 827 1696 865 alia

176 889 371 938 carmina,
412 902 493 927 non
522 888 682 926 aliunde
711 886 905 939 coepisse,
953 884 1029 922 nisi
1058 883 1107 922 ab
1132 896 1177 921 ea
1203 884 1314 934 vita,
1357 898 1460 936 quae
1488 885 1621 938 prima
1650 880 1696 924 in

175 947 294 987 terris
315 946 403 986 fuit.
460 946 558 984 Nam
578 955 715 998 postea
738 958 836 984 rura
858 942 985 992 culta,
1014 949 1054 981 et
1074 941 1126 979 ad
1142 947 1390 994 postremum
1408 957 1484 996 pro
1514 943 1633 983 cultis
1654 949 1697 983 et

176 1005 372 1045 feracibus
400 1005 515 1044 terris
545 1004 647 1042 bella
676 1009 881 1056 suscepta:
920 1000 1030 1053 quod
1065 999 1228 1040 videtur
1246 1001 1437 1053 Virgilius
1456 1001 1604 1055 inipso
1625 1016 1696 1041 or-

179 1064 273 1102 dine
298 1076 461 1115 operum
484 1076 648 1101 suorum
674 1062 844 1101 voluisse
860 1065 1110 1106 monstrare,
1143 1072 1234 1097 cum
1252 1066 1435 1112 pastores
1450 1060 1596 1113 primo,
1622 1060 1697 1100 de-

177 1121 270 1160 inde
290 1120 500 1171 agricolas,
532 1120 662 1170 canit,
696 1126 736 1158 et
753 1119 805 1158 ad
827 1119 1015 1157 ultimum
1038 1117 1265 1157 bellatores.

118 1191 163 1224 91
290 1179 419 1217 XXII.
446 1179 611 1228 Restat,
652 1184 724 1228 ut,
761 1190 862 1230 quae
894 1191 1040 1215 caussa
1070 1176 1319 1215 voluntatem
1352 1175 1537 1216 attulerit
1552 1183 1696 1230 poetae

177 1237 365 1277 Bucolica
391 1236 637 1289 potissimum
669 1235 890 1285 scribendi,
930 1234 1241 1274 consideremus.
1299 1233 1385 1274 Aut
1415 1235 1521 1274 enim
1554 1235 1696 1275 dulce-

178 1295 270 1334 dine
292 1294 475 1332 carminis
494 1294 698 1333 Theocriti
724 1301 765 1333 et
793 1293 1058 1333 admiratione
1080 1293 1164 1332 eius
1184 1293 1342 1332 illectus
1369 1299 1452 1345 est,
1487 1300 1559 1333 aut
1583 1294 1698 1334 ordi-

175 1367 268 1392 nem
298 1358 525 1404 temporum
548 1360 606 1390 est
631 1359 823 1404 sequutus
842 1365 932 1403 erga
963 1351 1092 1391 vitam
1108 1350 1349 1402 humanam,
1379 1358 1430 1392 ut
1446 1366 1570 1405 supra
1589 1353 1698 1391 dixi-

175 1425 284 1460 1nus3
325 1416 396 1448 aut
422 1417 503 1448 tres
532 1410 673 1449 modos
701 1410 997 1460 elocutionum,
1039 1423 1140 1461 quos
1173 1414 1430 1464 χαρακτῆρας
1459 1410 1601 1450 Graeci
1619 1425 1699 1450 vo-

176 1475 292 1517 cant,
325 1465 484 1520 ἰσχνόν,
517 1469 586 1519 qui
609 1468 765 1518 tenuis,
797 1465 947 1522 ἁδρὸν,
979 1468 1047 1519 qui
1066 1467 1250 1520 validus,
1281 1467 1425 1523 μέσον,
1461 1469 1535 1521 ,qui
1554 1469 1699 1508 mode-

118 1529 287 1565 921-atus
315 1525 561 1578 intelligitur.
620 1527 817 1565 Credibile
846 1532 933 1565 erat
966 1526 1200 1578 Virgilium,
1240 1527 1311 1579 qui
1334 1527 1378 1573 in
1408 1529 1518 1567 omni
1554 1541 1699 1580 genere

175 1583 445 1636 praevaluerit
463 1614 473 1634 ,
522 1584 708 1623 Bucolica
743 1585 942 1636 primum,
993 1585 1188 1637 Georgica
1220 1586 1471 1636 secundum,
1520 1584 1700 1640 Aeneida

120 1648 166 1683 93
177 1642 340 1680 tertium
379 1642 552 1680 voluisse
586 1643 847 1681 conscribere.
913 1643 996 1682 Aut
1031 1643 1122 1682 ideo
1162 1644 1299 1697 potius
1334 1645 1466 1697 primo
1506 1645 1699 1684 Bucolica

178 1699 354 1751 scripsit,
385 1705 433 1738 ut
454 1699 497 1737 in
520 1700 713 1738 eiusmodi
736 1700 934 1750 carmine,
966 1701 1078 1753 quod
1097 1708 1139 1740 et
1156 1703 1293 1756 paullo
1319 1702 1484 1742 liberius
1501 1733 1511 1753 ,
1553 1710 1593 1742 et
1610 1717 1699 1741 ma—

178 1757 236 1809 gis
252 1757 430 1796 validum
443 1787 453 1806 ‚
486 1771 605 1808 quam
624 1765 754 1796 cetera
766 1789 776 1808 ,
808 1764 885 1808 est,
916 1760 1149 1799 facultatem
1167 1760 1336 1800 haberet
1355 1761 1580 1814 captandae
1599 1762 1701 1800 Cae—

122 1816 169 1853 94
179 1815 276 1853 saris
295 1814 583 1866 indulgentiae,
613 1817 955 1869 recuperandique
974 1819 1079 1870 agri,
1112 1833 1232 1871 quenl
1250 1820 1448 1860 amiserat.
1509 1819 1572 1859 Ob
1592 1819 1702 1859 hanc

180 1886 359 1911 caussam
390 1872 453 1910 die
482 1874 603 1912 tertio
633 1875 774 1913 iduum
804 1875 1042 1916 Martiarum
1074 1877 1116 1917 C.
1144 1878 1311 1918 Caesare
1339 1878 1575 1929 interfecto,
1607 1892 1702 1918 cum

181 1930 404 1982 Augustum
424 1931 629 1970 Caesarem
646 1946 770 1984 paene
789 1947 960 1986 puerum
982 1937 1166 1975 veterani
1187 1937 1333 1975 milites
1346 1967 1356 1986 ,
1387 1951 1472 1976 non
1496 1937 1701 1977 abnuente

184 1990 351 2036 Senatu,
383 1988 455 2026 sibi
477 1988 617 2028 ducem
647 1992 964 2043 constituissent,
997 2001 1140 2033 exorto
1162 1995 1266 2034 bello
1288 1995 1417 2045 civili,
1450 1995 1701 2035 Cremonen-

182 2059 262 2094 ses,
293 2059 384 2083 cum
411 2047 551 2084 ceteris
581 2047 755 2087 eiusdem
777 2050 919 2101 studii,
951 2051 1203 2091 adversarios
1234 2052 1405 2106 Augusti
1427 2053 1606 2093 Caesaris
1624 2053 1702 2093 ad·-

125 2108 170 2144 95
183 2103 388 2142 iuverunt.
446 2104 560 2143 Unde
587 2106 740 2145 sactum
768 2114 851 2158 est,
891 2115 959 2160 ut,
992 2124 1083 2149 cum
1114 2112 1246 2150 victor
1273 2111 1479 2164 Augustus
1497 2112 1540 2151 in
1561 2126 1703 2152 eorum

184 2174 298 2212 agros
323 2167 533 2200 veteranos
566 2163 711 2203 deduci
738 2165 930 2217 iussisset,
971 2183 1054 2207 non
1083 2170 1306 2209 sufficiente
1336 2184 1431 2222 agro
1454 2171 1704 2210 Cremonen-

184 2218 309 2267 sium,
340 2218 549 2258 Mantuani
569 2235 751 2273 quoque,
784 2223 827 2262 in
845 2226 990 2276 quibus
1009 2232 1096 2266 erat
1124 2228 1334 2281 Virgilius,
1365 2229 1586 2267 maximam
1602 2243 1703 2282 par-

183 2281 266 2314 tem
292 2289 456 2315 suorum
483 2278 622 2317 finium
654 2280 928 2333 perdiderint,
971 2298 1017 2324 eo
1054 2286 1165 2337 quod
1198 2287 1323 2326 vicini
1364 2287 1702 2327 Cremonensibus

126 2340 174 2375 96
186 2334 357 2372 fuerant.
417 2335 495 2372 Sed
517 2336 722 2389 Virgilius,
753 2339 923 2392 Augusti
943 2343 1217 2384 familiaritate
1242 2358 1396 2397 suoque
1426 2346 1603 2385 carmine
1621 2346 1705 2384 sre-

183 2396 278 2440 tus,
308 2391 541 2431 centurioni
566 2395 684 2434 Arrio
722 2397 914 2438 obsistere
941 2414 1060 2440 ausus
1093 2409 1165 2443 est.
1223 2404 1294 2442 Ille
1317 2403 1476 2454 statim,
1507 2410 1558 2443 ut
1578 2404 1704 2454 mileS‚

185 2448 238 2487 ad
264 2448 442 2500 gladium·
471 2465 632 2492 manum
659 2453 852 2496 admovit.
912 2459 1092 2511 Cumque
1124 2474 1166 2500 se
1205 2462 1249 2501 in
1275 2463 1412 2515 fugam
1437 2462 1706 2516 proripuisset

163 2608 165 2611 v
185 2579 223 2607 et
242 2572 376 2607 inventi
394 2576 552 2611 carminis
572 2579 742 2614 honorem
766 2582 811 2615 ad
830 2594 908 2616 eum
967 2585 1067 2620 colic.
1079 2587 1377 2636 grandiloquum.
1398 2589 1450 2623 Cf.
1462 2589 1588 2634 Cuper.
1602 2587 1704 2622 Obss-

184 2621 385 2654 referebant
405 2630 543 2666 poetae.
967 2633 994 2675 1,
1017 2633 1040 2668 5
1057 2645 1112 2677 pr.

231 2690 261 2734 §,
279 2690 337 2724 90.
370 2693 499 2725 merito
537 2696 748 2742 Virgilium
782 2699 911 2733 stolida
1017 2680 1046 2724 §-
1069 2681 1126 2716 93⁶
1142 2728 1148 2734 .
1167 2690 1204 2716 εἰ
1228 2684 1348 2738 ἠαὲἰῖς
1370 2682 1555 2724 ''alidum3
1598 2681 1705 2715 immo

185 2735 340 2781 argutia!
364 2738 494 2771 Eadem
509 2747 625 2775 tamen
650 2744 749 2780 etiam
770 2746 806 2779 in
827 2750 911 2780 Ser-
968 2738 1074 2769 vero’
1099 2741 1220 2783 mmai*
1238 2743 1272 2764 ²¹⁰
1300 2731 1382 2764 ‘nde
1405 2732 1436 2776 9
1451 2731 1509 2766 91’

184 2782 294 2816 viauia
315 2782 352 2815 in
371 2795 426 2828 pr·
445 2787 596 2822 Bucolic.
621 2791 650 2834 ς.
671 2791 729 2826 24.
1017 2786 1121 2827 quem
1140 2786 1317 2811 amzserat
1343 2776 1386 2812 ob
1407 2779 1504 2812 hanc
1520 2787 1705 2810 caussam.

373 2848 382 2861 ι
444 2851 452 2863 ⁸
583 2859 588 2864 .
676 2861 681 2866 .
971 2820 1023 2853 Ita
1051 2832 1154 2866 muge
1191 2823 1410 2859 sententiam.
1469 2827 1559 2858 Sunt
1590 2828 1708 2857 autem

230 2852 260 2896 ᾗ.
281 2852 337 2887 91-
359 2851 500 2898 αὸρον,
550 2870 585 2891 ιιι
605 2860 761 2894 valcdus.
788 2862 912 2896 Melius
973 2872 1009 2899 et
1040 2867 1129 2901 haec
1158 2869 1203 2903 ad
1232 2872 1262 2916 ᾗ.
1291 2873 1337 2907 97
1367 2884 1387 2905 a
1408 2869 1573 2916 sequiore
1591 2881 1708 2910 mann,

184 2897 319 2952 Gf‘mm
333 2900 475 2954 vnum
498 2915 522 2936 ιι
546 2917 642 2938 erem
659 2907 787 2950 reddit,
812 2922 914 2955 quem
971 2913 1066 2946 forte
1093 2927 1135 2948 ex
1163 2917 1339 2952 Servianis
1364 2919 1560 2953 comment.
1589 2929 1643 2964 pr.
1678 2916 1709 2962 §-

184 2945 275 2978 vide.
324 2948 465 2982 Servius
494 2961 546 2994 pr.
575 2951 766 2988 Comment.
787 2955 823 2989 in
843 2958 914 2991 Bu—
974 2961 1017 2995 11
1040 2959 1181 2996 inserta.
