1734 3320
100 244 202 293 390
280 236 618 290 EXCURS.
650 236 739 285 Π*
772 235 874 285 AD
913 232 1207 284 GEORG.
1244 231 1385 282 LIB.
1414 232 1442 281 Ι

215 369 279 409 Ita
297 381 394 409 vero
416 380 577 417 versus,
616 365 671 405 acl
698 378 819 418 quem
839 364 967 404 omnis
996 363 1105 404 bona
1134 362 1420 416 interpretatio
1441 361 1624 402 offende-

98 429 191 479 bat,
221 441 367 469 verum
388 440 508 466 suum
529 439 692 464 sensum
718 423 832 463 facile
862 428 1099 476 recuperat:
1140 421 1388 474 Necfiatris
1405 420 1535 460 radiis
1552 420 1626 460 ob-

98 489 224 527 noxia
254 499 414 538 surgere
445 486 597 532 Luna;
636 495 734 524 vere
767 481 875 520 enim
908 494 1046 520 sensus
1077 485 1158 530 est,
1199 485 1239 518 et
1269 491 1352 517 esse
1382 478 1521 518 debet:
1551 492 1627 519 nec

98 546 213 585 Luna
242 544 364 583 lucet.
436 542 675 592 Enimvero,
723 538 929 593 quomodo
968 538 1049 578 hoc
1089 552 1182 577 cum
1216 537 1360 576 ceteris
1396 538 1625 589 conveniat,

99 603 264 643 tandem
292 615 344 640 ex
358 601 448 640 loco
465 601 583 639 Arati
604 605 844 651 assequutus
865 612 974 648 sum,
1006 609 1126 649 quem
1142 601 1265 649 poeta
1286 596 1495 662 expressit.
1536 597 1627 636 Sci-

98 662 194 702 licet
224 660 374 701 Aratus
404 659 576 699 Diosem.
603 660 685 700 281
707 670 765 709 sq.
794 655 1019 708 ingruentis
1040 653 1291 707 tempestatis
1320 654 1478 707 signum
1498 668 1626 708 appo-

99 721 164 760 nit
178 719 277 759 hoc:
308 717 473 769 quando
492 717 630 756 stellae
652 715 948 764 obscurantur,
980 713 1098 752 nulla
1116 719 1339 763 apparente
1355 726 1518 763 caussa,
1551 725 1627 752 nec

100 779 276 818 nubibus
300 775 510 825 obductis,
542 788 617 813 nec
635 773 803 826 caligine
827 771 922 823 alia,
952 785 1025 810 nec
1045 771 1146 809 luna
1165 769 1378 821 subeunte,
1423 783 1525 822 quae
1547 770 1627 810 sci-

100 837 197 876 licet
215 838 305 876 luce
323 847 396 873 sua
418 833 635 872 obscurare
652 845 716 870 eas
733 836 890 884 posset3
919 830 1057 882 itaque
1076 834 1119 867 et
1139 827 1184 867 in
1201 827 1388 868 Marone:
1419 829 1628 868 stellarum

102 897 174 934 lux
191 910 272 934 non
289 900 346 931 est
366 891 509 930 obtusa
522 920 533 941 ‚
576 905 649 930 nec
677 898 813 929 tamen
839 889 940 927 luna
967 890 1110 937 oritur,
1141 886 1248 925 lueet
1263 916 1274 936 ‚
1317 901 1422 940 quae
1443 888 1532 926 luce
1549 902 1628 926 sua

102 968 172 992 eas
191 953 398 992 obscurare
410 951 555 1001 possit.
615 949 660 987 [n
679 947 743 987 his
761 946 865 987 nihil
887 952 970 998 est,
999 944 1115 998 quod·
1131 959 1206 984 nos
1229 951 1426 985 moretur.
1484 944 1627 1000 Appo-

102 1026 197 1051 nam
215 1022 358 1052 versus
377 1006 514 1047 Arati:

324 1060 433 1136 ἦμος
457 1061 499 1107 δ’
518 1058 741 1118 αστερόθεν
761 1057 948 1116 καθαρὸν
970 1077 1082 1113 φαος
1098 1056 1372 1131 ἄμβλύνηται,

326 1119 424 1166 ουδέ
445 1128 581 1165 ποθεν
601 1120 771 1174 νεφέλαι
793 1117 1058 1172 πεπιεσμέναι
1082 1115 1315 1169 ἀντιόωσιν,

329 1177 429 1223 ου’δέ
448 1186 584 1223 ποθεν
605 1176 726 1232 ζόφος
745 1177 868 1228 α’λλος
887 1176 1088 1248 ὖποτρέχῃ
1117 1172 1215 1219 ουδὲ
1237 1172 1402 1231 σελήνη,

330 1236 433 1281 ἄλλα
451 1234 547 1295 τᾶγ’
573 1238 769 1308 ἐξαπίνης
790 1233 924 1285 αὕτως
942 1232 1128 1290 ἅμενηνοέ
1149 1234 1377 1290 φέρωνται·

327 1297 470 1369 μηκέτι
484 1313 548 1340 τοι
569 1293 663 1339 τόδε
686 1299 798 1366 σῆμα
816 1296 1043 1350 γαληναίης
1061 1293 1301 1345 ἐπικείσθω,

327 1351 423 1399 ἄλλ’
449 1355 517 1398 ἐπὶ
538 1359 656 1410 χεῖμα
674 1350 816 1396 δόκευε
836 1375 887 1383 ·-

217 1414 347 1464 „Cum
380 1420 537 1466 autem,
580 1413 638 1454 ait
663 1411 721 1452 A1
723 1419 837 1463 atus,
867 1412 1076 1454 stellarum
1103 1410 1237 1450 clarus
1257 1409 1390 1463 fulgor
1409 1408 1628 1450 hebetatur

105 1469 247 1526 (stellis
278 1475 388 1512 acies
415 1472 556 1513 obtusa
582 1470 754 1527 videtur)
786 1484 918 1523 neque
945 1476 1085 1509 tamen
1106 1468 1293 1509 alicunde
1312 1468 1440 1508 nubes
1465 1475 1630 1509 coactae

101 1530 148 1569 iis
178 1543 220 1569 se
247 1537 514 1584 praetexant,
554 1545 681 1584 neque
710 1530 878 1569 aliunde
909 1529 1035 1581 caligo
1062 1527 1137 1566 alia
1162 1527 1324 1578 subeat,
1355 1542 1483 1581 neque
1497 1528 1623 1576 luna,
1618 1543 1626 1551 ·

103 1587 174 1626 sed
199 1595 308 1628 astra
330 1590 534 1643 extemplo
557 1589 670 1628 nulla
688 1588 739 1627 de
759 1601 899 1627 caussa
913 1586 1105 1640 languida
1121 1587 1324 1627 ferantur:
1353 1599 1439 1625 non
1459 1586 1630 1639 amplius

105 1646 178 1686 tibi
205 1647 287 1687 hoc
314 1648 472 1701 signum
497 1646 726 1687 serenitatis
752 1645 978 1696 habeatur,
1017 1645 1089 1685 sed
1119 1650 1289 1698 expecta
1305 1650 1599 1698 tempestatem.
1603 1646 1629 1667 “

105 1700 349 1760 (οἷστερόθεν
365 1711 424 1747 est
442 1719 541 1747 vera
558 1705 701 1756 lectio;
724 1719 808 1744 non
828 1700 1070 1758 ουρανόθεν.
1101 1703 1326 1745 ἐπικείσθω
1344 1709 1481 1756 potest
1501 1717 1524 1742 a
1544 1703 1631 1743 cal-

103 1763 195 1803 culo
218 1763 390 1804 ductum
410 1777 515 1815 esse,
550 1769 600 1803 ut
621 1762 851 1805 ἐπιτιθέναι
871 1774 1075 1816 apponere
1102 1761 1145 1800 in
1160 1774 1351 1812 numero,
1383 1775 1630 1802 annumera-

101 1834 170 1872 re;
199 1821 278 1861 nisi
293 1823 373 1862 fuit
391 1821 652 1871 υποκείσθω,
691 1835 741 1859 ne
772 1819 965 1892 habetor.)
1017 1820 1173 1859 Clarius
1197 1833 1287 1859 rem
1301 1820 1470 1873 exponit
1493 1819 1628 1860 Schol.

102 1886 243 1920 vetus:
274 1878 374 1922 ὅταν
389 1881 491 1953 ἴδῃς
517 1880 561 1922 ἐν
580 1881 755 1950 καθαρῷ
786 1875 876 1933 οἷὲρι
901 1879 1122 1946 αἰφνιδίως
1142 1873 1482 1947 οἷμβλυνομένους
1504 1874 1630 1920 αστέ-

103 1953 201 2006 ρας,
232 1935 333 1992 μήτε
355 1938 532 1991 νέφους,
563 1933 664 1991 μήτε
685 1934 809 1990 ἄλλης
827 1934 940 1985 τινὸς
961 1931 1110 1990 οἷχλύος
1134 1932 1446 1989 ἒπισκιαζούσης
1459 1967 1469 1987 ,
1500 1931 1631 1990 ,,μη’τε

104 1992 278 2050 σεληνης
299 1992 668 2067 ἐπιπροςθούσης“
700 1991 1064 2066 (ἐπιπροθεούσης)
1093 2010 1274 2048 χειμωνα
1300 1990 1521 2063 προςδόκα.
1552 1995 1630 2047 δη-

103 2057 172 2096 λοῖ
196 2051 261 2106 δὲ,
305 2051 368 2097 ὅτι
398 2054 501 2110 ημῖν
535 2051 883 2124 ἅνεπαίσθητος““
858 2070 879 2095 ο
911 2048 992 2107 ἀὴρ
1013 2068 1248 2106 παχυμερης
1277 2049 1492 2106 γινόμενος
1508 2055 1629 2095 τοῦτο

103 2116 225 2154 ποιεῖ.
263 2113 417 2167 γίνεται
448 2111 492 2155 δὲ
524 2115 648 2154 τοῦτο
689 2106 854 2165 αὐχμοῦ
863 2110 1236 2182 ἕιιιιιροςθοῦντος
1264 2110 1628 2183 (ἔπιπροθὲοντος)

102 2174 188 2219 τοῖς
214 2167 400 2226 ἄστροις,
433 2170 502 2214 καὶ
532 2186 578 2213 το
602 2167 792 2242 λαμπρὸν
820 2164 957 2213 αὐτῶν
989 2164 1293 2223 αμβλύνοντος,
1331 2164 1377 2211 τὸ
1403 2171 1481 2211 οὐν
1503 2164 1631 2220 ,,ου’ὃὲ

104 2225 293 2299 σελήνη“
322 2229 602 2300 προςέθηκεν,
632 2225 774 2282 ἐπειδη
811 2245 837 2282 η
868 2223 1018 2282 σελήνη
1053 2226 1191 2270 σκέπει
1220 2230 1280 2285 τῷ
1309 2227 1401 2282 ἰδίῳ
1432 2226 1539 2280 φωτὶ
1559 2226 1630 2268 καὶ

104 2282 288 2341 αμαυροῖ
303 2303 400 2338 τους
420 2283 602 2342 αστέρας.
628 2310 678 2316 -
712 2287 793 2336 Ita,
824 2292 948 2339 puto,
981 2286 1109 2325 omnis
1138 2269 1355 2326 difficifltas
1375 2291 1436 2325 est
1457 2285 1628 2336 sublata,

105 2344 233 2384 omnis
264 2345 388 2398 caligo
426 2346 614 2399 dispulsa.
673 2344 852 2398 Respicit
879 2344 991 2384 hunc
1024 2344 1158 2397 ipsum
1185 2344 1343 2395 locum,
1372 2345 1473 2384 luna
1491 2350 1630 2383 tamen

103 2401 218 2441 haud
245 2410 493 2454 memorata,
533 2404 635 2444 Plin.
667 2403 812 2454 XVIII,
841 2402 909 2452 35,
945 2417 974 2442 S.
996 2404 1051 2444 80
1088 2403 1226 2454 Quum
1245 2411 1403 2455 repente
1422 2403 1630 2441 stellarum

90 2461 245 2514 fulgor
262 2461 496 2501 obscuratur
507 2493 518 2512 ,
553 2470 590 2500 et
607 2462 654 2500 id
668 2476 795 2515 neque
815 2460 952 2499 nubilo
965 2490 976 2510 ‚
1006 2475 1133 2513 neque
1151 2461 1331 2513 ealigine
1345 2476 1358 2498 .·
1382 2461 1536 2512 pluvia
1556 2468 1630 2499 aut

100 2533 250 2571 graves
274 2520 562 2559 denuntiantur
591 2527 858 2572 tempestates.
923 2519 1112 2558 Ceterum
1137 2518 1388 2559 infinitivum
1404 2518 1534 2558 videri
1551 2532 1629 2572 pro

104 2590 201 2616 vera
218 2578 391 2618 lectione
406 2592 470 2618 me
496 2578 647 2618 habere
665 2578 757 2617 iam'
767 2577 972 2631 professus
989 2589 1090 2616 sum.
