1768 3320
301 197 794 252 GEeRGICoN
828 199 972 250 LIB.
1006 200 1057 263 1,
1093 204 1198 252 216
1221 207 1387 253 -221

1504 208 1606 257 327

78 333 148 381 At
163 328 206 379 si
223 328 486 379 triticeam
514 327 570 376 in
591 342 829 381 messem
849 325 1181 393 robustaque
1201 324 1342 377 sarra

75 397 362 452 Exercebis
383 396 641 461 humum,
677 395 913 464 solisq'ue
935 395 1153 446 instabis
1172 396 1361 448 aristis:

1503 402 1606 449 220

77 473 217 537 Ante
236 467 334 518 tibi
350 470 498 519 ane
519 466 816 517 Atlantides
836 466 1251 531 abscondantur,

122 588 206 625 219
219 587 371 622 tritwea
395 583 505 619 Goth.
531 596 603 619 sec.
629 595 652 618 a
677 596 724 618 ιιι.
751 597 823 619 sec.

75 635 208 670 Moret-
244 645 314 668 sec.
346 634 387 667 in
411 643 570 666 mensem
605 631 698 666 Gud.

76 681 269 729 (Animadv.
288 680 374 715 crit.
395 692 477 727 pag.
494 679 531 724 7)
564 679 803 713 coniecturam
831 688 1004 715 memorat
1030 681 1259 714 Burmannus.

74 730 214 764 dentur
227 728 308 763 Gud

75 824 288 866 occidente
305 854 318 876 ,
356 836 486 876 eoque
520 822 611 876 ipso
641 822 814 875 fugienti

73 883 199 924 simili
215 882 401 937 inprimis
422 895 515 921 cum
537 887 651 921 retro
671 881 813 920 cedere

72 941 267 983 videatur
314 939 536 980 occidendo
557 954 569 990 ;
627 954 722 979 nam
768 939 813 978 in

73 999 246 1054 sphaera
266 999 394 1050 sedet,
425 998 640 1037 adversam
658 998 813 1038 habens

74 1058 201 1099 Tauri
215 1059 405 1098 frontem.
435 1057 540 1109 Ergo
552 1057 657 1095 cedit
678 1059 813 1095 Taum

73 1118 231 1157 ntirtaci
240 1146 254 1167 ‚
286 1117 457 1155 irwtanti
474 1114 679 1154 comibus.
672 1131 682 1140 ·
716 1127 813 1154 casu

71 1176 218 1226 ἴοι-605
257 1173 370 1227 quod
399 1186 452 1212 ex
478 1173 641 1212 tabulae
676 1179 812 1212 astro-

71 1232 262 1290 nomicae
290 1232 487 1286 adspectu
516 1231 633 1271 facile
676 1231 811 1285 perci-

71 1292 171 1347 pies.
229 1290 339 1331 Alias
358 1291 551 1330 iunctura
571 1289 663 1330 fieri
683 1290 812 1343 possit

71 1365 155 1390 non
176 1363 261 1390 uno
279 1349 417 1399 modo,
446 1354 497 1388 ut
516 1349 569 1387 sit
589 1348 736 1387 Canis
725 1361 810 1400 ipse

71 1415 184 1449 astro
201 1408 373 1449 adverso
387 1406 553 1446 cedens:
573 1421 670 1445 casu
680 1413 810 1445 sexto.

69 1467 203 1508 Possit
232 1472 275 1506 et
301 1472 457 1505 astrum
481 1465 698 1504 adversum
726 1478 811 1503 esse

71 1526 143 1565 sol
159 1556 171 1576 ,
209 1539 235 1565 a
282 1538 364 1577 quo
405 1524 638 1563 occultatur
676 1523 808 1562 Canis.

9 1635 12 1638 ‚
72 1584 189 1634 Quae
204 1594 282 1637 pro
313 1583 441 1621 altera
458 1582 632 1622 lectione
653 1584 808 1621 Averso

70 1649 180 1682 astro
195 1641 278 1681 dici
301 1646 495 1695 possunt,
524 1640 567 1679 in
586 1641 681 1679 Var.
698 1640 808 1679 Lect.

71 1700 208 1741 attuIL
233 1699 704 1752 Argutiasinterpretum
723 1697 809 1737 vid„

71 1774 135 1813 ap.
152 1757 385 1807 Heinsium,
414 1757 650 1807 martinum,
678 1758 810 1809 Spen-

70 1818 180 1857 cium
217 1830 308 1870 pag.
336 1817 431 1858 174.
497 1817 600 1854 Rem
641 1814 808 1868 expedit

71 1876 228 1915 Colum.
257 1874 340 1924 XI,
361 1877 416 1923 2,
442 1872 486 1927 §.
504 1877 560 1917 36
590 1874 691 1913 XV
710 1874 801 1912 Cal.

70 1936 222 1974 Maias
242 1934 339 1972 sot
321 1947 365 1972 m
391 1934 573 1971 Taurum
593 1934 807 1971 transitum

55 1992 175 2046 facit
189 1990 403 2030 -Pridie
425 1991 517 2030 Cal.
550 1992 701 2030 Maias
723 1989 807 2028 Ca-

68 2052 135 2089 nis
151 2064 195 2089 ae
210 2063 373 2101 vespere
389 2050 509 2087 celat.

129 2110 217 2151 219
234 2130 295 2137 —
314 2105 412 2149 224.
449 2106 591 2146 Tritici
620 2111 662 2144 et
688 2104 808 2144 farris

70 2166 174 2205 satio
190 2179 276 2204 non
291 2164 342 2203 fit
353 2164 432 2203 nisi
447 2170 540 2217 post
558 2163 807 2202 matutinum

72 2237 259 2264 occasum
282 2223 502 2262 cosmicum
516 2222 745 2271 Pleiadum,
765 2226 807 2259 et

69 2288 165 2336 post
200 2287 338 2320 ortum
367 2280 569 2320 heliaeum
599 2281 804 2330 Coronae,

69 2340 113 2380 h.
138 2353 275 2380 mense
302 2339 486 2379 Octobri.
540 2341 643 2382 219.
680 2340 806 2376 Triti-

70 2414 165 2439 cum
201 2404 390 2438 veterum
426 2395 578 2436 diversi
614 2411 638 2434 a
661 2402 804 2435 nostro

69 2457 227 2510 generis
243 2456 378 2506 fuisse,
407 2455 503 2495 inde
524 2454 675 2507 colligit
692 2454 807 2493 Mar-

66 2516 196 2565 tinus,
223 2513 337 2567 quod
348 2528 389 2553 v.
402 2517 487 2557 202
505 2520 547 2552 et
567 2513 678 2567 apud
685 2513 805 2552 Varr.

72 2573 124 2612 de
146 2574 196 2612 R.
218 2573 267 2612 R.
284 2573 315 2622 I,
338 2571 409 2623 48,
441 2575 462 2614 1
491 2573 619 2610 arista
646 2570 688 2610 h.
709 2585 805 2610 acus

70 2631 204 2671 tenuis
219 2644 241 2669 e
261 2631 397 2683 gluma
413 2630 648 2684 prominens
668 2629 706 2668 ei
724 2629 805 2668 tri-

70 2689 229 2728 buitur.
293 2688 448 2728 Verum
498 2694 596 2727 sunt
637 2688 804 2727 omnino

70 2748 229 2800 plureS,
258 2759 360 2798 quas
378 2753 532 2786 vocant
556 2746 705 2799 species
717 2776 728 2796 ,
758 2751 809 2785 ut

71 2810 167 2858 post
196 2804 460 2844 Dodonaeum
498 2819 545 2843 ac
578 2804 808 2844 Manettum

73 2862 213 2902 docuit
234 2862 443 2911 Hallerus,
474 2863 526 2901 de
555 2862 808 2912 Cerealibus3

71 2921 175 2960 Nov.
194 2920 419 2958 comment.
434 2921 505 2959 To.
524 2921 574 2960 V.
603 2923 694 2959 Far
710 2918 808 2974 (no-

70 2979 134 3018 bis
153 2976 341 3031 Diinkel)
350 2977 568 3028 robustum,
589 2978 675 3018 sive
692 2978 807 3018 cuius

871 585 940 632 (tri
939 586 1064 620 niciam
1084 583 1215 619 Medic.
1254 583 1351 628 Wr.)
1398 584 1438 617 in
1463 582 1564 616 abest
1586 595 1607 616 a

810 634 883 669 220
917 633 1121 679 sohdisque
1153 643 1226 666 non
1258 631 1384 665 malam
1421 631 1492 664 Wa
1495 630 1563 663 dde
1559 630 1606 663 1ἰί

1353 679 1423 714 221
1448 676 1556 712 absc-o
1536 690 1607 711 οη-

870 822 1121 877 praestantia
1151 835 1174 861 e
1201 821 1385 876 pondere
1405 823 1605 870 censetur,

869 888 920 921 ut
945 881 1057 934 apud
1087 881 1243 920 Colum.
1268 881 1327 930 Π,
1354 882 1402 929 6,
1424 882 1445 921 1
1478 879 1606 918 tritici

869 953 1018 993 genus,
1055 939 1176 978 robur
1193 939 1371 988 dietum,
1410 939 1606 991 quoniam

870 1007 908 1037 et
918 998 1098 1050 pondere
1117 1006 1154 1036 et
1170 999 1295 1036 nitore
1314 1004 1494 1048 praestet
1503 1026 1515 1044 ,
1548 995 1606 1033 si-

870 1070 943 1107 ve,
981 1062 1023 1094 et
1047 1055 1129 1095 hoc
1159 1055 1320 1105 verius,
1360 1053 1472 1106 quod
1489 1054 1604 1103 aeris,

869 1121 1090 1154 ventorum
1107 1114 1421 1167 pluviarumque
1454 1126 1502 1150 ac
1528 1112 1606 1150 fri-
1683 1121 1693 1131 ‘

868 1173 977 1226 goris
995 1173 1189 1212 iniuriam
1206 1171 1362 1221 melius,
1386 1184 1510 1223 quam
1528 1170 1606 1209 alia

870 1232 1066 1271 frumenti
1096 1244 1275 1283 genera,
1318 1231 1427 1269 ferre
1457 1228 1605 1282 possit5

867 1291 911 1330 in
932 1304 1052 1342 quam
1074 1290 1318 1329 sententiam
1339 1287 1447 1340 apud
1467 1286 1604 1326 Theo-

868 1347 1025 1402 phrast.
1054 1348 1106 1387 de
1139 1347 1298 1387 caussis
1326 1347 1457 1385 Plant.
1472 1345 1551 1397 IV,
1576 1347 1604 1387 6

868 1413 960 1447 toto
982 1407 1113 1460 capite
1132 1422 1264 1461 πυρος
1284 1402 1314 1459 ἢ
1340 1401 1471 1461 κριθή
1494 1403 1604 1442 inter

868 1463 918 1506 ‘ca'
938 1461 1178 1520 ἰσχυρότατα
1197 1465 1447 1504 referuntur.
1504 1464 1603 1504 220.

868 1525 966 1562 solis
998 1523 1168 1563 instabis
1205 1524 1367 1571 aristis,
1406 1519 1604 1560 frumenti

867 1583 1013 1632 solius,
1049 1581 1182 1621 tritici
1215 1587 1258 1620 et
1281 1580 1422 1629 fanis,
1461 1592 1604 1618 curam

867 1646 909 1679 et
923 1641 1123 1679 rationem
1142 1639 1320 1678 habebis.
1353 1640 1453 1680 221.
1472 1637 1603 1676 Pleia-

867 1698 938 1737 dcs
954 1698 1245 1751 seuVergiliae,
1275 1697 1460 1736 Atlantis
1482 1695 1601 1745 filiae,

867 1756 1167 1796 absconduntur
1186 1757 1301 1795 ane
1319 1784 1331 1804 ,
1363 1754 1602 1804 matutinae,

866 1814 908 1855 h.
938 1815 1134 1855 occidunt
1168 1813 1374 1854 matutino
1405 1819 1601 1865 tempore,

862 1887 982 1913 mane
997 1874 1315 1925 submerguntur
1338 1872 1381 1910 in
1410 1870 1603 1910 occiden-

863 1932 938 1971 tali
975 1938 1114 1985 parte,
1151 1931 1251 1970 dum
1276 1929 1337 1969 sol
1366 1930 1520 1968 interea
1550 1929 1601 1968 ab

865 1991 1022 2029 oriente
1046 1990 1228 2042 emergit.
1292 1988 1605 2028 AEscondunmr

865 2057 1003 2087 autem
1017 2079 1029 2098 ,
1061 2049 1120 2087 ita
1151 2046 1328 2087 laudatis
1347 2046 1483 2085 verbis
1499 2059 1601 2099 poe-

863 2113 932 2146 tae
954 2107 1085 2146 nostri
1101 2105 1483 2158 interpretau'onem
1501 2105 1602 2144 sub-

862 2165 995 2217 iungit
1017 2164 1239 2203 Columella
1254 2163 1306 2213 H,
1335 2165 1376 2214 8,
1396 2166 1415 2205 1
1431 2193 1443 2214 ,
1474 2163 1600 2201 altero

864 2232 902 2262 et
921 2225 1127 2275 trigesimo
1146 2222 1212 2262 die
1224 2229 1324 2274 post
1339 2222 1601 2259 auctumnale

864 2283 1165 2334 aequinoctium
1179 2311 1192 2330 ‚
1225 2279 1337 2333 quod
1346 2279 1441 2332 jere
1468 2279 1600 2328 confi-

863 2341 971 2378 citur
988 2354 1093 2377 nono
1125 2339 1215 2378 Cat.
1253 2337 1460 2377 Octobris.-
1498 2352 1599 2390 pro-

856 2406 953 2449 pter
978 2397 1089 2451 quod
1121 2397 1300 2449 intelligi
1332 2395 1446 2434 debet
1478 2397 1602 2434 tritici

864 2458 969 2494 satio
988 2455 1145 2494 dieram
1165 2469 1236 2493 sex
1252 2462 1291 2492 et
1318 2454 1600 2507 quadraginta

863 2513 917 2552 ab
944 2528 1091 2552 occasu
1120 2514 1399 2565 Vergiliarum
1413 2543 1423 2559 ‚
1458 2514 1532 2565 qui
1547 2513 1599 2549 sit

863 2587 907 2611 α.
930 2572 970 2610 d.
990 2573 1066 2611 IX
1093 2571 1259 2610 calend.
1288 2570 1511 2609 Novembr.
1542 2569 1603 2607 ad

862 2629 1028 2669 brumae
1044 2638 1238 2681 tempora.
1273 2629 1514 2668 Columellae
1533 2641 1598 2665 se-

864 2694 1043 2727 mentem
1059 2688 1181 2727 etiam
1205 2687 1307 2726 citra
1328 2688 1410 2726 Cal.
1430 2686 1596 2725 Octobr.

864 2746 954 2786 fieri
984 2746 1128 2799 placet.
1170 2745 1251 2784 Sed
1278 2745 1362 2784 vid.
1390 2746 1465 2784 loc.
1485 2744 1597 2782 Idem

864 2805 933 2844 lib.
953 2804 1026 2854 XI,
1049 2807 1091 2854 2,
1102 2807 1159 2846 77
1189 2805 1319 2843 XIII
1333 2812 1370 2841 et
1388 2804 1491 2841 XII
1502 2801 1591 2838 Cal.

864 2861 1084 2902 Novembr.
1106 2863 1204 2900 solis
1222 2869 1359 2899 exortu
1386 2860 1596 2910 Vergiliae

864 2922 1064 2972 incipiunt
1083 2919 1259 2958 occidere
1268 2934 1284 2966 ;
1324 2924 1595 2968 tempestatem

864 2978 1073 3030 signifiat
1096 2998 1156 3008 —
1189 2977 1238 3016 V
1262 2976 1349 3014 Cal.
1378 2972 1597 3014 Novembr.
