1768 3320
188 223 253 258 Lx
678 196 1234 254 PRAEFATIO

191 345 326 387 tum.
398 335 467 385 At
495 330 689 384 Medic.
709 340 890 392 vertex,
925 332 1139 378 vertitur.
1215 321 1269 372 Si
1296 337 1569 378 maxumus,
1588 327 1731 385 optu—

192 425 324 458 mus:
362 402 598 455 debebat
630 402 791 452 etiam
826 416 941 451 esse
960 403 1246 465 plurumus;
1281 392 1324 441 si
1343 394 1577 452 inmanis,
1617 408 1731 439 con-

185 494 382 545 pageS,
420 478 656 525 inmunis.-
696 489 791 523 cur
815 486 929 520 non
958 477 1012 519 et
1037 464 1317 517 conmunis?
1353 461 1652 512 conmodus?
1688 460 1732 509 si

194 551 410 613 subplet:
449 561 544 595 cur
563 559 678 594 non
701 541 943 609 subplex?
992 540 1130 588 Sunt
1158 534 1279 598 alia,
1318 533 1374 582 in
1395 531 1593 601 quibus
1614 547 1732 580 ma-

195 615 457 668 nifestum
487 614 622 664 mihi
655 612 743 678 fit,
792 610 1123 662 deteriorem
1151 605 1422 655 rationem
1453 618 1558 670 pro
1596 602 1733 652 anti-

199 688 392 756 quiore
417 685 576 750 vulgo
607 684 808 735 haberi.
879 683 1104 733 Veteres
1135 674 1371 728 Romani
1391 674 1455 727 τὸ
1475 696 1505 726 v
1531 672 1733 723 extule-

197 767 327 809 runt
359 774 461 824 per
488 777 521 805 u
555 755 748 818 breve,
802 749 1215 820 pronuntiatum
1258 754 1321 797 ut
1363 743 1647 796 Gallorum
1687 763 1734 806 u,

197 826 529 896 grammatici
551 823 781 875 intulere
805 843 866 889 y,
904 819 1132 884 indocti,
1172 826 1262 868 aut
1290 814 1437 867 sorte
1471 815 1566 883 qui
1588 813 1735 865 docti

200 899 300 949 sibi
333 914 447 949 esse
478 896 824 958 videbantur,
866 901 927 942 ut
955 892 1010 941 in
1042 898 1232 940 nostro
1265 903 1523 938 sermone
1542 902 1736 936 verna-
1764 888 1768 895 '

202 969 349 1033 cu10,
395 968 652 1034 scripsere
680 971 709 1018 i.
741 969 946 1015 inclutus
975 979 1102 1012 vera
1143 958 1418 1010 scribendi
1463 956 1600 1007 ratio
1640 965 1736 1020 est,

201 1057 316 1090 non
340 1037 562 1103 inclytus
588 1045 641 1087 et
664 1035 887 1086 inclitus,
926 1039 1203 1094 lacrumae,
1239 1046 1356 1080 non
1392 1028 1660 1097 lacrymae
1683 1035 1737 1078 et

202 1110 464 1160 lacrimae.
534 1111 705 1175 Porro
728 1122 842 1156 non
863 1104 1036 1154 modo
1057 1101 1342 1154 deterioris
1361 1100 1503 1165 aevi,
1540 1115 1736 1150 verum

202 1182 310 1231 iam
343 1178 645 1242 Catulliani,
690 1190 751 1228 ut
789 1194 819 1227 e
852 1174 1071 1240 Quintil.
1102 1176 1142 1238 I,
1168 1175 1217 1238 5,
1239 1179 1308 1227 20
1331 1179 1569 1234 constat,
1605 1185 1736 1237 pro-

202 1250 465 1302 nuntiatio
499 1269 526 1299 e
553 1250 608 1299 in
642 1254 703 1299 ch
732 1246 956 1297 mutavit
986 1247 1041 1296 in
1072 1245 1371 1314 plerisque:
1409 1241 1570 1292 scribi
1593 1240 1734 1291 adeo

205 1321 384 1388 coepit
414 1324 670 1384 lachryma
688 1361 701 1384 ,
749 1323 993 1382 anchora,
1039 1320 1277 1384 pulcher,
1316 1318 1603 1381 pulchrior,
1660 1331 1738 1366 sc-

195 1396 469 1459 pulchrum.
541 1393 710 1442 Recte
735 1389 1022 1456 adspiratio
1049 1388 1104 1438 in
1128 1386 1212 1437 his
1246 1394 1326 1436 est
1358 1383 1598 1452 expulsa3
1638 1399 1737 1433 eo-

205 1462 334 1513 dem
362 1470 546 1512 tamen
573 1461 690 1511 iure
720 1460 878 1511 scribi
912 1459 1177 1510 debuerat
1197 1462 1403 1524 pulcer,
1451 1463 1528 1520 et,
1566 1454 1609 1504 si
1643 1470 1738 1505 ve-

201 1550 319 1583 ram
342 1532 616 1600 antiquam
650 1532 921 1582 rationem
945 1546 1157 1581 servare
1177 1527 1421 1592 volebaS,
1452 1528 1640 1594 polker,
1677 1533 1740 1575 ut

203 1607 487 1670 Karthago.
560 1606 787 1657 Veteres
815 1601 1049 1653 Romani
1075 1606 1146 1651 tia
1178 1614 1463 1667 nunquam
1490 1612 1740 1665 pronun-

204 1675 403 1724 tiarunt
423 1683 484 1723 ut
502 1679 608 1724 cia.-
647 1690 756 1741 quo
777 1673 893 1723 iure
921 1677 1143 1737 mancine,
1173 1676 1399 1738 precium
1418 1710 1432 1733 ,
1472 1677 1526 1719 et
1547 1666 1740 1718 similia

207 1744 521 1795 scribimus?
557 1744 755 1794 scilicet
779 1761 841 1794 ex
864 1743 1066 1793 seriore
1097 1740 1557 1810 pronuntiatione.
1629 1741 1740 1790 Ite—

205 1832 331 1865 rum
363 1823 564 1864 certam
594 1815 862 1865 rationem
890 1831 1057 1865 nemo
1089 1814 1334 1881 sequitur
1362 1812 1419 1862 in
1439 1809 1628 1861 litteris
1645 1824 1740 1875 ge-

206 1884 499 1937 minandis:
536 1891 648 1936 litus
667 1932 680 1954 ‚
717 1891 884 1946 litera,
923 1885 1204 1935 scribimus
1221 1883 1393 1945 forte3
1432 1890 1484 1932 at
1505 1886 1604 1932 'cur
1624 1896 1740 1930 non

210 1965 264 2007 et
287 1957 468 2006 belua?
504 1958 649 2007 cela?
686 1958 786 2008 ile?
829 1959 1055 2008 Veteres
1081 1955 1309 2006 omnino
1335 1952 1526 2005 Graeci
1551 1960 1605 2003 et
1626 1953 1739 2003 Ro—

207 2027 354 2076 mani
389 2043 497 2076 una
529 2027 704 2077 littera
747 2027 1076 2092 scribebant,
1134 2025 1583 2094 pronuntiatione
1619 2039 1741 2073 eam

208 2096 576 2163 geminabant:
621 2097 773 2165 quod
799 2099 839 2148 si
873 2098 1044 2149 semel
1064 2098 1340 2165 antiquam
1361 2096 1633 2146 rationem
1656 2109 1741 2144 se-

211 2168 415 2234 queriS,
456 2185 515 2218 ea
534 2169 811 2236 sequenda
836 2170 936 2219 erit
960 2171 1015 2222 in
1047 2169 1328 2233 omnibUS,
1379 2166 1661 2234 adeoque,
1698 2163 1742 2213 si

211 2242 365 2304 baca,
404 2239 562 2289 etiam
584 2260 735 2306 vaca,
773 2244 961 2293 bucina.
1037 2241 1091 2290 Si
1118 2249 1316 2308 poetae
1340 2238 1543 2289 litteras
1568 2235 1742 2302 gemi-

210 2318 367 2390 nant,
415 2318 477 2359 ut
504 2309 698 2375 syllaba
727 2311 1083 2379 producatur,
1120 2311 1382 2378 scriptum
1411 2308 1594 2359 videas
1611 2323 1743 2374 pro-

209 2396 415 2461 miscue
446 2391 674 2446 quatuor,
717 2387 941 2449 relligio,
990 2392 1043 2431 et
1071 2386 1326 2449 Iuppiter,
1371 2379 1480 2431 hoc
1510 2378 1743 2429 alterum

213 2458 373 2500 etlam
400 2467 712 2518 perperam,
762 2470 889 2502 nam
920 2453 1152 2520 primam
1183 2454 1239 2503 in
1268 2457 1458 2520 Iupiter
1471 2465 1744 2518 nusquam

213 2530 518 2587 correptam
553 2523 684 2586 vidi,
733 2532 786 2573 et
820 2533 898 2573 est
927 2533 1196 2575 contracta
1224 2540 1328 2574 vox
1350 2540 1412 2573 ex
1433 2521 1744 2588 Iovispater.

209 2596 394 2642 rettulit
411 2591 629 2642 indocte
650 2594 821 2658 scribi,
862 2594 1046 2644 docuit
1066 2597 1142 2647 Io.
1165 2593 1447 2645 Schrader.
1500 2595 1747 2656 Quanto-

210 2678 343 2729 pere
365 2659 587 2712 fluctuat
604 2664 860 2731 scriptura
884 2665 940 2714 in
964 2666 1340 2733 sequentibus:
1373 2682 1569 2732 sequor,
1606 2680 1746 2713 secu-

210 2741 312 2783 tus.-
349 2749 443 2814 cur
461 2749 574 2782 non
596 2751 766 2801 aeque
782 2738 1041 2801 sequutus?
1076 2757 1221 2803 quum
1235 2753 1337 2804 pro
1360 2753 1502 2796 cum,
1542 2741 1596 2784 et
1613 2736 1750 2786 cuius

214 2819 277 2884 ei<
311 2820 452 2884 qu153
501 2821 606 2871 qua
636 2804 858 2855 tandem
887 2807 1096 2857 ratione
1138 2812 1364 2858 obtunsus
1394 2803 1751 2856 scribendum<

213 2872 429 2938 dlxerls,
468 2874 510 2923 si
544 2878 769 2942 coufusus
805 2876 1088 2928 scribitur?
1126 2886 1214 2927 aut
1244 2896 1526 2945 praegnas,
1566 2875 1609 2925 si
1633 2893 1748 2924 con-

212 2946 366 2995 iunx?
403 2946 889 2998 Grammaticorum
923 2956 977 2997 ct
998 2949 1313 3016 sequiorum
1347 2956 1584 3000 aetatum
1605 2943 1747 2996 ludi-
