1734 3320
197 210 300 261 398

543 211 600 262 Ρ.
636 208 999 263 VIRGILII
1041 206 1421 263 MARONIS

194 339 422 388 Vertere
441 335 496 385 in
520 335 759 400 alterius3
795 345 1167 405 mutatamque
1189 335 1343 387 insita
1366 335 1507 388 mala

192 408 359 457 Ferre
379 406 583 474 pirum,
622 416 676 458 et
692 408 880 476 prunis
903 407 1145 474 lapidosa
1165 408 1458 459 rubescere
1479 423 1657 458 corna.

266 479 444 541 Quare
478 478 614 543 agite
652 495 715 543 ο,
770 478 1022 547 proprios
1059 479 1358 544 generatim
1393 476 1579 529 discite
1613 474 1727 528 cul-

984 557 1072 598 tns
1083 589 1097 613 ‚
1655 547 1726 598 35

191 616 470 682 Agricolae
486 657 498 680 ‚
535 615 853 686 fructusque
878 615 1027 668 feros
1051 617 1260 669 mollite
1288 618 1550 682 colend03

189 689 313 738 Neu
335 703 525 753 segnes
546 688 752 738 iaceant
776 697 965 741 terrae.
1023 690 1176 739 Iuvat
1197 691 1397 740 Ismara
1417 689 1630 740 Baccho

194 759 521 823 Conserere‚
558 767 719 825 atque
743 758 863 808 olea
885 774 1144 824 magnum
1166 760 1362 810 vestire
1389 759 1721 812 Taburnum.

193 831 389 897 Tuque
415 827 567 894 adeS,
604 829 995 897 inceptumque
1019 846 1127 880 una
1150 829 1379 881 decurre
1401 829 1665 895 laborem,

236 982 284 1018 33
309 989 452 1015 mutata
471 986 555 1014 tres.
610 982 766 1016 Vertere
789 982 829 1015 in
852 980 1010 1015 alterius
1027 990 1221 1026 naturam,
1247 991 1358 1030 atque
1375 984 1490 1018 insita
1510 982 1721 1018 coniiciebat

187 1029 365 1063 Heinsius.
413 1029 478 1062 Ins.
505 1028 551 1063 50
577 1033 696 1062 tamen
723 1028 813 1062 haec
835 1048 879 1054 —
904 1028 1093 1064 scrobibus
1117 1031 1268 1064 mandet
1291 1039 1438 1065 mutata
1464 1031 1590 1065 eodem
1611 1031 1718 1066 modo

188 1077 284 1111 dicta
302 1082 394 1110 sunt.

186 1124 329 1158 iectum.
371 1125 428 1158 W
422 1122 466 1167 r.)

186 1173 222 1214 2,
244 1173 292 1207 66
317 1177 353 1205 et
372 1169 530 1204 Macrob.
552 1173 623 1204 Sat.
644 1172 713 1212 vl,
739 1171 780 1213 6,
815 1170 876 1204 ubi
907 1171 1013 1205 etiam
1038 1172 1199 1214 mollire,
1232 1166 1351 1207 males

490 1075 536 1111 35
563 1088 583 1109 o
606 1076 709 1109 abest
725 1089 744 1110 a
764 1076 891 1109 Medic.
936 1077 1020 1122 (non
1043 1077 1144 1111 abest
1170 1090 1210 1119 o,
1236 1077 1301 1111 sed
1318 1077 1456 1112 minore
1472 1078 1578 1113 litera
1600 1078 1719 1112 inter-

562 1123 610 1158 36
633 1123 829 1169 cultusque
844 1121 955 1170 feros
978 1123 1125 1158 laudant
1143 1125 1262 1159 Schol.
1285 1126 1411 1160 Horat.
1430 1126 1557 1171 Cruqu.
1581 1128 1655 1160 Sat.
1674 1127 1717 1169 ΙῘ,

1430 1173 1478 1209 37
1501 1173 1561 1208 Ne
1577 1174 1716 1218 Menag.

185 1218 302 1253 Miror
319 1218 493 1252 neminem
512 1223 670 1251 tentare:
703 1218 830 1252 iuvet!
852 1217 963 1252 multo
982 1218 1110 1264 magis,
1137 1219 1168 1253 si
1184 1231 1263 1254 cum
1283 1219 1432 1254 Reiskio
1455 1220 1718 1266 exquisitiorem

186 1278 327 1300 sensum
349 1265 500 1299 inferas:
526 1265 676 1299 decrevi
692 1277 846 1308 canere,
870 1266 1050 1312 quomodo
1069 1267 1215 1306 vinum,
1241 1267 1352 1313 quale
1367 1266 1452 1314 fert
1479 1269 1657 1310 Thracia,
1681 1276 1718 1301 et

188 1314 325 1355 oleum,
350 1315 457 1349 cuius
466 1311 585 1359 ferax
603 1320 660 1346 est
683 1310 900 1355 Taburnus,
925 1313 1082 1348 colatur.
1130 1311 1180 1348 τὰ
1194 1309 1354 1360 ’Ἰσμαρα
1376 1311 1476 1361 (ὄρη)
1497 1314 1603 1349 etiam
1623 1316 1717 1348 Pro-

184 1368 277 1406 pert.
294 1362 355 1402 111,
376 1360 430 1403 10,
445 1360 491 1396 25
512 1360 557 1393 de
576 1359 726 1405 Ulysse:
755 1361 925 1394 Ciconum
944 1373 1059 1404 mons,
1083 1362 1241 1396 Ismara.

335 1409 382 1444 39
406 1410 592 1454 inceptum
614 1419 691 1442 una
706 1407 734 1441 F
736 1419 830 1442 rane.
879 1407 1048 1443 discurre
1065 1408 1158 1443 alter
1177 1409 1348 1443 Rottend.

185 1419 239 1455 pr-

184 1538 381 1593 capienda
403 1539 620 1579 existimat.
679 1538 805 1578 Recte
834 1539 922 1578 sor-

182 1598 322 1650 tassis3
358 1598 438 1637 nisi
481 1598 588 1637 forte
620 1610 705 1636 non
749 1599 917 1647 siccare,

183 1657 256 1696 sed
265 1670 398 1695 secare
409 1656 613 1709 scripserit
623 1654 788 1695 Plinius.
805 1657 877 1696 W
869 1654 919 1711 r.)

241 1718 310 1757 32.
334 1717 402 1757 33.
423 1713 491 1757 84.
530 1715 588 1753 De
614 1715 799 1752 insitione
829 1714 920 1766 agit.

182 1774 408 1826 Tamquam
427 1778 571 1826 poeta,
609 1772 716 1810 mala
733 1778 774 1811 et
795 1785 921 1811 corna

180 1837 402 1882 memorat,
450 1832 612 1870 fructus
645 1844 722 1884 pro
762 1830 920 1870 arbore.

181 1890 308 1940 Quod
332 1895 585 1929 structuram
611 1888 835 1928 verborum
855 1894 920 1927 at-

180 1949 305 1999 tinet,
354 1947 586 2001 ambiguum
604 1956 608 1958 ·
626 1953 687 1986 est
700 1976 711 1997 ,
752 1947 919 2000 pirusne

181 2020 234 2046 ex
258 2005 450 2047 insitione
475 2007 581 2046 serat
605 2005 712 2044 mala
745 2011 787 2044 et
814 2019 918 2059 pru-

180 2079 258 2105 nus
291 2078 437 2116 corna,
477 2077 530 2104 an
568 2064 729 2104 inverse
769 2077 918 2103 cornus

178 2136 325 2178 pruna.
385 2124 488 2163 Cum
506 2129 617 2162 recte
637 2121 838 2161 monitum
850 2122 915 2173 sit,

181 2197 309 2222 corna
332 2180 432 2221 Aen.
465 2181 532 2231 111,
563 2180 647 2224 649
677 2183 829 2220 victum
848 2182 915 2219 in-

165 2241 341 2294 felicem
366 2241 464 2279 dare
491 2239 572 2279 dici
585 2270 596 2290 ,
629 2239 832 2293 posterius
849 2238 916 2279 vi-

180 2299 300 2338 detur
331 2298 659 2352 amplectendum
687 2311 781 2337 esse.
850 2297 914 2336 Ex

176 2357 366 2397 insitione
395 2371 543 2396 cornus
573 2357 655 2396 fert
678 2370 812 2409 pruna
837 2367 914 2395 ru-

176 2416 335 2466 bentia,
373 2421 423 2454 ut
455 2416 568 2469 pirus
605 2415 723 2454 mala.
772 2412 913 2468 (corna

176 2488 252 2527 pro
271 2476 395 2524 corni,
428 2480 477 2513 ut
493 2488 554 2514 vs,
571 2472 669 2515 426.
696 2487 823 2525 poma
835 2486 911 2525 pro

170 2534 313 2584 pomi,
357 2532 489 2571 dicere
527 2545 647 2571 ausus
685 2537 744 2569 est
778 2531 912 2583 Virgi-

176 2590 266 2630 lius.
303 2591 433 2631 Wclz.
499 2588 552 2629 At
579 2590 771 2640 „Rectius
797 2589 912 2628 Mar-

175 2649 309 2687 tinus:
346 2662 548 2702 prunus
587 2649 696 2687 sert
732 2661 911 2687 corna:

176 2720 298 2759 quam
339 2707 526 2760 explicat.
571 2711 682 2745 recte
728 2705 912 2745 vindicat

175 2765 317 2805 Manso
345 2765 388 2804 in
422 2766 469 2805 V
463 2764 663 2803 ermisclzt.
694 2763 904 2802 Abhandl.

175 2816 262 2864 und
275 2823 467 2876 Aussti'tz.
482 2837 522 2876 p.
532 2825 630 2864 290.
643 2823 756 2873 sqq.“
766 2819 907 2875 Ialm.)

233 2882 302 2926 35.
337 2881 507 2932 Discite,
556 2879 627 2932 qui
652 2892 726 2932 per
756 2879 911 2931 singula

174 2952 343 2993 genera,
385 2939 534 2992 cuique
568 2937 725 2992 generi,
774 2938 908 2976 cultus

174 2999 366 3053 proprius
396 2998 460 3038 sit.
520 2999 588 3041 36.
627 2996 661 3036 E
681 2995 839 3036 Lucret.
859 2995 907 3046 V,

1312 1363 1360 1398 38
1388 1361 1592 1397 Tiburnum
1608 1362 1715 1396 Goth.

984 1541 1096 1582 1367
1134 1540 1238 1579 Inde
1266 1541 1398 1580 aliam
1429 1549 1552 1595 atque
1583 1541 1715 1580 aliam

979 1599 1182 1637 culturam
1219 1598 1351 1638 dulcis
1387 1600 1520 1652 agelli
1561 1600 1714 1638 Tenta-

979 1655 1078 1695 bant
1090 1687 1102 1707 ,
1123 1657 1370 1711 fmctusque
1385 1658 1504 1710 feros
1519 1671 1712 1696 mansue-

980 1729 1085 1753 scere
1109 1723 1212 1754 terra
1246 1715 1465 1755 Ger-nebant
1491 1716 1713 1768 indulgen-

979 1773 1031 1811 do
1047 1772 1271 1827 blandeque
1290 1774 1469 1813 colendo.
1513 1776 1582 1817 87.
1614 1771 1712 1828 (ter-

978 1845 1070 1881 rae,
1099 1831 1185 1872 vid.
1213 1831 1264 1881 Q.
1291 1832 1340 1872 V.
1365 1832 1485 1883 VIIII,
1513 1834 1554 1881 3,
1580 1831 1646 1882 VI,
1671 1834 1710 1875 6.

983 1891 1056 1930 W
1049 1887 1105 1942 r.)
1136 1892 1335 1940 Ismarus,
1368 1904 1486 1930 mons
1503 1889 1710 1942 Thraciae,

976 1946 1151 1999 vitibus,
1212 1954 1254 1987 et
1305 1948 1541 1999 Taburnus,
1593 1962 1710 1988 mons

977 2006 1149 2057 Samnii,
1195 2006 1312 2046 olivis
1348 2007 1493 2046 nobilis
1508 2036 1520 2058 ,
1562 2019 1710 2059 quam-

976 2077 1098 2116 quam
1124 2070 1297 2117 uterque
1322 2065 1502 2118 alioquin
1534 2077 1650 2119 asper
1667 2071 1709 2104 et

973 2121 1179 2163 horridus.
1260 2123 1422 2163 Laudat
1483 2123 1707 2164 Burmann.

972 2181 1107 2236 Intpp.
1137 2181 1271 2221 Gratii
1301 2183 1448 2236 Cyneg.
1478 2182 1588 2233 509,
1614 2182 1707 2222 ubi:

975 2239 1154 2279 Caudini
1188 2255 1295 2279 saxa
1326 2239 1519 2280 Taburni.
1566 2242 1707 2280 Isma-

969 2313 1060 2337 rum
1080 2299 1224 2338 urbem
1240 2298 1442 2339 Homerus
1463 2298 1708 2339 memoravit

971 2362 1011 2394 et
1040 2357 1184 2397 vinum
1214 2371 1238 2396 a
1264 2357 1434 2397 Marone
1461 2356 1595 2410 Ulyssi
1629 2357 1705 2396 da-

970 2420 1081 2454 tum:
1112 2415 1257 2469 Odyss.
1280 2432 1307 2467 ι,
1331 2417 1425 2458 197.
1483 2415 1583 2455 Inde
1605 2415 1705 2454 urbs

969 2472 1014 2512 in
1030 2474 1260 2527 propinquo
1289 2474 1482 2513 Maronea
1503 2480 1545 2512 et
1561 2473 1704 2513 vinum

969 2531 1208 2571 Maroneum
1245 2532 1400 2572 clarum
1434 2530 1589 2571 habent
1624 2545 1704 2571 no-

969 2603 1075 2629 men.
1134 2590 1316 2630 Montem
1341 2589 1554 2629 Ismarium
1585 2603 1605 2628 e
1623 2604 1703 2630 no*-

969 2653 1054 2686 stro
1081 2645 1233 2687 Auson.
1261 2648 1426 2687 Mosella
1455 2649 1537 2691 159
1567 2648 1701 2688 nomi-

966 2711 1060 2755 nat,
1090 2705 1162 2744 ubi
1182 2706 1232 2745 de
1248 2706 1345 2746 vino
1361 2706 1453 2759 agit.
1493 2706 1702 2746 Pei-tinent
1732 2745 1734 2748 ,

968 2769 1103 2802 autem
1132 2763 1176 2803 hi
1203 2778 1344 2804 versus
1375 2763 1512 2804 adhuc
1544 2765 1598 2805 ad
1623 2765 1700 2805 ad-

964 2821 1240 2862 hortationem
1254 2823 1532 2876 agricolarum,
1557 2830 1608 2863 ut
1630 2837 1699 2863 ar·-

965 2880 1131 2919 boribus
1149 2880 1307 2920 idoneis
1334 2882 1379 2921 in
1405 2881 1504 2921 locis
1521 2881 1698 2921 colendis

966 2951 1129 2992 operam
1158 2939 1268 2979 dent.

1008 2995 1190 3041 39—46.
1207 2998 1420 3052 Proposito
1440 2997 1556 3050 quasi
1573 3010 1695 3051 argu-
1729 3037 1732 3038 γ

1711 3139 1734 3150 ,Α
