1768 3320
517 790 578 847 F.
621 791 694 847 A.
741 790 811 848 G.
855 788 1240 849 sPoHNll

141 907 195 975 P
268 908 332 979 R
408 904 483 979 Ο
556 912 623 980 L
695 911 755 980 E
829 909 897 981 G
968 907 1044 981 O
1117 915 1194 982 M
1263 913 1323 982 E
1399 913 1467 986 N
1538 914 1603 984 A

835 1050 921 1085 An

280 1137 645 1198 GARMINA
684 1136 1097 1199 BUCOLICA
1138 1139 1470 1198 VIRGILII

110 1312 360 1384 Carmen
386 1332 712 1396 bucolicum,
749 1334 900 1402 quod
930 1352 958 1384 a
982 1334 1276 1385 Theocrito
1313 1336 1514 1402 accepit
1552 1352 1638 1385 ex-

110 1402 340 1466 cultum,
397 1404 649 1469 Virgilius
679 1406 903 1454 mutavit
938 1413 992 1454 et
1027 1403 1228 1454 inflexit
1260 1405 1352 1466 ita,
1410 1414 1472 1454 ut
1508 1421 1637 1454 con-

107 1482 342 1524 verteret
376 1474 430 1522 in
458 1492 553 1524 sua
577 1484 849 1541 tempora,
907 1491 1045 1541 quae
1076 1474 1140 1524 ab
1176 1475 1236 1524 iis
1268 1483 1419 1524 erant
1451 1474 1637 1539 aliena,

109 1552 164 1593 et
198 1561 226 1593 a
248 1545 525 1611 pastoritio
559 1546 795 1595 carmine
818 1546 874 1594 in
898 1544 1172 1611 plerisque
1206 1545 1531 1609 argumentis
1551 1561 1636 1595 re-

109 1613 335 1676 cedenS,
372 1613 441 1664 ad
472 1614 571 1673 alia
601 1631 798 1681 genera
832 1613 1161 1676 deflecteret,
1198 1614 1266 1664 ad
1300 1632 1440 1681 quae
1466 1614 1636 1665 buco-

107 1683 270 1734 licum
300 1701 518 1734 carmen
551 1695 663 1735 erat
698 1683 953 1752 proclive.
1025 1690 1137 1749 (1.)
1191 1684 1437 1734 Primum
1476 1685 1636 1747 enim,

107 1754 240 1804 dum
288 1755 524 1805 imitatur
556 1755 935 1817 Theocritum,
981 1772 1120 1822 quae
1160 1753 1248 1804 hic
1277 1754 1478 1812 dixerat
1509 1755 1627 1803 sim-

103 1824 337 1891 pliciter,
374 1824 466 1875 ille
494 1826 722 1876 traduxit
750 1827 805 1875 in
840 1842 999 1876 suum
1027 1842 1189 1874 usum
1232 1825 1328 1885 ita,
1375 1833 1438 1874 ut
1470 1824 1634 1874 alium

104 1911 339 1959 sensum,
375 1894 521 1945 aliud
557 1896 841 1946 consilium
871 1896 932 1945 iis
965 1895 1185 1945 subesse
1214 1894 1393 1953 vellet,
1428 1912 1528 1962 per
1553 1912 1633 1944 ar-

102 1963 329 2015 tificium
361 1975 502 2016 tecte
534 1967 602 2016 ad
635 1966 902 2035 quaedam
933 1965 1192 2017 alludens,
1261 1965 1398 2014 Hinc
1433 1965 1633 2030 allego-

101 2036 210 2084 rica
242 2037 611 2103 interpretatio
647 2047 778 2089 orta.
851 2035 962 2086 Sed
991 2052 1384 2102 saepenumero
1418 2035 1631 2085 nonnisi

101 2122 358 2172 personas
405 2123 520 2157 esse
557 2107 695 2169 vult,
759 2123 890 2175 quas
922 2106 1242 2165 introducit,
1298 2122 1411 2155 non
1443 2115 1503 2154 ut
1534 2122 1633 2172 per

102 2185 281 2226 totum
323 2193 540 2227 carmen
577 2177 726 2245 quasi
769 2186 1086 2244 personatos
1127 2192 1244 2226 sese
1278 2184 1368 2224 aut
1402 2175 1532 2230 alios
1568 2176 1631 2224 si-

101 2255 226 2309 stat,
284 2246 382 2296 sed
420 2247 488 2296 ita
513 2256 573 2297 ut
603 2247 930 2315 plerumque
972 2248 1032 2296 iis
1062 2246 1196 2296 haec
1230 2245 1317 2295 illa
1350 2245 1627 2306 adscribat,

102 2332 241 2383 quae
285 2316 400 2366 sola
440 2317 507 2367 ad
542 2335 599 2368 se
642 2326 732 2368 aut
770 2316 934 2372 alium
975 2318 1287 2385 quempiam
1330 2316 1400 2365 ita
1437 2313 1628 2366 referri

102 2386 335 2450 debent,
390 2396 452 2437 ut
490 2388 546 2437 in
589 2388 777 2438 ceteris
821 2387 957 2437 nihil
992 2396 1158 2437 restet
1207 2385 1276 2437 de
1323 2397 1627 2453 personato,

100 2457 199 2507 sed
228 2474 315 2507 res
344 2457 532 2507 redeat
563 2458 630 2507 ad
658 2467 910 2526 pastoreS.
956 2462 1048 2522 (2.)
1084 2457 1244 2524 Apud
1277 2456 1626 2509 Theocritum

100 2528 271 2576 nativa
311 2527 644 2594 simplicitas,
700 2529 863 2577 vitam
902 2527 1249 2589 adumbrans,
1311 2527 1480 2596 qualis
1518 2537 1626 2578 tam

102 2598 352 2665 antiquis,
394 2616 557 2666 quam
587 2599 876 2649 serioribus
904 2597 1241 2665 temporibus
1270 2597 1384 2649 fuit.
1454 2598 1624 2662 Virgi-

103 2665 203 2716 lius
238 2677 417 2717 autem
451 2670 676 2719 rusticos
707 2678 987 2736 totamque
1022 2670 1184 2718 vitam
1215 2685 1430 2730 eorum,
1487 2668 1624 2717 eius-

104 2752 210 2802 que
240 2738 516 2803 ingenium
552 2749 605 2789 et
637 2738 883 2789 indolem
910 2756 1024 2788 non
1064 2739 1131 2788 ad
1161 2749 1407 2789 naturam
1436 2737 1623 2786 adum—

101 2804 295 2865 bravit3
332 2808 429 2858 sed
454 2809 837 2858 obversabatur
858 2810 1038 2858 animo
1067 2810 1188 2858 artis
1212 2807 1476 2876 quaedam
1499 2823 1622 2872 per-

102 2872 240 2924 fecta
269 2879 486 2946 species,
523 2879 589 2929 ad
616 2881 763 2929 cuius
790 2879 1197 2929 similitudinem
1221 2876 1620 2945 exprimendam

102 2944 288 3006 verba,
354 2963 529 3008 sensa,
599 2959 877 3015 totamque
921 2950 1222 2998 orationem
1270 2954 1619 2998 converteret.
