1768 3320
190 219 300 255 cxu
475 203 531 251 P.
569 196 863 249 VIRGILII
900 189 1218 244 MARONIS
1255 187 1426 238 VITA

190 332 342 386 Virgilii
362 332 510 370 samam
527 327 765 382 praesagisse
785 326 927 365 fertur.
957 335 997 362 v.
1017 321 1160 360 Donat.
1182 315 1226 371 ᾗ.
1243 316 1313 360 41.
1372 313 1544 355 Servius
1559 312 1614 353 ad
1635 312 1717 354 Eoi.

192 392 257 442 u,
291 393 398 487 1ἔοι)
418 459 524 486 anno
544 444 596 483 ad
612 442 708 482 XIII
732 441 820 481 Kal.
844 410 968 491 April.
989 435 1086 490 (XX
1111 431 1266 488 Martii)
1290 430 1463 472 Ovidi'us
1494 436 1615 477 natus
1638 436 1718 482 est3

195 521 272 546 nec
295 506 422 545 multo
453 510 546 542 ante
571 500 824 554 Propertius;
870 495 1050 535 Tibullus
1084 499 1219 532 autem
1248 492 1330 530 iam
1359 496 1457 529 ante
1483 489 1568 533 705
1596 494 1719 528 natus

1759 385 1768 422 ἑ

197 571 302 615 erat3
333 574 574 616 quamquam
605 559 673 597 alii
703 558 785 596 eius
812 555 963 595 natales
987 552 1039 590 ad
1071 566 1105 590 a.
1138 553 1241 600 6903
1271 547 1475 602 Propertii
1501 553 1638 588 autem
1664 546 1719 586 ad
1744 543 1768 593 J.

198 637 233 662 a.
250 625 334 666 697
357 621 506 661 referre
527 618 683 658 volunt.
743 613 924 654 Catullus
948 611 1053 650 circa
1075 609 1158 652 705
1179 608 1349 648 obierat.

801 741 861 791 U.
899 737 954 789 C.
990 741 1106 789 712.

268 832 338 880 M.
378 830 609 877 Aemilius
643 826 858 889 Lepidus
892 821 963 871 II.
1036 822 1094 869 L.
1130 820 1383 868 Munatius
1418 818 1648 892 Plancus.

341 911 347 918 '
547 926 592 958 a.
635 909 685 957 C.
723 908 804 957 42.
883 904 1078 967 Virgilii
1114 903 1360 953 28—29.
1631 894 1634 897 ⁴

316 991 531 1033 Triumviri
550 989 705 1029 Caesari
734 988 890 1027 divinos
918 985 1093 1025 honores
1123 984 1364 1022 decernunt.
1417 980 1510 1023 Kal.
1525 979 1720 1022 Ianuariis
1765 1026 1768 1031 ι

201 1054 244 1092 in
273 1052 356 1091 eius
389 1057 475 1090 acta
503 1050 651 1088 iurant,
710 1045 907 1085 Sacellum
941 1044 975 1082 ei
1005 1049 1214 1094 tamquam
1234 1041 1352 1081 heroi
1379 1041 1421 1080 in
1446 1041 1535 1080 soro
1551 1039 1719 1089 faciunt,

204 1117 245 1150 et
268 1123 368 1163 quae
389 1109 432 1148 id
461 1121 582 1160 genus
609 1106 726 1158 plura
753 1103 862 1158 apud
886 1103 1053 1141 Dionem
1071 1101 1228 1150 XLVII,
1262 1102 1328 1142 18.
1355 1102 1407 1142 19
1426 1103 1719 1138 memorantur.

203 1168 239 1207 A
255 1167 441 1221 quoinde
458 1174 635 1218 tempore
653 1163 886 1212 Divifilius
909 1160 1156 1199 Octavianus
1176 1158 1255 1198 diei
1277 1158 1431 1212 coepit,
1463 1157 1513 1196 de
1535 1170 1616 1210 quo
1640 1169 1720 1196 no-
1767 1168 1768 1171 ’

204 1227 310 1266 mine
332 1225 425 1264 satis
445 1223 601 1276 copiose
622 1222 701 1274 agit
717 1220 852 1259 Heius.
875 1219 926 1257 ad
946 1218 1042 1257 Aen.
1063 1218 1130 1268 VI,
1162 1219 1259 1260 793.

320 1283 436 1322 Anno
462 1284 544 1322 fere
572 1286 741 1319 exeunte
764 1284 967 1331 pugnatur
998 1276 1050 1315 ad.
1078 1275 1283 1328 Philippos
1313 1274 1357 1313 in
1385 1287 1430 1312 ea
1459 1270 1722 1312 Macedoniae

205 1349 320 1396 parte
340 1342 455 1391 sitos,
487 1353 587 1392 quae
615 1338 709 1377 olim
733 1337 785 1375 ad
815 1335 1029 1375 Thraciam
1059 1334 1324 1388 pertinuerat.
1383 1333 1535 1372 Brutus
1560 1336 1603 1370 et
1624 1330 1722 1369 Cas-
1757 1329 1768 1357 ⁹·

205 1402 287 1439 sius
308 1413 347 1438 se
372 1412 443 1437 sua
470 1411 594 1436 manu
619 1395 882 1435 interficiunt.
938 1395 995 1432 De
1023 1406 1158 1447 pugna
1177 1392 1229 1431 ad
1245 1390 1451 1444 Philippos
1469 1389 1557 1430 vid.
1578 1389 1721 1441 Georg.

202 1460 243 1507 I,
275 1457 358 1499 489
389 1470 471 1508 sqq.
531 1455 583 1493 M.
613 1453 813 1492 Antonius
859 1452 910 1490 ad
939 1466 1003 1491 res
1041 1451 1157 1490 Asiae
1194 1449 1501 1489 constituendas
1538 1446 1722 1487 discedit.

203 1515 449 1556 Octavianus
474 1514 516 1552 in
543 1513 699 1552 Italiam
727 1511 856 1562 redit,
896 1510 947 1549 ad
976 1525 1091 1563 agros
1114 1516 1156 1548 et
1184 1508 1365 1563 praemia
1377 1508 1487 1548 inter
1507 1512 1723 1548 veteranos

204 1572 489 1614 distribuenda.

318 1630 382 1670 Ad
402 1629 576 1669 Caesaris
605 1627 942 1668 consecrationem
966 1641 1087 1680 quam
1117 1626 1294 1666 diximus
1320 1624 1476 1666 nobiles
1501 1622 1559 1663 illi
1581 1634 1725 1663 versus

206 1694 384 1743 spectant
400 1689 497 1726 Aen.
515 1688 545 1738 I,
575 1690 657 1728 290
668 1685 817 1728 —294
838 1687 1043 1725 Nascetur
1055 1687 1205 1739 pulcra
1234 1686 1435 1724 Troianus
1453 1683 1607 1734 origine
1619 1681 1725 1719 C'ae-

207 1764 278 1787 sar
293 1754 380 1797 etc„
410 1752 451 1784 et
464 1746 530 1795 VI,
566 1747 648 1786 790
674 1744 740 1782 hic
768 1744 934 1794 Caesar,
965 1753 1002 1783 et
1031 1746 1160 1783 omnis
1179 1744 1267 1783 Iuli
1286 1743 1507 1795 Progenies
1525 1752 1726 1792 magnum

208 1807 313 1845 caeli
339 1812 503 1844 ventura
531 1802 602 1840 sub
630 1816 764 1840 axem.
826 1802 882 1840 De
914 1803 1052 1842 eadem
1083 1801 1384 1842 consecratione
1413 1813 1485 1839 seu
1514 1796 1726 1852 apotheosi

210 1877 324 1916 agere
348 1862 468 1913 vulgo
503 1860 755 1898 existimatur
785 1861 1002 1912 Daphnis,
1032 1862 1178 1914 Ecloga
1203 1860 1251 1901 V.
1291 1859 1494 1899 Martinus
1524 1855 1648 1911 (Life
1682 1854 1738 1907 of

217 1924 262 1962 V
257 1921 356 1973 irgil
371 1933 410 1972 p.
429 1919 552 1958 XLVI
576 1924 615 1956 et
632 1918 682 1956 ad
704 1918 784 1956 Ecl-
802 1919 849 1968 V,
882 1921 948 1961 86.
971 1922 1038 1961 20.
1057 1921 1125 1963 52.
1156 1920 1228 1970 IX,
1257 1917 1328 1973 10)
1349 1917 1430 1957 hoc
1453 1916 1540 1969 ipso
1565 1925 1726 1967 quoque

212 1993 317 2018 anno
335 1991 419 2016 eam
441 1977 629 2028 scriptam
649 1989 730 2014 esse
754 1977 980 2028 statuebat3
1010 1985 1058 2017 ut
1084 1978 1185 2017 adeo
1212 1977 1439 2017 Octaviano
1462 1973 1621 2012 Caesari
1645 1972 1728 2011 iam

210 2043 300 2076 tum
318 2037 430 2075 Maro
461 2034 760 2073 commendatus
792 2048 873 2073 esse
902 2036 1034 2075 videri
1061 2036 1225 2087 debeat5
1262 2035 1387 2087 idque
1419 2033 1514 2082 hocl-
1527 2032 1615 2085 ipso
1632 2044 1747 2070 car-.

210 2096 318 2135 mine
344 2095 494 2133 factum
524 2106 623 2131 esse:
662 2092 715 2131 ib.
744 2106 830 2145 pag.
859 2093 920 2133 LI.
980 2094 1020 2133 Si
1049 2095 1149 2134 mihi
1177 2094 1279 2134 haec
1297 2093 1556 2143 coniectura,
1588 2103 1662 2144 per
1685 2101 1726 2128 se

212 2152 432 2192 admodum
446 2151 560 2200 levis,
599 2164 691 2189 nam
714 2164 787 2189 cur
814 2166 895 2190 non
919 2153 1070 2192 multos
1102 2160 1196 2206 post
1217 2167 1345 2192 annos
1363 2151 1543 2191 eiusdem
1560 2148 1621 2188 rei
1637 2160 1727 2186 me-

212 2211 340 2250 moria
371 2209 519 2261 pariter
552 2209 650 2247 bene
682 2209 856 2247 carmine
879 2210 967 2249 fieri
998 2212 1226 2264 potuisset?
1266 2211 1298 2250 si
1324 2217 1462 2249 tamen
1494 2207 1728 2251 coniectura

211 2269 311 2309 haec
339 2268 387 2306 de
423 2282 551 2317 anno,
589 2281 668 2318 quo
701 2269 847 2319 scripta
876 2268 927 2306 sit
957 2269 1099 2323 Ecloga
1133 2271 1181 2321 V,
1215 2269 1418 2308 firmanda
1447 2272 1572 2317 esset,
1615 2263 1729 2304 aliud

214 2328 418 2379 aliquanto
435 2325 589 2363 firmius
609 2332 886 2377 argumentum
907 2327 1107 2368 afferrem:
1146 2329 1188 2367 in
1206 2329 1266 2367 IX
1285 2328 1367 2367 Ecl.
1392 2341 1432 2367 v.
1455 2328 1521 2368 19.
1543 2327 1601 2367 20
1626 2324 1729 2375 Quis

213 2393 370 2423 caneret
387 2383 615 2434 nymphas?
645 2386 732 2435 quis
752 2383 920 2422 humum
941 2386 1182 2437 florentibus
1211 2386 1342 2425 herbis
1372 2382 1627 2437 Spargeret?
1656 2388 1730 2420 aut

210 2442 477 2493 viridi-fontes
495 2442 692 2478 induceret
721 2441 892 2480 umbra?
921 2442 1033 2483 haud
1053 2445 1174 2484 dubie
1196 2445 1248 2484 ad
1265 2445 1347 2484 Ecl.
1364 2444 1413 2494 V,
1430 2446 1500 2486 20.
1520 2440 1576 2484 40
1595 2439 1729 2493 respi-

211 2502 338 2550 citur;
373 2512 458 2564 eam
476 2498 610 2549 itaque
637 2512 765 2548 nona,
804 2513 926 2551 ,quam
953 2516 987 2541 a.
1012 2506 1095 2546 713
1118 2503 1308 2557 scriptam
1332 2515 1417 2541 esse
1444 2499 1600 2553 liquido
1627 2512 1729 2539 con-

210 2564 311 2608 stat,
341 2569 515 2609 priorem
533 2569 614 2595 esse
629 2586 640 2606 ‚
669 2569 826 2595 necesse
848 2564 919 2597 est.

809 2672 871 2722 U.
907 2672 963 2722 C.
1105 2713 1115 2724 .

351 2753 406 2801 P.
435 2751 667 2799 Servilius
703 2752 847 2801 Vatia
876 2676 1121 2803 IsauZichs
1151 2758 1219 2806 II.
1265 2758 1321 2804 L.
1342 2756 1590 2809 Antonius.

584 2850 628 2881 a.
654 2833 705 2881 C.
732 2835 811 2883 41.
891 2838 1084 2900 Virgilii
1116 2841 1353 2888 29-30,

326 2914 573 2954 Octavianus
601 2915 744 2952 Caesar
773 2916 941 2956 Romam
976 2932 1160 2958 reversus
1194 2921 1293 2960 dum
1322 2918 1526 2959 veteranis
1554 2915 1732 2971 praemia

212 2973 439 3027 persolvere
461 2985 608 3023 eosque
626 2972 669 3011 in
690 2986 804 3026 agros
822 2976 1080 3030 municipales
1096 2978 1231 3017 Italiae
1250 2993 1273 3017 a
1294 2976 1537 3018 Triumviris
1555 2974 1732 3030 promis-
