1768 3320
200 205 300 255 192
549 202 603 251 P.
640 164 1004 251 VIRGILII
1050 197 1430 248 MARONIS

196 334 308 380 Hos
333 326 612 392 Corydon,
650 326 772 376 illos
791 324 1060 375 referebat
1082 323 1138 371 in
1164 321 1356 372 ordine
1379 321 1607 388 Thyrsis,
1645 323 1713 378 '20

269 415 312 451 c,
366 396 672 464 Nymphae,
739 405 923 445 noster
967 409 1142 456 amor,
1198 391 1563 458 Libethrides,
1588 425 1590 427 >
1626 403 1715 445 aut

983 462 1119 511 mihi
1141 478 1373 527 carmen,
1523 503 1525 506 ,

199 537 367 603 Quale
387 554 514 586 meo
539 535 744 599 CodrO,
785 532 1090 594 concedite3
1127 532 1370 599 proxima
1390 526 1603 584 Phoebi

197 633 385 667 Marcellus
402 636 596 676 agnoscunt
608 656 616 671 ‚
640 629 756 663 ieiuna
777 634 831 662 est
847 626 1042 669 sententia,
1067 638 1274 673 quocunque
1289 633 1328 660 te
1347 632 1482 667 vertas3
1519 626 1592 659 sive
1611 631 1650 659 ut
1669 626 1715 660 ad

198 681 270 715 duo
289 687 451 726 pastores
472 678 663 719 referatur,
699 675 793 709 utin
811 676 907 708 Nota
932 674 1022 717 feci,
1057 674 1129 708 sive
1156 681 1193 707 ut
1218 673 1263 707 ad
1277 673 1512 716 Meliboeam,
1544 680 1584 706 ut
1609 673 1713 717 vulgo

199 728 388 772 accipitur3
419 733 457 759 ut
479 726 544 758 sit:
570 726 702 758 Musae
731 721 906 756 volebant
934 735 989 755 me
1020 722 1224 755 meminisse
1251 721 1434 760 alterno-⁹3
1471 720 1508 754 h.
1532 719 1713 754 iubebant.

198 776 319 809 Musae
345 774 466 807 iubent
495 783 639 812 cauere,
674 781 744 802 non
763 781 848 803 vero
868 768 1066 803 meminisse
1091 780 1153 811 ea,
1185 778 1287 813 quae·
1303 768 1347 801 ab
1374 767 1452 801 aliis
1479 767 1714 809 canebantur5

200 822 268 856 etsi
288 833 389 854 nemo
409 818 562 859 dubitet,
589 817 740 851 carmina
759 816 877 849 audita
896 824 1074 861 pastorem
1088 814 1278 848 memoriae
1294 815 1460 849 mandare
1481 813 1653 859 potuisse,
1678 821 1716 848 ut

198 866 271 904 Ecl.
289 870 354 910 IX,
373 869 428 904 38.
447 865 503 902 45.
524 866 581 901 53.
628 864 798 909 Equidem
821 870 934 897 totum
953 875 1091 897 versum
1111 861 1295 895 insititium
1317 874 1394 896 esse
1417 861 1594 903 arbitron
1628 874 1716 907 sup-

198 916 298 962 plere
314 923 411 948 vetus
429 918 608 958 poetaster
627 911 737 944 voluit
750 910 807 952 id,
839 911 933 956 quod
953 910 1099 955 provide
1118 910 1220 943 Maro
1240 909 1426 952 omiserat,
1449 921 1528 943 cum
1548 907 1715 954 scripsis-

200 969 272 996 set:
298 962 466 996 Alternis
483 961 599 1006 igitur
616 958 840 992 contendere
860 957 1026 991 versibus
1045 956 1167 998 ambo3
1192 959 1273 991 Hos
1293 956 1463 1002 Corydon
1475 982 1485 998 ,
1507 956 1595 990 illos
1614 954 1716 1002 refe-

200 1008 304 1043 rebat
320 1010 358 1042 in
379 1008 506 1041 ordine
530 1006 693 1050 Thyrsis.
745 1006 808 1050 (Ut
825 1004 1013 1038 infinitivus
1034 1004 1184 1046 habeat,
1210 1016 1252 1037 ex
1272 1015 1340 1050 quo
1360 999 1535 1049 pendeat,
1557 1003 1715 1043 verbum,

202 1056 303 1102 quale
332 1062 385 1088 est
410 1066 577 1099 coepere,
611 1052 645 1085 h.
665 1052 689 1085 l.
711 1051 945 1085 necessarium
968 1059 1038 1092 est3
1073 1051 1190 1096 itaque
1208 1063 1327 1084 versus
1352 1051 1406 1086 19.
1437 1050 1562 1084 abesse
1582 1049 1715 1095 nequit.

206 1104 309 1138 chlz.
335 1120 380 1126 -—
419 1100 571 1134 Videtur
597 1106 713 1132 tamen
739 1099 895 1144 Heynius
921 1099 1144 1132 contendere
1177 1098 1337 1131 absolute
1366 1098 1497 1131 dictum
1527 1096 1715 1143 accepisse,

199 1157 237 1183 ut
254 1155 364 1189 esset,
398 1147 457 1193 qui
477 1146 621 1187 dicitur,
645 1146 834 1179 infinitivus
855 1146 1056 1179 historicus.
1105 1145 1175 1179 Sed
1201 1145 1259 1190 qui
1281 1144 1424 1190 Virgilii
1443 1155 1578 1179 morem
1597 1143 1716 1185 callet,

200 1197 329 1231 omisso
348 1196 417 1228 hoc
434 1206 535 1227 versu
555 1193 751 1227 desiderari
771 1193 903 1239 aliquid
920 1192 1058 1226 sentiet.
1093 1192 1233 1226 Plenius
1257 1192 1424 1238 quiddam
1443 1203 1483 1225 os
1501 1190 1604 1225 huius
1622 1203 1717 1236 poe-

200 1251 256 1278 tae
278 1250 389 1276 sonat.
420 1242 515 1284 Wr.)

597 1242 643 1276 ΞΟ
669 1243 770 1274 Haec
795 1239 963 1286 Corydon
985 1241 1107 1273 Franc.

1200 1241 1247 1275 22
1271 1240 1477 1274 concedunt
1491 1239 1632 1284 Meuag.
1655 1238 1715 1271 alt.

195 1291 366 1338 proxima
384 1287 530 1322 Phoebo
551 1287 641 1321 alter
660 1288 828 1321 Rottend.
848 1295 883 1321 et
901 1287 1002 1321 Leid.
1018 1287 1118 1321 male.

199 1362 330 1400 lebam
353 1360 514 1411 antique
532 1375 606 1413 pro
629 1361 816 1399 vellemf‘
847 1360 929 1398 Cur

200 1420 410 1470 antiquum
433 1419 602 1468 dixerit,
627 1418 758 1457 nescio
767 1433 778 1469 3
806 1417 928 1457 huius

197 1477 412 1516 Indicativi
431 1476 532 1515 haec
554 1482 614 1514 est
633 1477 757 1527 rat-io,
788 1483 837 1515 ut
862 1477 929 1515 in-

200 1536 307 1575 dicet
334 1535 400 1585 id,
439 1535 550 1586 quod
579 1534 637 1572 ita
670 1548 752 1573 esse
780 1534 928 1588 potuit,

199 1594 270 1632 sed
308 1607 391 1631 non
432 1593 520 1632 suit.
590 1593 645 1631 At
684 1599 791 1632 certe
829 1593 929 1631 bene

199 1652 327 1691 multa
338 1651 555 1690 Meliboeus
570 1652 762 1690 memoria
779 1651 929 1701 tenuit,

201 1716 242 1748 et
271 1709 466 1762 cupientis
493 1716 553 1748 est
583 1711 726 1759 velim,
767 1710 925 1759 vellem,

201 1781 282 1806 non
321 1767 516 1806 volebam.
590 1767 790 1820 Spohnius
829 1767 931 1806 haec

200 1824 342 1864 habet:
365 1825 527 1874 „Musae
545 1826 738 1865 volebant
756 1840 819 1864 me
836 1826 930 1864 illo-

200 1897 294 1922 rum
336 1896 527 1922 versuum
571 1898 788 1923 memorem
827 1897 930 1934 esse,

200 1941 371 1992 ideoque
393 1955 458 1979 eos
480 1943 629 1981 referre
652 1957 835 1996 possum,
866 1942 930 1981 uti

201 1999 260 2038 illi
287 1999 514 2038 referebant
541 2000 592 2039 in
616 2001 816 2051 ordine,
847 2001 872 2039 i.
895 2013 927 2038 e.

202 2070 285 2095 sese
302 2058 580 2110 excipientes.“
627 2059 706 2098 Sed
723 2060 797 2109 vis,
827 2072 929 2110 quae

201 2115 306 2154 inest
331 2115 373 2153 in
404 2116 574 2168 repetito
608 2132 696 2156 voc.
737 2119 924 2166 alternos,

203 2187 286 2211 non
302 2173 466 2212 videtur
483 2174 562 2213 hoc
584 2176 808 2215 admittere.
847 2176 928 2227 Ego

202 2230 349 2283 Heynii
385 2233 690 2284 explicationem
732 2234 929 2286 praefero,

203 2289 253 2327 ab
270 2289 355 2340 ipso
367 2289 530 2342 Virgilio
544 2291 624 2330 Ecl.
644 2292 710 2341 III,
730 2293 797 2335 59.
818 2306 930 2331 eom-

201 2346 451 2397 mendatam;
483 2350 593 2400 quod
617 2357 750 2389 autem
778 2356 931 2403 poetae,

202 2418 305 2456 quae
325 2413 525 2456 canerent,
557 2408 691 2447 doceri
712 2423 734 2446 a
748 2408 871 2447 Musis
892 2421 932 2446 se

201 2461 478 2516 perhibebant,
506 2473 692 2504 canentes
710 2467 933 2505 meminisse

203 2534 272 2570 ea,
313 2534 413 2572 quae
441 2524 553 2573 quasi
583 2524 816 2574 didicerint,
854 2525 931 2562 dici

201 2585 385 2632 possunt.
452 2581 662 2621 Wunderl.
710 2585 933 2620 meminisse

203 2637 356 2676 Graeco
386 2651 495 2675 more
527 2640 678 2678 dictum
705 2647 846 2693 putat,
884 2646 933 2679 ut

179 2749 186 2755 .
203 2695 256 2734 sit
273 2696 471 2746 aggredi,
503 2706 672 2735 {molare
686 2728 696 2746 ‚
727 2699 789 2737 uti
817 2712 932 2751 saepe

203 2756 462 2807 μεμνῆσθαις
514 2761 554 2793 et
593 2762 713 2793 erunt
752 2757 932 2806 sortasse,

203 2811 273 2864 qui
297 2809 377 2849 hoc
403 2813 514 2861 sequi
540 2814 694 2851 malint.
738 2813 849 2867 nfr.)

261 2871 330 2910 21.
371 2868 485 2917 Quae
519 2876 765 2922 sequuntur,
807 2886 933 2923 parva

203 2933 300 2966 sunt
320 2927 497 2965 carmina
526 2936 815 2980 quaternorum
839 2943 933 2968 ver-

202 2999 322 3025 suum
341 2983 584 3039 (Quaerains
605 2985 790 3040 dixeris),
811 2988 870 3025 sui
890 3002 935 3025 ac

987 1358 1137 1398 diversi
1154 1357 1307 1410 singula
1323 1357 1561 1410 argumenti.
1591 1355 1718 1396 Libe-

987 1417 1097 1455 thr-us
1115 1418 1204 1456 fons
1225 1422 1284 1454 est
1302 1430 1395 1463 cum
1422 1421 1542 1454 antro
1567 1415 1612 1454 in
1631 1414 1718 1454 He-

985 1475 1126 1514 licone.
1166 1489 1206 1514 v.
1233 1475 1378 1514 Strabo
1398 1474 1470 1524 lx,
1497 1488 1538 1527 p.
1562 1476 1644 1516 629
1669 1472 1716 1512 A.

986 1531 1032 1575 τό
1079 1536 1161 1574 τῶν
1200 1533 1498 1590 Λειβηθρίδων
1540 1534 1718 1584 νυμφῶν

988 1589 1138 1644 ἄντρον
1148 1622 1157 1642 ,
1199 1588 1344 1641 alius,
1358 1591 1471 1642 isque
1501 1589 1716 1641 antiquior,

985 1650 1029 1688 in
1048 1650 1199 1700 Pieria3
1255 1663 1309 1688 ua
1329 1648 1379 1687 de
1400 1661 1445 1687 re
1465 1647 1719 1701 disputatum

986 1708 1029 1747 in
1042 1709 1308 1747 commentat.
1330 1707 1379 1745 de
1395 1706 1602 1746 Musarum
1620 1705 1719 1746 reli-

987 1766 1158 1820 gionep.
1178 1765 1234 1807 44
1263 1763 1322 1819 (in
1343 1765 1609 1804 commentat.
1629 1766 1718 1804 Soc.

989 1825 1102 1863 Gott.
1130 1825 1242 1863 Tom.
1264 1822 1393 1878 VIII).
1424 1824 1528 1862 conf.
1554 1822 1718 1874 Martin.

988 1889 1029 1921 et
1049 1883 1188 1921 Cerda.
1235 1882 1375 1921 Videri
1394 1887 1565 1934 possunt
1582 1881 1719 1920 Musae

987 1940 1027 1980 h.
1056 1942 1082 1980 1.
1112 1942 1219 1979 inter
1243 1939 1450 1993 Nymphas
1476 1939 1638 1979 referri:
1669 1944 1720 1978 ut

986 2000 1108 2051 vulgo
1130 2005 1330 2038 statuunt.
1372 1996 1470 2052 (vid.
1489 1997 1602 2037 Voss.
1626 1996 1668 2036 11.
1691 1997 1718 2036 l.

992 2059 1062 2097 lsV
1057 2056 1105 2112 r.)
1147 2058 1320 2096 Possunt
1343 2063 1480 2095 tamen
1505 2056 1602 2094 deae
1628 2055 1718 2105 loci,

985 2115 1215 2169 Nymphae,
1244 2129 1327 2154 non
1354 2115 1487 2153 minus
1510 2127 1533 2152 a
1557 2120 1720 2167 pastore

986 2173 1028 2213 h.
1058 2175 1083 2213 l.
1113 2175 1319 2223 invocari,
1362 2187 1483 2225 quam
1517 2171 1721 2212 Arethusa

988 2232 1070 2271 Ecl.
1090 2234 1142 2282 X,
1170 2246 1231 2285 pr.
1279 2229 1455 2285 (Scilicet
1481 2230 1561 2270 11οο
1578 2231 1719 2282 utique

987 2291 1230 2340 tenendum,
1262 2290 1373 2342 quod
1394 2290 1651 2328 Hermannus
1677 2289 1720 2327 in

988 2348 1152 2388 Dissert.
1201 2349 1249 2386 cle
1297 2350 1437 2386 Masis
1475 2346 1722 2399 fluvialibus

990 2407 1233 2458 Epicharmi
1257 2414 1293 2444 et
1321 2406 1486 2444 Eumeli·
1513 2419 1551 2458 p.
1575 2407 1613 2447 6.
1643 2404 1721 2443 do·-

990 2472 1069 2504 cet:
1090 2466 1224 2504 Musas
1237 2464 1399 2516 quidem
1411 2463 1609 2516 nymphas
1625 2476 1719 2514 esse,

990 2524 1061 2562 sed
1085 2538 1165 2562 non
1186 2536 1321 2561 omnes
1347 2520 1547 2574 nymphas
1565 2521 1720 2572 Musas3

991 2588 1032 2620 et
1071 2580 1270 2635 nymphas
1306 2580 1506 2630 fontium,
1553 2580 1635 2618 Ecl.
1668 2580 1720 2618 X.

988 2640 1099 2690 init.,
1130 2646 1177 2678 ut
1198 2652 1299 2690 quae
1321 2644 1474 2677 mentes
1500 2638 1637 2677 divino
1661 2638 1720 2676 as-

989 2699 1093 2737 flatu
1106 2698 1311 2750 impleant,
1325 2710 1617 2748 nonnunquam
1628 2696 1722 2735 Mu-

989 2771 1124 2795 sarum
1166 2756 1254 2794 loco
1299 2769 1322 2792 a
1360 2755 1489 2808 poetis
1528 2754 1721 2794 invocari.

995 2816 1066 2855 W
1059 2814 1108 2869 r.)
1157 2817 1224 2856 22.
1249 2813 1398 2852 Codrus
1417 2826 1565 2852 nomen
1583 2819 1723 2866 pasto-

989 2873 1045 2911 ris
1058 2904 1068 2922 ‚
1101 2887 1217 2925 quem
1239 2872 1318 2910 iam
1340 2885 1461 2924 supra
1483 2871 1724 2910 memoravit

992 2938 1116 2970 cantu
1167 2936 1389 2969 certantem
1436 2930 1517 2968 Ecl.
1552 2930 1606 2979 V,
1658 2932 1723 2970 11.

993 2986 1169 3041 (Scholia
1193 3003 1215 3027 a
1235 2988 1340 3027 Maio
1363 2987 1489 3026 edita:
1518 2986 1725 3038 „Codrum
