1768 3320
179 214 270 248 cxx
465 200 521 249 P.
559 197 852 251 VIRGILII
886 194 1202 246 MARONIS
1243 194 1412 245 VITA

180 328 272 367 dem
293 327 435 381 aliquis
455 327 558 367 haec
577 328 654 367 alio
671 327 810 367 Dionis
827 328 916 366 loco
948 323 1181 365 labefactari
1201 329 1370 376 putare,
1401 323 1473 362 ubi
1495 337 1602 363 anno
1623 325 1708 369 715

177 386 346 426 ineunte
366 386 616 426 Octavianus
636 387 778 424 Caesar
796 387 836 424 in
858 385 1026 433 Gallias,
1065 388 1114 422 ut
1132 382 1329 420 excitatos
1356 382 1400 420 in
1420 382 1474 421 iis·
1487 389 1624 422 motus
1644 397 1710 421 se-

180 444 318 494 daret,
349 445 556 498 profectus
578 458 659 483 esse
691 444 841 483 dicitur
867 443 935 482 lib.
955 441 1129 490 XLVIII,
1147 443 1216 482 20.
1238 441 1288 479 cf.
1319 454 1352 478 ο.
1373 442 1428 482 28
1450 454 1511 493 pr.
1536 440 1708 495 Appian.
1758 442 1765 459 ᾗ

1750 191 1768 304 ÷

1754 145 1768 250 Ξ

1752 288 1766 356 ᾳ

1756 293 1768 339 ’ἐ

1741 387 1744 391 »
1756 358 1768 398 ἓ

1757 412 1763 420 ι

1761 457 1768 497 a'

179 516 219 555 p.
242 503 369 546 1135.
433 503 512 541 Sed
536 504 710 556 primum
737 516 788 541 an
812 501 1034 539 exercitum
1068 512 1203 537 secum
1232 498 1420 547 duxerit,
1452 513 1535 538 non
1553 514 1710 539 memo-
1758 511 1768 558 ζ

179 565 319 599 ratum
335 559 538 611 invenias3
568 567 653 600 tum
683 573 756 598 nec
781 559 968 598 Rhenum
1001 557 1204 596 transiisse
1228 563 1300 596 aut
1320 556 1372 595 ad
1388 556 1577 597 Rhenum
1597 558 1711 611 quic·

181 632 303 670 quam
322 632 460 657 rerum
482 632 574 658 eum
596 618 758 671 gessisse
777 618 930 656 doceas.
993 615 1198 666 Quicquid
1220 622 1303 666 est,
1343 616 1595 668 probabilior
1609 617 1711 656 haec
1764 641 1768 666 3

182 682 243 715 est.
258 677 479 727 sententia,
511 691 630 728 quam
651 677 718 715 illa
740 675 948 728 Scffligeri,
981 675 1031 713 ad
1050 674 1286 726 Hieronym.
1310 688 1350 713 n.
1367 676 1491 725 1960,
1525 674 1596 728 qui
1615 682 1710 716 ante

183 734 346 774 caedem
370 735 548 774 Caesaris
567 735 750 786 Eclogam
781 734 974 772 decimam
995 732 1154 786 publice
1178 733 1329 771 editam
1361 745 1444 771 esse
1463 733 1610 792 debere
1629 748 1710 788 pu·
1767 781 1768 785 Ἰ

181 798 243 831 tat
252 823 262 842 ,
294 792 390 831 dum
413 793 522 831 illam
542 793 770 846 opinionem
790 792 1069 845 amplectitur,
1101 791 1286 842 quintam
1307 790 1351 829 in
1373 792 1551 831 Caesaris
1570 806 1712 832 necem

185 863 268 889 esse
285 851 497 903 scriptam,
527 851 636 890 intra
655 850 874 889 triennium
891 856 1027 888 autem
1055 849 1245 888 Bucolica
1262 862 1345 888 esse
1370 850 1566 890 absoluta.
1627 852 1712 892 Iam

183 909 318 960 itaque
339 909 389 958 si,
422 915 617 960 quantum
638 909 719 948 sive
748 922 799 946 ex
827 914 1053 961 temporum
1082 909 1293 947 notatione
1315 907 1484 947 definire
1503 909 1586 949 sive
1611 924 1712 949 con-

182 967 338 1005 iectura
363 967 517 1019 assequi
549 967 694 1019 possis,
734 966 916 1006 ordinem
945 966 1185 1019 Eclogarum
1211 980 1257 1005 ac
1281 972 1442 1020 tempus
1464 968 1712 1008 constituere

184 1024 309 1074 velis,
352 1030 444 1063 ante
472 1039 581 1075 eam,
622 1037 723 1076 quae
752 1038 863 1064 nunc
901 1024 1031 1077 primo
1067 1025 1157 1063 loco
1190 1025 1322 1077 posita
1352 1032 1432 1076 est,
1472 1027 1707 1078 secandam,

183 1084 340 1120 tertiam
377 1088 417 1120 et
445 1085 628 1135 quintam
658 1082 847 1135 scriptam
882 1096 964 1121 esse
1000 1083 1209 1136 probabile
1249 1084 1306 1123 fit.
1367 1085 1472 1123 Tum
1498 1087 1640 1137 prima
1671 1093 1713 1126 et

183 1155 291 1178 nona
327 1154 432 1178 anno
464 1143 560 1182 713.
621 1141 800 1179 Collocat
830 1147 923 1194 post
949 1141 1057 1179 hanc
1081 1150 1239 1180 sextam
1270 1142 1505 1182 coniectura
1531 1143 1710 1184 Martini.

184 1197 288 1236 Tum
308 1212 413 1236 anno
435 1198 517 1240 714
538 1208 726 1251 quartam
741 1230 751 1248 ,
786 1199 869 1242 715
891 1208 1099 1249 octavam,
1132 1200 1339 1252 vulgatam
1359 1215 1441 1240 esse
1464 1201 1507 1240 in
1530 1203 1711 1242 confesso

184 1261 270 1306 est3
307 1256 418 1294 intra
453 1256 558 1295 idem
590 1258 695 1296 sorte
729 1263 888 1311 tempus
924 1273 1058 1307 nona,
1101 1264 1143 1298 et
1171 1261 1256 1300 717
1277 1259 1438 1298 decima
1453 1260 1600 1300 ultimo
1621 1262 1711 1301 loeo

184 1313 330 1365 scripta
348 1314 425 1354 suit
437 1329 447 1364 ;
477 1321 526 1353 ut
545 1315 644 1354 adeo
670 1315 723 1354 ad
741 1315 934 1368 temporis
954 1316 1158 1355 rationem
1180 1317 1283 1356 ordo
1301 1316 1367 1356 hic
1389 1319 1585 1359 constitui
1605 1321 1712 1360 forte

182 1371 335 1424 possit:
1278 1381 1281 1384 '

688 1435 708 1473 1
744 1432 890 1485 Ecloga
919 1432 955 1470 II

682 1493 709 1532 2
778 1513 836 1520 —-
894 1490 949 1529 III

685 1551 710 1590 3
778 1572 835 1578 —
892 1549 928 1586 V

686 1604 713 1647 4
781 1629 838 1636 --
896 1607 913 1645 I
1020 1610 1104 1650 713

687 1664 713 1706 5
780 1687 837 1693 -
896 1665 954 1703 ΙΧ
1013 1666 1104 1704 eod.

690 1724 715 1763 6
785 1745 842 1751 —-
899 1723 954 1763 VI

688 1781 714 1820 7
790 1804 838 1809 —
900 1782 954 1821 IV
1013 1784 1098 1824 714

689 1839 715 1878 8
785 1861 841 1867 —-
898 1839 988 1879 VIII
1019 1841 1102 1884 715

687 1897 712 1936 9
785 1919 833 1924 —-
897 1898 966 1937 VII

663 1955 714 1994 10
782 1977 838 1984 —
896 1957 935 1995 X
1025 1960 1123 1999 717.

245 2081 253 2089 .
301 2025 479 2065 Laudata
506 2034 547 2067 et
575 2034 854 2074 commendata
884 2044 980 2076 sunt
1008 2038 1161 2091 Virgilii
1187 2040 1379 2079 Bucolica
1407 2040 1490 2079 iam
1520 2054 1544 2079 a
1561 2039 1709 2094 poetis,

188 2095 257 2132 qui
295 2084 430 2123 eadem
470 2093 599 2126 aetate
636 2091 841 2133 vivebant.
908 2095 1146 2148 Propertius
1189 2099 1242 2137 ad
1281 2112 1422 2138 eorum
1461 2104 1711 2152 argumenta,

187 2139 321 2191 paullo
342 2148 476 2181 tamen
500 2145 682 2187 licentius
698 2181 708 2199 >
743 2151 887 2191 alludit
917 2154 976 2193 El.
1013 2155 1067 2205 Π,
1093 2155 1161 2206 34,
1185 2160 1241 2200 67
1261 2171 1359 2209 sqq-7
1390 2157 1478 2197 Ubi:
1515 2159 1578 2196 Tu
1597 2158 1712 2196 canis

189 2196 364 2263 ambr-osi
387 2201 518 2240 subter
541 2207 684 2255 pineta
718 2209 890 2249 Galaesi
921 2210 1021 2266 (non
1049 2215 1163 2266 quasi
1192 2215 1250 2254 ibi
1265 2215 1382 2255 Maro
1403 2215 1618 2269 praedium
1634 2215 1713 2255 ha-

187 2255 342 2322 buerit}
384 2259 453 2296 sed
481 2271 665 2315 respectu
693 2266 860 2307 laudum
889 2270 988 2321 loci,
1019 2272 1062 2311 in
1097 2287 1196 2325 quas
1218 2275 1403 2313 excurrit
1417 2265 1495 2313 Ge.
1517 2275 1584 2325 IV,
1609 2272 1710 2329 125)

194 2313 365 2379 Thyrsin
390 2325 425 2353 et
442 2322 585 2359 attritis
611 2324 814 2374 Daphnin
832 2330 1095 2369 arundinibus
1109 2362 1119 2381 ‚
1156 2330 1256 2385 (Ecl.
1285 2332 1373 2387 VH)
1425 2334 1558 2386 thue
1575 2322 1713 2371 decem

186 2381 343 2438 possint
371 2388 615 2429 corrumpere
642 2383 756 2421 mala
776 2387 987 2437 puellam,
1032 2387 1132 2443 (Ecl.
1164 2391 1230 2440 III,
1258 2389 1332 2446 71)
1384 2393 1544 2430 Missus
1575 2399 1614 2430 et
1631 2393 1712 2430 im-

180 2442 332 2479 pressis
353 2431 515 2495 'haedus
545 2437 596 2474 ab
630 2439 834 2492 uberibus,
882 2442 950 2497 (ex
982 2446 1061 2497 IX,
1086 2448 1129 2501 6)
1169 2450 1313 2499 Felix,
1357 2451 1430 2502 qui
1458 2450 1560 2489 VileS
1577 2450 1713 2501 pomis

190 2500 377 2525 mercaris
398 2504 549 2531 amores

189 2544 368 2595 puellae,
405 2547 496 2612 licet
524 2564 568 2589 ea
600 2553 756 2606 ingrata
787 2558 863 2609 sit,
904 2574 996 2600 cum
1028 2569 1166 2603 tamen
1197 2578 1355 2604 amores
1373 2565 1457 2605 eius
1477 2572 1564 2604 tam
1580 2579 1711 2619 parvo

190 2608 396 2667 emantur,
427 2619 508 2658 ipsc
529 2610 691 2663 Tityrus
718 2623 861 2667 canat,
894 2619 962 2670 qui
982 2621 1188 2662 Galateam
1214 2624 1399 2674 amabat,
1430 2624 1544 2663 nullo
1566 2624 1619 2663 ad
1635 2637 1712 2677 pe·-

191 2659 341 2698 cuhum
361 2661 516 2728 fructu,
546 2675 593 2706 ut
611 2671 690 2710 Ecl.
710 2672 740 2721 Ι,
760 2676 809 2715 31
836 2689 919 2728 sqq.
952 2679 1071 2718 Felix
1103 2683 1300 2720 intactum
1325 2682 1507 2734 Corydon
1528 2684 1600 2735 qui
1621 2690 1711 2720 ten-

190 2725 253 2783 tat
274 2719 427 2757 Alexin
460 2724 670 2775 Agricolae
694 2730 849 2770 domini
876 2749 1036 2786 (mopere
1065 2739 1245 2778 delicias.
1289 2737 1390 2794 (Ecl.
1414 2738 1466 2795 Π)
1513 2741 1712 2792 ρῑιαῑηνὶδ

190 2774 259 2812 ille
282 2790 401 2840 snam
425 2779 557 2820 lassus
575 2790 793 2836 requiescat
815 2805 1012 2831 avenam:
1047 2794 1184 2848 (igitur
1212 2804 1303 2836 tum
1337 2798 1513 2841 desierat
1536 2798 1712 2838 scribere

189 2831 394 2888 Bucohca)
435 2839 653 2880 Laudatur
664 2844 820 2895 faciles
855 2850 957 2887 inter
983 2854 1316 2907 ,Hamadryadeffl
1380 2856 1553 2895 Ovidius
1575 2863 1712 2896 autem

190 2889 278 2929 Am.
296 2890 324 2940 Ῑ,
348 2892 414 2942 15,
437 2896 490 2938 25
530 2899 703 2949 Tityrum
724 2903 884 2955 laudat,
917 2914 957 2946 et
973 2910 1089 2950 Trist.
1108 2913 1155 2962 II,
1181 2914 1266 2956 537
1296 2914 1501 2966 Phyllidis
1519 2914 1586 2953 lzie
1604 2915 1712 2953 idem

190 2956 416 3002 tenerosque
434 2956 701 3007 Amaryllidis
722 2963 836 3011 ignes
860 2966 1070 3006 Bucolicis
1100 2972 1255 3009 iuvenis
1281 2972 1433 3011 inserat
1449 2981 1542 3011 ante
1561 2973 1706 3011 modis-

561 2496 576 2531 !
618 2498 731 2535 Huic
756 2500 847 2538 licet
868 2504 1055 2555 ingratae
1082 2508 1240 2558 Tityrus
1267 2509 1353 2559 ipse
1371 2516 1520 2558 canat,
1553 2506 1596 2546 h.
1614 2507 1714 2546 huic
1743 2544 1751 2553 ,
