1768 3320
315 254 722 311 BUCOLICA
758 253 920 303 ECL.
957 253 1046 316 IX,
1088 255 1237 304 1-5
1431 261 1533 308 223

11 387 134 447 Quo
157 398 456 449 numquam
470 380 624 430 veriti
643 393 852 442 sumuS,
889 386 949 427 ut
967 386 1246 444 possessor
1265 378 1422 443 agelli

7 455 263 504 Diceretz·
281 454 426 502 Haec
444 468 565 501 mea
585 458 732 500 sunt:
768 457 979 498 veteres
995 448 1221 513 migrate
1248 448 1442 502 coloni.

7 527 163 575 Nunc
185 522 330 586 victi,
366 523 570 586 tristeS,
609 519 870 588 quoniam
888 520 1022 568 Fors
1046 517 1228 569 omnia
1253 527 1440 583 versat,
1502 523 1535 571 5

79 622 124 668 3.
162 618 323 679 Quoi)

9 732 161 779 spatium
175 731 315 766 litterae
334 730 464 767 initiali
484 730 592 776 primi
608 743 728 765 versus
745 730 906 765 relictum
929 737 1033 764 esset.
1081 729 1138 764 Sic
1156 728 1193 762 in
1212 727 1326 773 Regio
1350 727 1430 762 cod.
1455 730 1537 773 Ly-

9 781 94 815 cida
115 780 165 813 ita
188 779 358 824 scriptum
380 784 478 820 erat,
511 786 550 811 ut
572 779 682 812 breve
704 791 724 812 ο
753 777 931 823 adpictum
961 784 1065 810 esset.
1114 776 1305 810 Retinebat
1330 782 1446 808 tamen
1468 787 1536 819 me,

10 827 106 874 quod
122 826 263 872 ingrata
279 832 333 859 est
350 826 414 859 illa
431 825 597 869 repetitio
615 825 684 862 τοῦ
706 838 788 872 quo,
815 831 850 858 et
871 824 1011 870 quidem
1031 823 1172 858 diverso
1190 835 1282 857 nunc
1302 834 1416 857 sensu.
1443 824 1537 868 (Quo

8 874 107 909 nullo
131 881 237 919 pacto
263 872 352 906 ferri
378 879 518 918 potest,
550 885 655 918 quum
673 872 710 905 id
730 872 865 916 ipsum,
898 883 967 916 quo
987 884 1044 905 res
1069 870 1288 916 pervenerit,
1321 869 1538 914 significetur

9 921 68 956 his
84 921 225 956 verbis:
251 928 348 954 ut—
361 920 510 954 diceret.
540 920 636 964 W'r.)
661 919 891 953 Desideratur
910 918 991 961 huc,
1017 930 1072 959 eo,
1088 938 1132 944 —-
1151 927 1193 951 ut
1205 930 1402 964 possessor
1422 917 1539 964 agelli

11 969 161 1003 diceret.
187 969 273 1013 (non
300 966 448 1012 amplius
474 966 752 1006 desiderabitur3
776 967 847 1000 vid.
866 978 916 999 vs.
935 967 969 1002 3.
995 967 1039 999 V.
1058 966 1099 999 L.
1131 966 1226 1009 Wr.)
1275 966 1421 998 Poterat
1444 964 1535 998 adeo

11 1014 138 1050 scribi:
163 1017 266 1057 Huc,
290 1014 456 1059 Lycida,
480 1015 556 1048 vivi
566 1015 822 1060 pervenimus,
846 1013 922 1055 vel,
947 1013 1043 1057 quod
1064 1014 1113 1046 Io.
1136 1012 1321 1046 Schrader.
1339 1010 1376 1044 in
1394 1010 1536 1045 schedis

10 1062 191 1096 tentabat:
219 1064 248 1095 Ο
259 1061 414 1107 Lycida,
432 1062 510 1095 vivi
550 1074 596 1095 uo
614 1062 801 1095 venimus!
825 1068 883 1094 aut
898 1059 1020 1093 vitium
1038 1059 1073 1093 in
1090 1071 1178 1093 voce
1196 1058 1313 1092 inutili
1329 1060 1408 1092 vivi
1425 1070 1537 1104 quae-

11 1121 104 1144 rere.
151 1110 255 1143 Nunc
275 1121 352 1142 cum
376 1107 467 1141 nihil
487 1074 605 1141 aflqerri
630 1108 763 1153 possit,
789 1107 885 1153 quod
906 1119 977 1140 non
1003 1107 1091 1140 alius
1117 1106 1220 1140 aliter
1244 1105 1449 1147 constituat,
1474 1117 1536 1138 re-

10 1156 203 1202 linquenda
233 1161 288 1189 est
309 1154 449 1199 vulgata
475 1161 653 1200 corrupta.
701 1157 812 1189 Vetus
840 1155 938 1188 ulcus
962 1167 1039 1187 esse
1070 1153 1199 1196 debet,
1234 1166 1311 1187 cum
1336 1152 1404 1186 iam
1423 1152 1537 1187 Servii

12 1204 117 1238 codd.
134 1201 315 1236 insederit.
367 1203 455 1243 Vim·
467 1203 704 1248 pervenimus
724 1213 791 1247 pro
811 1202 961 1235 vivendo
979 1200 1153 1245 attigimus
1167 1227 1176 1242 ,
1200 1212 1282 1241 seu,
1307 1199 1368 1233 diu
1382 1199 1535 1234 vivendo

13 1251 60 1284 ad
78 1250 145 1285 ista
158 1248 398 1295 pervenimus„
421 1251 519 1282 Serv.
542 1249 703 1294 expmiit3
732 1249 826 1294 quod
849 1249 971 1282 durum
990 1255 1026 1281 et
1043 1248 1118 1281 sine
1139 1247 1300 1292 exemplo
1318 1259 1415 1289 esse,
1438 1254 1536 1280 recte

11 1299 130 1332 Burm.
151 1297 314 1331 affimat.
357 1297 464 1342 (Bene
483 1297 572 1330 vivi.
603 1296 700 1330 Alias
720 1295 811 1329 enim
832 1308 904 1329 nou
921 1295 988 1328 nisi
1005 1295 1200 1328 interfectis
1219 1294 1355 1328 colonis
1373 1301 1431 1327 aut
1449 1293 1537 1327 belli

12 1344 89 1378 iure
109 1343 239 1378 exactis
257 1343 385 1377 milites
406 1343 443 1376 in
471 1355 635 1388 agrorum
658 1343 921 1388 possessionem
943 1342 1145 1376 veniebant.
1192 1341 1284 1374 Illud
1304 1352 1388 1375 vero
1409 1352 1536 1374 novum

13 1404 54 1426 ac
71 1403 216 1438 prorsus
235 1390 457 1432 inusitatum,
492 1390 588 1435 quod
608 1390 718 1435 quieti
744 1397 778 1423 et
801 1390 845 1424 ab
868 1389 972 1423 armis
993 1389 1157 1434 omnique
1178 1388 1348 1422 societate
1367 1387 1455 1421 belli
1472 1400 1536 1421 re-

13 1438 99 1472 moti
116 1438 359 1484 pellebantur3
384 1436 456 1470 vid.
480 1437 563 1471 Vita
580 1437 680 1482 Virg.
698 1450 729 1471 a.
749 1438 830 1473 712.
854 1438 970 1482 Heyn.
989 1438 1075 1470 Not.
1096 1436 1142 1469 ad
1158 1448 1208 1469 vs.
1232 1437 1290 1472 28.
1319 1434 1536 1469 —Vernacule

13 1486 104 1519 haec
124 1486 175 1520 ita
194 1483 386 1530 exprimas:
417 1485 474 1518 W
468 1496 512 1517 as
529 1484 587 1517 ich
605 1486 667 1518 nie
685 1483 907 1532 gefiirclztet,
932 1482 1027 1517 habe
1048 1483 1107 1517 ich
1125 1481 1270 1516 erleben
1284 1508 1293 1523 ‚
1319 1483 1385 1515 mit
1402 1483 1537 1529 eignen

13 1537 150 1580 Augen
170 1533 294 1574 seben,
319 1533 383 1566 mit
403 1532 545 1569 meinen
567 1532 688 1565 Olzren
709 1532 824 1565 lui'ren
843 1532 1001 1564 mus-sen.
1032 1530 1128 1574 Wr.)
1201 1531 1224 1565 3
1250 1532 1328 1572 Quo
1347 1541 1537 1575 nunquam

14 1581 143 1614 Moret.
171 1585 287 1625 quart.
318 1586 352 1612 et
375 1578 495 1619 Leid.,
530 1578 627 1623 quod
648 1578 752 1611 etiam
767 1579 849 1611 loco
867 1578 1090 1619 mederetur,
1124 1578 1202 1610 vivi
1222 1577 1461 1622 pervenimus
1480 1587 1536 1618 eo,

16 1639 88 1674 quo
107 1639 297 1672 nunquam
314 1627 427 1659 veriti
441 1638 568 1658 sumus
590 1637 660 1659 nos
670 1634 924 1672 perventuros
940 1636 1038 1657 esse:
1063 1623 1132 1657 nisi
1154 1624 1277 1656 durior
1292 1622 1454 1657 traiectio
1474 1635 1537 1656 es·-

15 1680 81 1707 set.
116 1685 190 1719 qua
214 1673 322 1713 Gud.;
356 1672 449 1706 forte
471 1683 538 1718 pro
559 1684 654 1718 quae
670 1672 770 1705 addit
790 1673 904 1705 Burm.
930 1672 1015 1717 (quo
1036 1670 1140 1704 etiam
1162 1682 1182 1704 e
1202 1669 1371 1704 Parisinis
1388 1669 1537 1704 Potterii

15 1732 125 1761 unus,
148 1720 226 1754 cod.
251 1718 325 1760 14.;
358 1719 482 1752 eodem
507 1718 602 1752 ducit
626 1718 751 1763 optimi
772 1719 862 1753 Gud.
876 1719 984 1752 lectio
1005 1730 1089 1763 qua.
1139 1716 1315 1751 Revocavi
1335 1729 1427 1763 quo,
1459 1716 1538 1762 ipsa

12 1767 205 1802 Latinitate
223 1766 421 1812 flagitante3
453 1778 519 1799 nec
535 1766 633 1811 prius
653 1778 775 1799 sanum
799 1766 956 1810 putabo,
991 1765 1087 1810 quod
1114 1764 1221 1809 vulgo
1250 1764 1387 1807 editur,
1423 1764 1538 1798 donec

15 1815 162 1849 edoctus
187 1814 312 1856 fuero,
343 1812 507 1847 Latinum
538 1824 633 1846 esse:
662 1814 921 1860 pervenimus,
959 1820 1010 1845 ut.
1059 1813 1204 1845 Terent.
1227 1812 1314 1845 Eun.
1338 1813 1371 1853 Ι,
1394 1813 1437 1854 2,
1461 1808 1536 1846 44.:

15 1860 122 1906 „sine
138 1873 196 1894 me
214 1860 399 1907 pervenire
411 1887 420 1902 ,
445 1872 499 1905 qu
510 1871 531 1893 o
553 1859 673 1894 volo.“
721 1860 875 1893 Indoctis
892 1858 1048 1892 librariis
1066 1859 1212 1892 verbum
1228 1858 1374 1891 verendi
1392 1871 1538 1892 accusa-

14 1909 124 1943 tivum
139 1907 320 1953 requirere
341 1907 548 1948 videbatur3
584 1920 625 1940 ac
653 1907 743 1941 nihil
768 1906 1009 1952 frequentius,
1043 1918 1145 1951 quam
1173 1905 1243 1939 hoc
1271 1905 1405 1951 ipsum:
1439 1905 1539 1952 quod

15 1967 213 2002 numquam
230 1956 375 1989 veritus
393 1967 497 1996 sum,
532 1961 567 1988 et
594 1954 732 1988 similia.
779 1955 905 1999 Neque
933 1953 982 1987 ita
1008 1965 1088 1986 rara
1116 1960 1196 1986 sunt
1219 1952 1398 1997 exempla,
1434 1952 1539 1986 etiam

15 2002 188 2045 durioris,
212 2003 401 2036 verborum
421 2001 516 2046 apud
538 2002 616 2035 Lat.
635 2009 760 2046 poetas
777 2000 1015 2040 traiectionis3
1039 1999 1121 2033 vide
1133 2025 1142 2042 ,
1167 2011 1257 2045 quos
1277 1999 1397 2034 laudat
1415 2000 1539 2044 Spoh-

15 2049 114 2092 nius,
145 2051 262 2083 Burm.
287 2049 439 2082 Praefat.
463 2048 744 2083 ad‘Phaedrum.
777 2048 891 2082 Bentl.
922 2048 968 2081 ad
994 2049 1082 2080 Hor.
1111 2049 1182 2080 Sat.
1202 2048 1230 2088 Ι,
1250 2048 1285 2089 3,
1309 2048 1366 2083 61.
1408 2046 1537 2081 Heind.

15 2097 63 2132 ad
81 2100 151 2141 gat.
172 2098 199 2138 1,
221 2096 254 2138 6,
273 2096 330 2132 68.
361 2095 455 2139 Wr.)
506 2098 622 2138 Quam
642 2108 832 2142 nunquam
850 2095 971 2128 meriti
987 2095 1134 2128 sumus!
1179 2093 1281 2128 Leid.
1309 2094 1389 2137 alt.,
1427 2101 1466 2127 ut
1493 2094 1540 2128 sit

16 2140 244 2185 excumatio,
277 2142 376 2188 quasi
392 2143 483 2176 haec
505 2149 579 2175 tam
600 2142 745 2187 indigna
765 2141 1030 2176 immerentibus
1045 2141 1235 2175 evenerint.
1330 2140 1355 2177 4
1377 2142 1541 2188 migrare

14 2192 107 2226 Ven.
201 2191 224 2226 5
248 2191 463 2235 Quamquam
483 2189 613 2233 duplex
642 2189 826 2234 epitheton
853 2188 993 2223 affectui
1017 2187 1124 2221 animi
1150 2199 1222 2221 non
1250 2187 1341 2221 male
1366 2188 1539 2222 inservire

15 2237 132 2271 videri
151 2242 292 2282 potest,
316 2237 409 2270 conf.
431 2237 495 2270 Ge.
511 2238 538 2278 I,
555 2235 646 2278 407,
679 2236 860 2281 eleganter
881 2243 1000 2269 tamen
1019 2236 1155 2277 Burm.,
1181 2235 1263 2268 dum
1284 2235 1354 2268 duo
1377 2235 1540 2280 epitheta

15 2285 112 2319 ferre
130 2297 169 2318 se
188 2291 306 2328 negat,
324 2283 512 2328 distinguit
529 2295 569 2317 ac
586 2282 693 2328 legit:
718 2284 839 2325 Nunc,
863 2284 962 2324 victi,
987 2283 1108 2316 tristis
1126 2283 1298 2328 quoniam
1318 2295 1401 2316 sors
1418 2284 1541 2317 omnia

17 2339 158 2366 versat.
199 2331 320 2365 tristis
341 2329 431 2377 sors
458 2330 548 2374 legit
572 2330 677 2364 etiam
699 2331 835 2364 Probus
860 2329 974 2363 Instit.
995 2330 1183 2362 Grammat.
1216 2336 1252 2363 et
1282 2330 1420 2374 recepit
1447 2341 1540 2363 nunc

16 2379 162 2415 Wakef.
208 2377 364 2422 Vulgata
381 2384 518 2419 tamen,
541 2377 653 2411 Nunc
667 2378 777 2419 victi,
803 2378 949 2419 tristes,
974 2376 1131 2409 firmatur
1152 2387 1194 2409 ex
1213 2376 1441 2410 Grammatici
1456 2376 1540 2410 imi-

15 2425 172 2468 tatione,
195 2424 340 2459 Anthol.
357 2425 434 2458 Lat.
453 2424 516 2457 lib.
539 2426 573 2466 Ι,
600 2436 681 2469 pag.
707 2426 791 2466 178,
818 2437 849 2458 v.
868 2422 934 2466 84,
958 2423 1019 2456 ubi
1041 2422 1112 2456 vid.
1132 2424 1247 2456 Burm.
1267 2427 1366 2465 Sec.;
1392 2436 1539 2470 eamque

16 2473 132 2515 feres,
157 2471 188 2505 si
209 2473 301 2506 victi
318 2484 384 2517 per
409 2483 447 2505 se
475 2471 607 2504 dictum
632 2471 802 2517 accipias,
827 2478 1032 2516 postquam,
1058 2469 1157 2515 quia,
1183 2470 1267 2504 victi
1289 2482 1426 2514 sumus,
1449 2483 1540 2505 nunc

16 2519 138 2553 tristes
156 2519 336 2552 mittimus.
386 2518 491 2560 Quod
511 2530 615 2560 vero,
641 2519 775 2552 Cerdae
793 2531 833 2552 ac
852 2517 960 2551 Pierii
974 2517 1134 2562 exemplo
1148 2543 1156 2559 ,
1182 2529 1265 2551 sors
1281 2518 1317 2551 h.
1337 2518 1361 2552 1.
1381 2519 1541 2564 praefert

16 2567 220 2609 Burmann.,
246 2577 320 2599 non
334 2573 430 2599 recte
449 2566 568 2599 facere
583 2565 733 2599 videtur.
781 2566 906 2610 Longe
923 2564 1029 2598 aliter
1047 2576 1103 2608 ap.
1118 2565 1242 2598 Horat.
1261 2565 1326 2598 Od.
1344 2567 1387 2607 ΙΙ,
1406 2566 1431 2601 3
1453 2572 1538 2599 extr.

18 2626 103 2648 sors
118 2614 266 2647 versari
281 2625 379 2646 urna
398 2612 537 2655 dicitur,
557 2625 659 2658 quam
677 2625 759 2647 sors
774 2620 903 2646 versat
921 2612 1052 2645 omnia.
1079 2611 1170 2656 (Qua
1182 2612 1394 2646 auctoritate
1407 2612 1540 2646 lectio-

17 2672 99 2694 nem
122 2672 205 2694 sors
229 2667 369 2693 tueatur
385 2661 622 2702 Burmannus,
654 2671 726 2693 non
745 2660 862 2693 habeo
888 2658 1120 2704 exploratum.
1167 2661 1264 2693 Fors
1281 2666 1378 2693 certe
1402 2659 1439 2692 in
1458 2661 1541 2692 Me-

0 2746 1 2754 *
18 2707 88 2742 dic.
107 2714 143 2740 et
159 2709 256 2741 Serv.
276 2707 422 2748 Dresd.;
447 2719 530 2741 sors
545 2714 662 2740 tamen
678 2706 716 2740 in
735 2707 815 2741 Ald.
837 2713 931 2749 tert„
954 2706 992 2739 in
1010 2705 1124 2739 tribus
1143 2706 1249 2740 codd.
1268 2707 1374 2740 Hafn.
1395 2719 1416 2740 a
1434 2708 1539 2741 Voss.

18 2809 100 2848 net,-
124 2799 195 2838 sed
211 2814 251 2839 v.
267 2800 362 2839 Var.
383 2801 492 2840 Lect.
524 2799 679 2855 (nostri,
699 2808 750 2841 ut
805 2800 956 2854 pressi,
987 2799 1149 2850 afflicti,
1180 2800 1327 2851 quibus
1346 2801 1403 2850 id,
1430 2800 1541 2852 quod

19 2858 126 2897 serv-i
141 2858 387 2909 loquuntur,
419 2860 469 2897 cf.
494 2862 560 2901 12.
585 2860 681 2910 etl,
709 2862 749 2902 8.
806 2859 926 2898 victis
962 2858 1123 2898 evenire
1155 2858 1278 2909 solet,
1330 2858 1539 2910 contingit,

18 2916 85 2954 Sic
103 2924 176 2953 tua
192 2929 251 2954 vs.
272 2917 340 2957 30.
358 2917 504 2969 accipe.
540 2919 611 2957 W
604 2917 670 2955 elz.
692 2939 751 2946 —
806 2923 857 2956 ut
887 2916 1036 2955 fundos
1068 2917 1270 2955 amittant.
1340 2915 1539 2970 (Rectius,

18 2972 59 3015 4.
90 2975 213 3011 Haec
242 2987 334 3011 mea.
366 2983 458 3012 sunt
465 2989 482 3022 ;
515 2975 565 3013 cf.
595 2981 680 3013 not.
699 2974 753 3013 ad
808 2980 857 3013 ut
873 2973 973 3012 mihi
987 2973 1165 3022 videtum,
1192 2973 1416 3026 Spohnius:
1446 2974 1540 3022 „vi-

18 3031 101 3072 Ecl.
123 3030 154 3080 Ι,
176 3029 244 3072 47.
278 3031 350 3071 W
342 3029 398 3085 r.)
458 3031 499 3075 5.
527 3033 645 3084 victi,
676 3046 753 3085 op-
809 3034 876 3083 cti,
907 3031 1038 3071 coacti
1055 3045 1079 3070 a
1095 3032 1312 3082 veteranis,
1333 3031 1381 3070 iis
1398 3030 1538 3069 cedere
