1768 3320
185 218 334 254 xxxvl
587 199 688 247 EX
725 191 1315 247 PRAEFATIONE

186 348 312 383 rum
333 329 521 392 etiam,
560 342 685 376 cum
713 322 868 375 valde
893 320 1162 372 turbatam
1197 326 1250 369 et
1275 313 1559 368 confusam
1581 315 1722 368 hanc

190 402 395 453 critices
427 391 640 466 partem
677 411 791 446 esse
829 392 1097 455 viderem,
1155 388 1309 439 altius
1343 403 1464 452 rem
1502 404 1722 438 exorsus
1766 395 1768 399 ’

190 490 334 534 sum,
369 479 431 521 ut
457 468 682 518 omnino
705 466 773 516 de
799 463 1072 514 codicibus
1094 475 1442 528 quaererem,
1482 475 1723 527 quorum

193 542 418 612 quidem
443 555 686 607 unquam
715 536 779 586 ab
817 532 1112 584 editoribus
1136 529 1342 596 Virgilii
1372 530 1722 580 mentionem

194 624 247 664 et
273 612 520 663 notitiam
542 608 737 658 factam
766 605 1019 655 videram.
1090 604 1155 652 In
1188 618 1352 669 quam
1381 610 1722 652 commenta-

192 686 401 734 tionem
438 697 563 731 cum
598 676 769 728 semel
808 674 1139 737 incidissem,
1198 689 1264 722 eo
1298 670 1600 722 deductum
1626 689 1720 722 me

193 754 326 816 vidi,
373 762 434 802 ut
457 753 511 801 in
551 766 636 799 eas
672 747 934 798 editiones
965 744 1329 812 inquirerem,
1366 759 1508 811 quae
1540 760 1602 794 ex
1627 760 1720 793 co—

195 824 399 875 dicibus
430 821 633 887 scriptis
669 834 885 868 excusae
919 825 1006 866 aut
1045 813 1365 865 emendatae
1398 830 1514 865 esse
1536 813 1721 865 trade-

192 904 393 946 rentur.
464 890 727 943 Processit
756 889 826 938 ita
857 904 969 938 non
995 885 1445 935 animadvertent-i
1476 885 1720 936 studium

194 966 261 1017 ad
286 966 454 1033 ipsam
486 969 759 1012 contextus
784 967 977 1025 poetae
1011 974 1175 1024 quam
1207 955 1719 1022 dixerishistoriam,

194 1039 248 1087 in
281 1052 385 1104 qua
414 1034 536 1084 cum
564 1031 744 1081 omnia
768 1028 884 1078 fere
909 1028 1147 1078 tenebris
1178 1026 1416 1078 obducta
1445 1037 1499 1078 et
1522 1028 1719 1078 obscu-

192 1116 303 1157 rata
333 1105 598 1167 viderem,
638 1117 895 1168 cumque,
945 1116 1083 1166 quae
1113 1099 1277 1153 animi
1306 1098 1533 1149 humani
1561 1108 1718 1150 natu-

192 1195 250 1228 ra
285 1185 384 1240 est,
422 1174 639 1239 indigne
672 1170 897 1234 ferrem,
945 1170 1158 1237 quoties
1192 1169 1261 1219 de
1292 1170 1509 1239 antiqua
1541 1170 1719 1240 aliqua

195 1247 432 1298 editione
454 1253 719 1310 ageretur,
756 1241 1095 1291 haerendum
1120 1250 1173 1290 et
1196 1240 1560 1292 dubitandum
1584 1258 1717 1307 esse,

195 1333 453 1386 quorsum
492 1315 579 1366 illa
610 1311 921 1376 reserenda,
978 1328 1117 1380 quae
1157 1313 1270 1362 eius
1305 1313 1590 1363 auctoritas
1620 1312 1718 1363 ha-

187 1387 372 1439 ·benda
402 1395 561 1450 esset,
619 1401 783 1451 opera
812 1382 1035 1433 tandem
1068 1382 1168 1432 hac
1202 1382 1374 1433 semel
1407 1382 1717 1450 defungen-

194 1458 326 1509 dum
360 1474 471 1507 esse
502 1456 779 1506 arbitratus
808 1471 953 1515 sum,
989 1462 1051 1504 ut
1076 1454 1132 1503 in
1169 1454 1474 1504 editionum
1496 1455 1717 1506 ordines

194 1539 246 1580 et
268 1528 476 1592 classeS,
513 1527 700 1593 stirpes
725 1542 783 1575 36
806 1523 1056 1588 familiaS,
1093 1524 1276 1592 paullo
1311 1526 1604 1577 accuratius
1634 1526 1717 1576 in-

185 1600 478 1668 quirerem.
552 1600 668 1660 Qua
691 1597 746 1645 in
777 1613 837 1645 re
856 1605 917 1645 ut
937 1594 1169 1663 quadam
1191 1605 1350 1646 tenus
1373 1595 1564 1652 saltem
1585 1614 1717 1666 pro-

196 1669 388 1719 cedere
410 1669 618 1731 liceret,
658 1666 957 1716 editionum
983 1675 1104 1716 ante
1139 1667 1323 1717 omnia
1348 1667 1568 1719 annales
1598 1669 1717 1738 qui-

196 1740 319 1790 dam
358 1742 507 1789 erant
542 1735 876 1789 conficiendi.
946 1740 1022 1787 Ea
1058 1738 1239 1788 omnia
1277 1738 1551 1804 subiunxi,
1599 1757 1715 1790 non

197 1809 346 1878 quod
368 1809 422 1859 in
442 1809 502 1858 iis
526 1825 614 1872 60,
653 1824 762 1875 quo
786 1808 1208 1873 contendebam,
1246 1811 1556 1876 pervenisse
1580 1811 1715 1862 mihi

197 1879 436 1930 videbar:
496 1895 608 1928 non
649 1878 793 1927 enim
831 1878 964 1928 haec
997 1879 1061 1928 ab
1107 1897 1221 1930 uno
1255 1880 1485 1932 homine
1523 1881 1715 1949 perfici

194 1959 443 2018 possunt;
482 1958 534 1998 et
558 1947 727 1998 multa
764 1958 943 2013 erunt,
993 1967 1128 2017 quae
1162 1951 1229 2001 ad
1266 1952 1500 2002 alterum
1540 1971 1598 2004 ac
1629 1970 1715 2004 se·-

197 2029 422 2088 quentes
444 2017 586 2069 forte
609 2022 813 2068 Tomos
850 2022 1138 2071 accuratius
1170 2032 1221 2072 et
1247 2023 1586 2075 emendatius
1609 2034 1716 2074 tra-

196 2090 325 2140 dere
345 2090 574 2151 licuerit;
611 2107 800 2139 verum
822 2092 1104 2158 quoniam,
1143 2094 1185 2142 si
1213 2094 1301 2143 vel
1329 2094 1503 2145 lineae
1527 2113 1716 2146 earum

193 2177 378 2210 rerum
417 2159 537 2209 duci
564 2170 806 2226 possent,
853 2161 985 2212 utile
1031 2172 1084 2212 et
1121 2163 1228 2213 hoc
1258 2164 1326 2214 ad
1362 2166 1539 2216 critica
1576 2167 1715 2217 haec

197 2239 250 2280 et
287 2230 535 2280 litteraria
577 2230 748 2280 studia
791 2248 902 2281 esse
946 2233 1252 2287 arbitrabar.
1335 2239 1518 2299 Quem
1566 2238 1715 2288 enim

193 2299 430 2351 fructum
461 2300 580 2350 satis
611 2318 868 2367 magnum
898 2319 958 2352 ex
992 2304 1075 2353 his
1097 2304 1282 2356 litteris
1303 2307 1574 2373 tulissem,
1614 2309 1716 2360 nisi

194 2371 320 2420 inde
366 2372 605 2420 animum
650 2373 718 2421 ita
761 2390 1070 2440 comparare
1104 2386 1156 2425 et
1187 2378 1464 2429 instituere
1499 2379 1715 2430 didicis-

193 2457 335 2504 sem,
385 2449 445 2490 ut
476 2440 701 2492 aliorum
733 2443 963 2493 utilitatis
1006 2447 1275 2512 potiorem
1308 2450 1579 2501 rationem
1617 2450 1715 2501 ha-

192 2511 430 2560 bendam
476 2528 591 2561 esse
627 2522 843 2578 putem,
906 2532 1067 2582 quam
1108 2519 1229 2568 vani
1273 2519 1490 2571 alicuius
1518 2531 1714 2588 metUS,

193 2597 262 2631 ne
295 2581 661 2631 existimationi
688 2601 843 2633 meae
875 2601 932 2634 ac
961 2585 1104 2636 laudi
1136 2591 1424 2658 quicquam
1453 2592 1583 2643 inde
1615 2592 1713 2644 de—

194 2651 371 2716 cedat,
410 2651 542 2700 dum
564 2653 867 2704 inchoatam
908 2665 961 2704 et
988 2657 1308 2727 descriptam
1335 2671 1547 2713 tantum
1580 2681 1715 2732 ope-

190 2739 308 2771 ram
340 2721 552 2788 publice
582 2740 860 2790 propono,
906 2726 960 2774 in
1004 2745 1106 2794 qua
1138 2732 1429 2801 unicuique
1458 2733 1616 2786 facile
1647 2735 1716 2785 sit

192 2800 246 2841 et
274 2801 580 2860 promtum,
621 2793 822 2844 habere
852 2794 995 2846 forte
1028 2808 1080 2847 et
1107 2818 1441 2869 memorare,
1485 2823 1624 2874 quae
1644 2802 1716 2856 ad

191 2878 312 2912 eam
332 2860 722 2928 perficiendam
749 2865 936 2915 deesse
960 2870 1176 2934 possint.
1229 2876 1292 2923 In
1315 2885 1541 2941 promtu
1566 2877 1715 2929 enim

191 2933 291 2983 erit
316 2933 633 3000 unicuique,
676 2935 759 2985 cui
793 2936 955 2987 editio
985 2938 1118 2989 mihi
1145 2959 1258 2993 non
1289 2946 1396 2996 visa
1426 2947 1495 2998 ad
1519 2964 1715 2999 manus
