1768 3320
253 178 350 228 128
566 175 620 224 P.
656 172 1011 224 VIRGILII
1046 166 1420 220 MARONIS

248 293 341 344 cler?
359 291 468 343 ‘'Diss.
493 301 617 343 Acad.
637 303 749 341 Tom.
765 301 820 351 Π,
850 313 936 353 pag.
967 296 1091 352 388),
1123 302 1195 336 aut
1224 295 1277 336 ad
1293 295 1472 336 Salonini
1496 298 1677 348 fratrem,
1707 299 1750 338 C.

247 362 427 404 Asinium
444 362 615 411 Gallum,
647 374 697 400 ex
714 360 789 398 alio
804 358 889 397 istis
909 354 1203 395 commentariis
1221 354 1366 396 adsuto
1381 369 1517 408 panno
1544 355 1598 395 ad
1621 369 1662 396 v.
1685 358 1751 406 11,

246 434 311 460 res
326 421 519 469 refertur,
550 432 632 458 non
649 419 772 470 magis
788 415 867 456 fide
883 413 1077 453 historica
1095 412 1258 463 nititur,
1286 427 1381 452 nam
1398 413 1568 454 Pollioni
1579 427 1752 467 puerum

244 479 316 519 illo
335 492 439 517 anno
466 483 608 516 natum
632 489 713 514 esse
727 476 967 526 ignoramus.
1026 471 1139 509 Esset
1165 469 1264 508 adeo
1295 469 1395 521 hoc,
1423 471 1575 511 inferre
1600 471 1753 524 aliquid

248 536 299 575 de
318 550 390 575 suo
406 535 450 574 in
465 540 645 587 poetam,
678 539 718 571 et
734 538 823 571 tum
839 544 890 568 ex
908 542 953 567 eo
966 559 976 578 ‚
1007 527 1118 579 quod
1143 527 1373 579 intulimus,
1402 529 1661 581 probationes
1677 542 1752 582 pe-

249 600 347 633 tere.
377 594 422 632 In
441 593 615 631 Drusum
633 590 818 630 incidisse
845 588 980 627 virum
1011 585 1177 624 doctum
1193 585 1312 625 video
1336 587 1380 625 in
1398 587 1620 627 comment.
1650 587 1752 626 Tre-

246 651 348 692 volt.
369 653 491 700 1703,
511 664 550 702 p.
570 652 609 698 7,
639 649 683 686 id
700 660 798 686 vero
814 653 1043 697 temporum
1058 656 1274 695 rerumque
1300 644 1526 684 rationibus
1541 651 1750 698 repugnat.

249 710 298 749 cs.
336 710 494 748 Ruaeus
512 721 572 759 pr.
603 705 721 744 huius
748 704 925 755 Eclogae.
983 700 1114 740 Multo
1140 715 1238 740 vero
1266 702 1540 741 molestiorem
1577 709 1617 743 et
1639 702 1753 742 nulla

249 780 324 820 ope
350 765 543 805 tuendam
568 763 766 802 rationem
798 759 1010 814 proposuit
1046 759 1255 811 Vignolius
1303 758 1362 815 (in
1388 760 1583 800 Biblioth.
1611 761 1748 800 Germ.

248 826 360 864 Tom.
376 822 545 871 XXXV,
561 835 647 874 pag.
668 823 746 862 173
764 817 879 872 sqq),
910 818 979 869 qui
995 816 1102 855 hanc
1119 818 1306 870 Eclogam
1324 818 1368 856 in
1385 831 1536 857 annum
1551 821 1636 861 730
1653 832 1753 857 con-

247 883 358 932 iecit,
389 887 437 920 ut
453 888 588 918 tamen
606 893 645 918 v.
666 881 714 919 11
736 877 785 915 de
800 876 853 915 M.
873 875 1005 914 Tullio
1025 875 1234 926 Cicerone,
1262 876 1316 915 Μ.
1336 876 1381 915 F.
1401 876 1572 915 Consule
1587 876 1752 915 suffecto

249 943 276 982 7
278 939 346 990 24,
368 938 535 991 accipiat
547 968 557 986 ,
583 943 623 975 et
647 936 778 974 Tullio
795 948 870 987 pro
890 934 1023 971 Pollio
1042 933 1159 985 legat,
1190 940 1231 972 et
1249 934 1302 972 ad
1319 947 1484 986 magnae
1501 947 1615 973 aerae
1627 932 1754 974 Alex-

248 997 441 1036 andrinae
468 995 647 1043 initium,
679 992 789 1045 quod
814 1007 836 1030 a
865 991 997 1043 magni
1024 991 1126 1044 cycli
1160 991 1417 1042 canicularis,
1457 992 1526 1045 qui
1553 999 1614 1031 est
1642 991 1749 1035 1461

249 1068 466 1103 annorum,
505 1052 658 1091 decimo
686 1057 829 1102 quarto
857 1049 1013 1088 saeculo
1039 1049 1305 1102 procedebat,
1334 1050 1496 1100 retulit5
1533 1062 1635 1102 quae
1659 1063 1754 1089 sen-

247 1113 375 1152 tentia
393 1125 482 1150 cum
498 1110 692 1149 hactenus
712 1108 886 1161 speciosa
903 1107 977 1157 sit,
1014 1113 1063 1145 ut
1093 1107 1213 1146 valde
1236 1108 1443 1160 probabile
1467 1107 1560 1158 fiat,
1592 1114 1754 1161 poetam

249 1170 301 1209 ad
315 1182 497 1222 magnam
513 1169 632 1207 istam
650 1180 794 1216 aeram,
826 1179 926 1217 quae
943 1179 1018 1218 pro
1036 1166 1276 1204 revolutione
1296 1168 1443 1218 magni
1469 1168 1571 1204 anni
1591 1172 1632 1204 et
1653 1162 1753 1208 ἄπο-

247 1223 484 1269 καταστάσει
504 1225 682 1264 omnium
699 1237 837 1263 rerum
852 1222 1100 1272 habebatur,
1130 1224 1350 1276 respexisse
1381 1221 1446 1278 (es.
1476 1224 1545 1262 des
1561 1225 1754 1276 Vignoles

250 1285 509 1336 Clzronologie
527 1284 574 1321 de
594 1284 732 1321 l'Hc‘st.
765 1282 902 1319 Sainte
923 1282 1036 1320 Tom.
1067 1280 1113 1331 H,
1144 1295 1232 1334 pag.
1259 1285 1355 1324 710.
1388 1279 1504 1336 711),
1533 1282 1577 1321 111
1604 1295 1754 1322 annum

246 1350 381 1382 tamen
403 1347 668 1380 memoratum
687 1343 770 1382 730
797 1339 907 1378 reiici
925 1338 1011 1391 ipsa
1035 1338 1168 1391 ecloga
1188 1353 1271 1378 non
1289 1345 1437 1392 potest,
1466 1339 1542 1378 nisi
1560 1352 1755 1393 perquam

247 1406 431 1440 contorte
447 1405 487 1437 et
505 1399 672 1437 adversa
688 1411 826 1436 rerum
842 1397 1140 1448 verborumque
1161 1397 1270 1436 omni
1296 1404 1444 1437 natura
1454 1427 1466 1448 ,
1505 1403 1555 1436 ut
1580 1397 1754 1451 probare

246 1472 286 1497 se
308 1472 395 1496 eam
410 1471 496 1497 rem
513 1457 744 1496 Burmanno
762 1455 940 1507 potuisse
956 1455 1090 1494 mirer.
1149 1455 1364 1495 Enimvero
1384 1469 1578 1508 quorsum
1602 1455 1756 1495 bonum

246 1517 373 1555 otium
404 1521 567 1554 contero
592 1515 633 1552 in
668 1513 914 1566 exponendis
944 1513 1241 1566 opinationibus
1279 1520 1322 1553 et
1350 1513 1672 1564 ariolationibus,
1710 1513 1755 1554 in

246 1574 389 1627 quibus
405 1572 506 1613 nihil
521 1572 573 1610 ad
589 1571 787 1624 liquidum
801 1571 970 1624 perduci
983 1571 1135 1625 potest!

361 1659 474 1709 Quid
492 1665 645 1708 autem,
677 1658 709 1696 si
723 1671 775 1696 ne
787 1658 900 1697 locus
919 1657 1081 1710 quidem
1098 1657 1324 1697 ariolationi
1352 1664 1432 1709 est,
1466 1658 1555 1710 quis
1571 1659 1674 1711 puer
1688 1657 1755 1696 ille

247 1718 381 1767 suerit,
404 1731 521 1769 quem
538 1717 650 1755 Maro
670 1723 898 1755 nascentem
915 1717 1142 1756 memorat?
1165 1717 1302 1755 Potest
1321 1717 1426 1755 enim
1441 1716 1507 1755 ille
1525 1715 1627 1755 nihil
1644 1715 1755 1755 aliud

246 1776 438 1824 voluisse,
471 1788 609 1826 quam,
642 1774 880 1813 calamitosis
896 1774 1097 1813 bellorum
1113 1774 1291 1813 civilium
1317 1774 1567 1828 temporibus
1595 1787 1754 1815 succes-

247 1847 341 1871 sura
366 1846 474 1871 nunc
504 1845 585 1870 esse
613 1839 794 1885 tempora
820 1832 1011 1884 laetiora,
1048 1846 1150 1884 quae
1176 1827 1509 1885 εὕφαντασιῶδης
1533 1837 1655 1885 poeta
1681 1844 1755 1884 per

249 1896 399 1929 aetates
424 1889 621 1943 mythicas
648 1890 846 1941 declarat,
893 1904 986 1930 cum
1014 1897 1149 1929 autem
1175 1891 1382 1930 funestum
1406 1888 1486 1930 hoc
1514 1896 1556 1930 et
1578 1891 1754 1929 ferreum

248 1948 449 1987 saeculum
476 1962 559 1986 non
575 1948 761 2001 protinus
784 1949 935 1987 mutari
961 1955 1097 2002 posset
1123 1949 1167 1987 in
1189 1962 1376 1999 aureum,
1415 1948 1577 1988 inversa
1596 1948 1755 1987 ratione

247 2019 319 2058 per
335 2005 480 2058 gradus
497 2019 560 2044 res
580 2006 631 2044 ad
648 2006 848 2045 saeculum
866 2020 1031 2046 aureum
1043 2006 1282 2045 adducenda
1297 2007 1388 2045 fuit.
1420 2006 1520 2045 Cum
1533 2020 1658 2059 porro
1667 2019 1755 2044 me—

247 2063 323 2102 lior
347 2077 483 2102 rerum
500 2063 676 2105 conditio
697 2078 778 2103 esse
796 2071 981 2117 nequeat,
998 2065 1075 2104 nisi
1091 2064 1272 2104 homines
1291 2064 1473 2103 meliores
1489 2064 1755 2103 deterioribus

247 2122 527 2160 successerint:
560 2135 646 2159 eam
664 2123 863 2161 rationem
881 2123 1079 2175 ingressus
1097 2136 1181 2161 esse
1198 2123 1335 2176 putari
1352 2128 1507 2176 potest,
1537 2129 1586 2162 ut
1605 2136 1756 2161 novam

243 2181 478 2230 progeniem
492 2180 745 2232 prodituram
763 2194 844 2219 esse
865 2181 990 2220 dicat:
1019 2180 1120 2219 haec
1140 2181 1348 2234 progenies
1374 2187 1423 2219 ut
1438 2179 1661 2233 primordia
1678 2193 1751 2219 sua

247 2235 395 2275 habeat
421 2250 575 2275 necesse
613 2244 691 2290 est3
733 2238 899 2278 deflexit
928 2239 1064 2291 itaque
1097 2240 1319 2278 orationem
1349 2238 1403 2277 ad
1422 2252 1597 2291 puerum
1626 2237 1754 2287 illum,

248 2296 481 2347 quiprz'mus
502 2297 544 2332 in
561 2295 682 2334 huius
699 2298 852 2335 saeculi
871 2299 1066 2348 auspiciis
1086 2305 1142 2335 est
1157 2299 1395 2337 nascitums.
1452 2296 1570 2335 Nunc
1586 2309 1755 2335 succur-

247 2352 363 2391 rebat
379 2352 614 2391 vaticinium
635 2353 737 2393 illud
754 2355 965 2408 vulgatum
993 2355 1043 2394 de
1059 2356 1179 2407 *Rege
1211 2369 1282 2395 seu
1305 2354 1429 2394 heroe
1458 2361 1655 2404 venturo,
1685 2366 1755 2392 seu

248 2409 464 2448 nascituro.
523 2409 567 2448 In
592 2410 698 2450 hanc
735 2413 818 2450 sere
855 2414 1096 2453 sententiam
1121 2413 1207 2452 vidi
1235 2425 1394 2465 quoque
1416 2412 1601 2451 incidisse
1626 2425 1755 2450 unum

248 2480 299 2505 ex
318 2467 413 2505 meis
437 2467 530 2505 olim
556 2469 815 2508 familiaribus
847 2471 1051 2521 Kuithan,
1091 2471 1435 2520 Tremoniensem,
1475 2469 1584 2509 acuti
1608 2468 1756 2522 ingenii

246 2524 445 2574 iuvenem,
462 2525 670 2564 Rectorem
688 2541 796 2565 nunc
812 2528 1016 2581 Gymnasii
1033 2529 1227 2568 Lunensis
1241 2527 1523 2581 Westphaliae.
1579 2528 1756 2567 Puerum

246 2582 361 2621 illum
382 2583 544 2635 διογενῆ
573 2584 650 2622 iam
678 2584 810 2623 herois
828 2587 988 2627 nomine
1020 2593 1061 2626 et
1084 2587 1174 2626 loco
1208 2593 1318 2626 recte
1341 2585 1537 2638 impertiit
1546 2600 1557 2635 3
1584 2591 1755 2638 potuere

247 2653 407 2691 quoque
424 2640 528 2679 Iovis
545 2642 660 2693 pueri
673 2642 916 2682 incunabula
935 2645 1066 2684 animo
1084 2651 1226 2697 poetae
1245 2643 1440 2694 insidere3
1468 2648 1578 2682 recte
1596 2655 1756 2695 quoque

243 2699 406 2749 patrias
420 2699 579 2735 virtutes
597 2708 901 2751 commemorat,
931 2709 1051 2742 natus
1068 2703 1174 2741 enim
1189 2702 1255 2741 ille
1272 2715 1374 2754 puer
1391 2707 1451 2740 est
1468 2715 1490 2739 a
1511 2701 1587 2740 deo
1606 2701 1753 2752 aliquo,

247 2761 453 2806 tamquam
479 2754 610 2794 heros.
668 2756 833 2796 Manent
865 2759 1026 2809 quidem
1059 2760 1126 2799 vel
1162 2760 1218 2798 sic
1246 2761 1291 2799 in
1323 2759 1513 2811 figmento
1537 2757 1617 2797 hoc
1648 2772 1756 2797 non-

247 2813 359 2851 nulla
387 2813 555 2851 obscura
583 2827 657 2852 nec
680 2815 774 2853 satis
795 2818 1001 2855 commode
1022 2818 1209 2868 inventa3
1237 2831 1382 2857 verum
1409 2817 1534 2870 probe
1561 2829 1756 2868 arrogan-

248 2876 331 2909 tem
347 2883 430 2908 esse
459 2884 616 2909 necesse
643 2873 751 2910 soret
778 2885 888 2922 eum,
931 2876 999 2925 qui
1027 2875 1107 2914 hoc
1134 2876 1208 2915 sibi
1228 2881 1424 2925 sumeret,
1455 2880 1528 2914 aut
1560 2873 1635 2912 sibi
1660 2873 1756 2912 satis

249 2927 491 2977 confideret,
521 2934 571 2967 ut
588 2929 720 2968 omnia
740 2943 761 2966 a
779 2943 818 2968 se
841 2932 1027 2983 expedita
1046 2934 1089 2972 in
1111 2932 1191 2972 hoc
1210 2933 1386 2972 carmine
1404 2945 1486 2971 esse
1500 2930 1754 2985 pronuntiet:
