1768 3320
222 202 297 252 9&
362 196 418 249 Ρ.
444 195 656 250 VIRG.
683 196 869 247 MAR.
894 195 1063 246 BUC.
1095 194 1259 245 ECL.
1287 194 1353 258 ΙΙ,
1375 198 1604 248 71.—73

226 325 368 389 Quin
383 333 444 374 tu
463 322 665 391 aliquid
682 321 869 372 saltem
886 322 1079 388 Ροῐίυε,
1118 335 1354 387 quorum
1372 319 1578 387 indiget
1593 339 1739 388 usuS‚

226 393 528 449 viminibus
548 392 809 460 mollique
829 408 980 458 paras
999 390 1249 440 detexere
1269 389 1444 443 iuncO.

224 465 471 517 Invenies
492 461 677 528 alium,
714 463 756 511 si
772 471 825 511 te
847 461 933 510 hic
950 459 1173 525 fastidit,
1208 458 1437 513 Alexim:

280 550 326 610 Δ7
335 564 376 610 1.
415 572 650 621 SALTEM,
677 569 869 605 ponus
890 569 938 614 Q.

295 634 328 681 7
334 635 379 680 3.
416 630 615 679 ALExm

273 757 317 794 71
340 757 467 805 potior
485 767 638 802 quorum
656 753 800 799 indiget
821 763 912 785 usus
924 750 1064 796 elegans
1078 757 1130 785 est
1148 749 1344 785 emendatio
1363 749 1562 785 Marklandi
1580 749 1626 785 ad
1642 749 1742 785 statii

225 804 310 839 Silv.
328 816 408 849 pag.
427 801 508 839 341.
557 801 625 836 Sed
645 801 785 846 μᾶλλον
805 797 908 831 etiam
925 798 961 831 in
981 799 1136 833 Theocr.
1164 797 1246 832 loco
1275 795 1428 841 X1‚,74.
1473 798 1584 844 (Male
1612 796 1741 831 distin-

227 852 397 897 guebatur
414 850 555 891 saltem,
575 850 713 895 potius.
749 847 882 880 Potius
902 845 993 878 enim
1010 846 1095 891 quid
1110 845 1180 879 sibi
1195 845 1283 879 velit
1302 844 1339 879 h.
1355 835 1381 879 1.
1400 857 1476 879 cum
1494 844 1550 879 his
1570 844 1741 879 iunctum:

225 911 378 946 quorum
394 897 535 950 indiget
558 907 666 936 usus,
690 893 747 927 vix
767 892 915 933 dixeris3
941 905 1054 938 neque
1078 892 1189 934 enim,
1215 903 1358 938 quarum
1375 903 1492 926 rerum
1516 892 1638 936 maior,
1651 904 1742 938 qua-

225 958 300 979 rum
319 944 431 978 minor
458 951 504 976 sit
525 954 604 975 usus
617 967 626 983 ‚
651 940 708 974 hic
726 939 916 985 requiritur
928 966 937 982 ,
962 940 1025 973 sed
1043 946 1084 973 ut
1104 939 1245 973 omnino
1265 938 1399 984 aliquid
1428 939 1507 981 fiat,
1526 939 1623 986 quod
1643 938 1741 973 utili-

225 1000 330 1026 tatem
365 990 515 1035 aliquam
535 989 665 1022 afferat.
713 987 803 1020 Hinc
820 987 1066 1020 retrahendum
1087 987 1133 1020 ad
1154 985 1402 1032 praecedentia
1431 997 1509 1021 voc.
1531 988 1678 1034 potius,
1703 993 1742 1020 ut

225 1038 417 1073 sexcenties
447 1037 597 1070 iunctum
623 1035 798 1067 invenitur
829 1035 922 1077 Quin
951 1036 1091 1080 potius.
1149 1035 1240 1068 Tum
1272 1033 1414 1079 aliquid
1441 1040 1476 1067 et
1507 1045 1598 1068 usu-5
1613 1033 1739 1068 fortius

224 1084 494 1132 pronuncianda.
540 1082 694 1128 Aliquid
713 1082 853 1122 saltem,
866 1080 889 1113 i.
903 1093 934 1114 e.
956 1080 1172 1126 quantumvis
1186 1079 1358 1125 exiguum.
1405 1080 1450 1114 Et
1468 1080 1609 1127 aliquid
1623 1093 1740 1126 saepe,

224 1140 261 1167 ut
282 1132 361 1173 hic,
385 1143 457 1164 rem
477 1142 620 1174 parvam
641 1128 803 1168 denotat3
829 1135 987 1161 nostrum
1008 1141 1082 1162 nur
1102 1130 1249 1168 Etwas;
1273 1126 1327 1160 sic
1349 1126 1424 1161 Ecl.
1444 1128 1503 1169 III,
1525 1128 1579 1163 15.
1593 1129 1654 1164 73.
1679 1128 1741 1161 ubi

222 1180 293 1213 vid.
313 1186 383 1212 not.
403 1181 487 1211 Aen.
507 1178 554 1216 X,
579 1173 636 1212 84.
660 1176 704 1208 de
721 1187 759 1208 re
778 1174 910 1208 maiore
927 1174 1021 1207 idem
1041 1173 1170 1208 dicitur
1185 1177 1270 1208 Aen.
1288 1175 1332 1210 ΙΙ.
1350 1175 1407 1211 89.
1427 1174 1528 1208 Ovid.
1546 1175 1631 1209 Met.
1643 1176 1740 1217 XIII,

223 1225 307 1263 241.
356 1227 409 1259 De
435 1231 604 1257 structura
636 1230 750 1255 autem
779 1222 1143 1268 aliquid—quorum
1172 1221 1244 1255 vid.
1275 1228 1349 1255 not.
1374 1221 1420 1255 ad
1449 1224 1536 1256 Aen.
1565 1222 1631 1265 XI,
1659 1223 1738 1259 172.

231 1276 340 1316 Usus,
367 1273 412 1306 cf.
435 1271 504 1304 Cic.
516 1271 559 1303 de
572 1269 636 1303 off.
654 1271 680 1310 Ι,
694 1270 770 1304 26.:
795 1268 848 1310 „si
867 1269 1006 1314 quando
1028 1280 1108 1302 usus
1134 1271 1269 1308 esset;“
1292 1267 1378 1313 ibiq.
1398 1268 1513 1302 Beier.
1527 1269 1740 1303 -ceterum

222 1319 348 1365 ubique
364 1317 491 1352 Medic.
510 1317 648 1357 saltem,
666 1328 737 1348 uon
754 1316 888 1349 saltim.
912 1317 968 1350 W
963 1316 1008 1360 r.)

1090 1316 1138 1352 72
1151 1328 1250 1362 para
1269 1322 1343 1348 tres
1354 1316 1468 1350 Burm.
1539 1316 1586 1352 73
1602 1316 1740 1352 hieab—

222 1374 274 1400 est
291 1379 311 1399 a
331 1365 493 1399 Rotteud.
513 1376 581 1397 sec.
599 1362 768 1409 fastidat
787 1363 887 1396 Rom.
936 1363 1073 1398 Alexin
1092 1363 1212 1396 Heins.
1230 1362 1391 1407 reposuit
1409 1374 1429 1396 e
1448 1361 1674 1405 melioribus,
1699 1364 1737 1396 in

221 1413 346 1459 quibus
363 1413 497 1446 Alexin
520 1418 555 1443 et
573 1410 730 1451 Alexim,
742 1409 846 1454 vulgo
866 1411 900 1443 .ςὶ
917 1418 954 1443 te
970 1408 1341 1456 ht‘csastidz'tAlexz's,
1359 1409 1455 1455 quod
1473 1417 1508 1443 et
1522 1409 1636 1455 ipsum
1647 1411 1740 1444 bene

219 1473 257 1494 se
275 1460 391 1493 habet.
442 1459 537 1502 (Non
559 1469 660 1490 unam
679 1457 724 1490 ob
743 1469 880 1490 causam
899 1463 1043 1502 recepta
1060 1456 1299 1501 interpunctio
1320 1456 1555 1502 praeferenda
1564 1469 1739 1509 mnarum

219 1507 307 1541 haec
327 1514 378 1540 est
394 1504 616 1550 gravissima,
651 1503 745 1549 quod
760 1503 924 1536 vitiosum
946 1510 1020 1545 est,
1045 1516 1184 1537 carmen
1205 1503 1306 1547 finire
1328 1503 1534 1538 secundaria
1554 1505 1738 1548 sententia,

220 1553 329 1600 qualis
351 1554 438 1586 haec
458 1557 526 1584 est:
553 1553 585 1584 .ςὶ
604 1560 640 1584 te
659 1552 718 1584 lzic
727 1549 884 1596 fastidit
901 1551 1051 1591 Alexis-3
1074 1562 1144 1584 nou
1166 1550 1343 1595 primaria,
1364 1550 1475 1596 qualis
1494 1550 1603 1585 haec:
1623 1553 1738 1586 Inve—

219 1602 298 1635 nies
317 1601 430 1634 alium
442 1619 484 1623 ——
495 1598 648 1632 Alexim.
696 1599 741 1630 Et
759 1598 827 1640 sic,
847 1598 1006 1640 Alexim,
1030 1598 1242 1632 exarandum
1262 1598 1398 1639 curavi;
1417 1598 1489 1632 vid.
1507 1611 1557 1633 νε.
1568 1600 1626 1636 26.
1643 1601 1699 1634 W
1693 1598 1738 1644 r.)

219 1713 339 1759 gunt,
367 1713 407 1744 et
425 1706 694 1754 sustinentur,
725 1718 775 1743 ne
792 1704 948 1743 aemula

219 1765 362 1803 umbra
375 1764 446 1803 viti
467 1769 620 1802 noceat.
632 1763 679 1801 cf.
690 1762 853 1802 Mai-tin.
863 1762 903 1801 h.
915 1763 941 1801 l.

220 1825 288 1864 71.
320 1836 484 1874 quorum
513 1821 664 1872 indiget
694 1836 810 1870 usus,
845 1834 947 1873 quae

220 1880 272 1918 ad
289 1894 407 1919 usum
434 1880 541 1918 vitae
563 1879 736 1917 rusticae
765 1893 948 1917 necessa-

218 1939 299 1988 ria3
329 1938 410 1977 scil.
429 1951 500 1975 vas
530 1937 711 1988 aliquod,
741 1937 808 1975 vel
838 1938 947 1975 cala-

218 1995 348 2034 thum.
370 1994 573 2049 (Ceterum
593 1995 675 2034 vid.
687 1995 733 2034 V.
754 1995 797 2034 L.
833 1997 903 2035 W
897 1994 945 2049 r.)

220 2054 395 2091 detexere
415 2056 542 2102 iunco,
574 2054 620 2091 cf.
642 2053 785 2092 Tibull.
825 2053 872 2103 II,
906 2055 945 2102 3,

222 2112 286 2154 15.
318 2112 468 2160 mollis,
507 2110 672 2160 flexilis,
719 2107 858 2165 ὖγρός.
887 2133 946 2141 —

220 2167 305 2222 (73.
335 2170 477 2208 Alium
500 2169 685 2218 Alexim,
721 2169 841 2207 alium
858 2170 945 2207 for-

217 2227 480 2265 mosissimum
499 2240 667 2278 puerum
679 2257 689 2276 ‚
713 2226 782 2277 qui
800 2233 842 2264 te
861 2242 944 2265 non

219 2291 403 2337 spernat,
433 2298 579 2324 nomen
612 2299 686 2337 pro
719 2285 855 2334 simili,
896 2291 944 2324 ut

1006 1717 1134 1757 saepe.
1156 1705 1212 1743 Cf.
1224 1704 1362 1744 Burm.
1379 1704 1432 1743 ad
1450 1704 1569 1744 Ovid.
1583 1703 1630 1744 A.
1649 1699 1737 1746 Am.

1005 1762 1070 1812 III,
1096 1765 1162 1804 13.
1195 1763 1266 1814 Sp.
1297 1785 1355 1792 —
1385 1763 1516 1801 alium
1543 1764 1709 1802 Alexim
1719 1780 1735 1813 ,-

1004 1820 1063 1859 ita
1085 1820 1211 1860 Tacit.
1242 1820 1346 1859 Hist.
1363 1820 1427 1871 IV,
1447 1823 1535 1863 73.:
1566 1822 1676 1872 „Sed
1688 1837 1738 1861 ne

1006 1878 1094 1929 quis
1113 1879 1215 1917 alius
1238 1878 1467 1928 Ariovistus
1483 1893 1606 1932 regno
1629 1881 1737 1919 Gal-

1005 1937 1155 1974 liarum
1168 1938 1403 1987 potiretur.“
1439 1939 1510 1977 W
1503 1937 1567 1977 elz.
1592 1960 1643 1968 —
1679 1939 1736 1978 Cf.

1006 1995 1127 2033 etiam
1148 1995 1253 2047 Eleg.
1288 1994 1340 2033 ad
1366 1994 1519 2034 Messal.
1549 2009 1637 2049 pag.
1667 2000 1735 2039 77.

1005 2058 1046 2091 et
1066 2052 1116 2101 Q.
1135 2052 1182 2092 V.
1193 2053 1359 2102 XXIIII,
1374 2056 1438 2095 10.
1460 2054 1578 2092 Alter
1599 2055 1643 2093 in
1665 2055 1737 2094 tali

1005 2111 1187 2149 oratione
1208 2117 1363 2164 spectat
1392 2110 1444 2150 ad
1461 2125 1597 2164 pares,
1628 2114 1737 2151 alius

1004 2169 1059 2207 ad
1094 2169 1261 2219 similes,
1307 2169 1583 2222 significatque
1628 2172 1736 2209 alius

1000 2227 1056 2276 id,
1089 2227 1199 2278 quod
1219 2242 1292 2266 nos
1312 2227 1504 2266 dicimus:
1530 2229 1677 2267 wieder
1691 2244 1734 2268 so

1002 2287 1121 2334 einer,
1138 2287 1214 2326 wie
1223 2287 1342 2335 jesu,
1357 2300 1386 2325 s.
1401 2287 1474 2323 wie
1485 2295 1602 2326 «comt.
1621 2289 1686 2327 W
1684 2286 1732 2342 r.)
