1768 3320
291 193 784 272 eEoReicON
820 221 962 271 Lm.
998 221 1048 284 1,
1085 225 1382 274 209—215
1500 225 1603 276 325

71 351 315 416 Tempus
354 346 528 398 humo
562 355 782 413 tegere,
837 353 892 397 et
932 343 1254 426 iamdudum
1284 347 1602 399 incumbere

860 424 1064 466 aratris:

65 489 212 538 Dum
233 485 370 537 sicca
386 486 583 538 tellure
604 486 752 549 licet,
792 485 926 536 dum
956 485 1142 536 nubila
1165 485 1425 553 pendent.

65 559 210 609 Vere
249 554 386 607 fabis
424 557 589 620 sati03
643 565 763 607 tum
812 565 867 606 te
914 573 1171 624 quoque,
1216 555 1454 621 Medica,
1500 573 1602 678 pug

857 635 967 677 tres
1498 632 1562 679 21

135 700 254 750 213.
290 712 520 759 menam

110 814 184 851 213
207 815 345 849 raseris
360 814 398 848 in
414 816 574 849 Romano
594 821 630 848 et
646 813 767 848 multis
787 826 844 860 ap.
858 812 982 847 Heius.
998 819 1034 847 et
1044 812 1200 847 Pieriam
1219 819 1256 846 et
1271 811 1309 846 in
1324 818 1477 858 utroque
1490 812 1599 847 Goth.

0 880 2 882 ·
64 861 124 896 Sic
143 872 284 907 quoqne
305 868 457 908 quatuor
483 862 579 909 apud
595 861 807 903 Martinam,
840 860 900 906 qui
925 861 974 894 ita
995 860 1145 905 exprimi
1171 859 1305 894 curavit
1328 872 1406 893 cum
1424 860 1599 894 Brunckio

66 916 103 942 et
117 907 332 943 Wakefield.
363 921 405 943 ex
428 910 484 944 ed.
505 916 576 943 ant.
596 916 631 943 et
653 909 796 954 placere
817 914 969 953 possunt
992 909 1129 950 rastri,
1163 907 1246 954 qnia
1265 907 1311 940 de
1333 907 1406 941 lini
1422 914 1460 940 et
1473 920 1599 955 papa-

65 956 167 990 veris
189 955 327 990 satione
344 955 460 1001 agitur
480 956 548 990 iam
576 956 688 998 facta,
712 954 767 989 cui
788 955 947 989 succedit
965 954 1124 988 sarritio:
1150 962 1187 988 at
1207 954 1321 988 aratio
1343 962 1598 999 praecesserat.

63 1002 277 1037 Insolentins
297 1003 348 1037 sic
367 1003 500 1038 dictum
519 1003 634 1037 videri
651 1009 776 1048 posset
796 1001 1005 1036 incumbere
1025 1003 1181 1036 rastris:
1211 1001 1338 1035 liceret
1356 1008 1476 1035 tamen
1496 1001 1600 1046 eogi-

64 1057 143 1083 ωε
161 1050 207 1084 de
230 1052 367 1085 tacet-Is
384 1052 513 1098 iniquo
526 1051 710 1098 pondere:
734 1062 766 1083 v.
788 1048 867 1085 164.
916 1048 987 1084 Sed
1010 1060 1131 1083 versus
1151 1061 1302 1095 sequens
1320 1048 1479 1082 declarat
1501 1049 1599 1091 satis,

64 1104 207 1142 poetam
224 1103 454 1143 praeceptum
477 1098 523 1131 de
545 1097 704 1131 aratione
724 1096 937 1142 tempestive
966 1095 1132 1130 facienda
1152 1095 1349 1129 summatim
1367 1096 1499 1129 iterare
1520 1109 1600 1130 ma-

64 1143 193 1178 luisse:
219 1144 344 1178 endem
360 1152 476 1178 antem
494 1156 560 1178 nec
577 1144 691 1178 minus
707 1156 793 1189 ager
811 1143 885 1177 lino
903 1143 1142 1177 conserendus
1159 1143 1309 1188 indiget.
1359 1143 1478 1177 rutris
1493 1144 1599 1177 Men-

64 1190 128 1226 tel.
148 1203 170 1225 a
195 1203 242 1226 m.
268 1203 323 1237 pr.
372 1192 549 1237 (aratris,
582 1191 683 1236 prior
709 1198 785 1234 est,
818 1192 957 1225 rastris
980 1190 1093 1224 altera
1120 1190 1229 1225 lectio
1249 1189 1421 1231 Medicei3
1456 1191 1600 1224 aratris

65 1237 172 1272 etiam
191 1239 224 1274 2·
244 1239 280 1275 5.
299 1239 334 1275 7.
354 1240 388 1275 8.
435 1238 577 1273 Vitiosa
600 1239 748 1273 Mentel.
776 1237 887 1272 lectio
914 1238 1033 1271 mendi
1060 1238 1202 1271 videtur
1225 1237 1399 1282 originem
1421 1237 1598 1279 indicare;

63 1285 180 1319 fraudi
194 1285 263 1320 fuit
284 1286 441 1320 elidendi
457 1285 564 1320 ratio.
595 1288 652 1321 W
646 1286 691 1330 r.)
740 1287 850 1319 humo
872 1293 929 1318 est
949 1293 1076 1332 tegere
1095 1284 1230 1318 zalich.
1280 1293 1318 1318 et
1340 1284 1480 1318 dudum
1501 1284 1597 1318 idem

64 1343 141 1366 enm
155 1333 288 1367 Moret.
306 1345 364 1379 qu.

65 1386 102 1414 et
121 1379 219 1414 Toll.
267 1389 358 1414 mne
375 1388 413 1414 te
431 1383 564 1415 Seneca
585 1380 672 1414 ibid.

64 1486 242 1526 nubibus
257 1487 443 1526 nondum
458 1486 501 1526 in
517 1486 667 1526 imbres
688 1487 801 1526 solu—

62 1544 126 1583 tis.
183 1545 343 1584 Laudat
372 1558 540 1584 versum
571 1546 727 1585 Colum.
752 1546 800 1596 II,

64 1605 106 1653 8,
126 1605 167 1645 3.

121 1660 380 1704 215—218.
410 1662 514 1701 Vere
526 1660 677 1700 seritur
696 1660 801 1711 saba,

63 1733 94 1758 s.
124 1719 351 1772 legumina,
381 1720 539 1759 medica
566 1725 608 1757 et
633 1719 801 1758 milium.

64 1778 236 1816 Medica
250 1807 262 1827 ‚
293 1777 421 1817 herba
441 1792 465 1816 a
479 1777 608 1817 Medis
628 1777 800 1816 advecta

62 1847 137 1888 per
170 1835 277 1875 bella
308 1836 524 1876 Persarum
556 1836 721 1875 Graecis
746 1835 799 1874 il-

1 1893 5 1897 *
62 1893 170 1944 lata,
208 1894 348 1947 pabuli
375 1908 499 1947 genus
528 1894 799 1947 praestantis-

5 1981 9 1984 .
62 1952 629 2003 mmi3vid.1³fin.xv111‚4s.
649 1952 798 1991 strabo

61 2010 134 2049 lib.
150 2010 223 2061 XI,
242 2025 283 2064 p.
297 2013 383 2054 796
403 2011 465 2062 C.;
494 2017 684 2050 nostrum
704 2012 799 2049 Lu-

61 2083 188 2108 zerne.
214 2082 256 2108 v.
279 2068 435 2108 Millers
453 2069 695 2108 Gardener’s
713 2070 799 2107 Di-

62 2128 244 2179 etionary
272 2126 315 2166 h.
331 2141 373 2167 v.
401 2133 444 2166 et
470 2133 659 2166 auctores
677 2127 801 2165 bota-

62 2184 172 2223 nicea
190 2214 201 2234 ,
248 2184 433 2238 inprimis
485 2185 699 2224 Hauerum
749 2184 799 2222 de

61 2242 212 2295 plantis
239 2243 506 2296 pabulan·bus
539 2258 580 2296 p.
600 2243 659 2292 11,
689 2242 736 2281 T.
768 2243 799 2281 Ι.

62 2300 100 2339 N
101 2314 167 2339 ov.
180 2301 405 2341 Comment.
423 2303 512 2341 Soc.
532 2301 712 2353 Gotting.
728 2300 800 2339 Est

61 2358 172 2397 idem
199 2354 401 2401 όκύθοον
431 2359 671 2412 τριπέτηλον
690 2358 800 2411 apud

62 2415 294 2457 callimach.
326 2418 371 2457 in
398 2418 515 2456 Dian.
537 2417 634 2467 165,
659 2417 732 2456 ubi
750 2417 800 2456 cs.

62 2474 215 2527 Spanh.
282 2476 377 2515 Eius
415 2476 504 2515 laus
536 2481 579 2515 et
606 2489 704 2514 cura
734 2489 798 2528 ap.

25 2528 219 2573 'Colum
257 2533 316 2584 II,
353 2536 428 2584 11,
468 2532 569 2587 §.2-
629 2533 795 2582 Fabae,

64 2590 180 2629 cuius
197 2591 404 2631 diversum
424 2606 447 2630 a
458 2599 600 2631 nostra
618 2592 710 2631 faba
729 2605 799 2644 ge-

63 2661 142 2687 nus
151 2678 164 2698 ,
204 2656 246 2688 et
275 2651 503 2689 rotundum
541 2665 588 2689 ac
622 2664 799 2703 parvum

14 2749 19 2751 μ
65 2707 249 2758 legumen
275 2709 482 2747 veteribus
509 2709 553 2747 in
586 2722 667 2747 usu
696 2714 797 2747 erat.

64 2763 149 2802 vid.
176 2764 302 2804 Indic.
330 2767 495 2819 Scriptt.
518 2767 578 2805 R.
605 2768 679 2817 R.;
713 2780 799 2805 non

64 2820 173 2860 idem
211 2823 396 2862 omnibus
428 2824 588 2863 serendi
623 2831 799 2878 tempuS,

64 2879 247 2933 inprimis
277 2880 309 2918 si
338 2881 602 2921 Columellam
635 2882 708 2921 lib.
740 2883 799 2932 II,

65 2951 100 2975 c.
138 2940 206 2987 10,
233 2935 276 2990 ς.
307 2940 334 2979 9
373 2952 591 2991 compares.
647 2940 802 2979 Verum

458 1333 529 1369 215
553 1335 650 1367 sac-'0
673 1341 731 1367 est
746 1336 882 1367 Seneca
901 1331 1008 1377 epist.
1026 1333 1074 1368 86
1094 1339 1131 1366 et
1145 1332 1309 1366 Parrhas.
1350 1345 1431 1366 cum
1447 1340 1485 1366 te
1502 1332 1597 1366 idem

858 1488 937 1524 seri
954 1485 1062 1524 iubet
1075 1515 1087 1536 ,
1124 1485 1477 1537 Circumpadanae
1502 1486 1597 1525 Ita-

858 1545 941 1583 liae
957 1546 1060 1594 ritu,
1093 1543 1239 1594 XVIII,
1265 1546 1332 1593 12,
1357 1546 1427 1593 30,
1446 1558 1486 1596 p-
1500 1545 1595 1588 115.

859 1602 941 1641 Sed
957 1615 1078 1653 quam
1103 1601 1217 1641 varie
1230 1632 1241 1651 ‚
1272 1616 1395 1654 quam
1421 1602 1595 1654 copiose,

860 1660 1013 1700 extulit
1029 1660 1186 1713 singula
1204 1659 1307 1699 haec
1329 1661 1473 1714 poeta!
1507 1676 1596 1712 pu-

859 1727 936 1757 tres
962 1719 1083 1768 sulci,
1116 1718 1256 1757 fractis
1276 1723 1318 1756 et
1336 1718 1597 1757 comminutis

859 1777 1003 1816 crebra
1040 1776 1224 1816 aratione
1244 1806 1256 1826 ,
1303 1777 1596 1815 stercoratione

859 1841 901 1874 et
928 1835 1089 1888 frigoris
1116 1834 1358 1888 penetrabili
1387 1835 1430 1874 vi
1460 1835 1594 1887 glebis.

857 1908 898 1933 v.
928 1894 1001 1933 Ge.
1028 1893 1077 1944 11,
1105 1892 1192 1935 204
1223 1898 1261 1931 et
1283 1893 1333 1932 al.
1360 1893 1518 1932 Colum.
1546 1893 1594 1943 Π,

861 1954 927 2001 11,
947 1954 973 1993 3
1004 1953 1165 1990 Locum
1180 1981 1192 2001 ,
1225 1954 1268 1990 in
1284 1966 1363 2004 quo
1380 1951 1596 1990 Medicam

853 2011 1042 2062 proximo
1076 2024 1164 2049 vere
1194 2017 1356 2048 saturus
1385 2024 1427 2047 es
1444 2039 1456 2059 ,
1492 2024 1593 2061 pro-

857 2067 1028 2106 scindito
1044 2070 1154 2106 eima
1175 2067 1378 2105 calendas
1400 2067 1593 2118 Octobris,

858 2134 896 2163 et
913 2140 1004 2163 eum
1022 2134 1106 2163 tola
1137 2125 1267 2163 hieme
1286 2133 1512 2177 putrescere
1532 2128 1592 2163 313—

857 2185 958 2221 nito.
1018 2185 1195 2222 Milium
1221 2197 1307 2222 non
1331 2196 1429 2222 vere
1448 2183 1590 2233 modo,

858 2241 930 2280 sed
948 2247 990 2280 et
1019 2247 1172 2280 aestate
1202 2239 1298 2294 (hoc
1322 2242 1404 2280 iam
1425 2241 1592 2280 Hesiodi

857 2305 1011 2350 aetate,
1042 2313 1161 2351 quem
1178 2299 1261 2338 vid.
1283 2300 1327 2339 in
1345 2300 1483 2354 Clipeo
1495 2302 1592 2343 398.

858 2356 961 2413 399)
975 2364 1015 2396 et
1022 2357 1155 2397 hieme
1170 2358 1380 2397 serebatur
1389 2373 1401 2409 ;
1411 2358 1520 2397 unde
1529 2372 1593 2396 ca-

854 2416 1010 2455 lumnia
1028 2418 1200 2455 Senecae
1221 2417 1346 2469 Epist.
1368 2417 1592 2467 LXXXVI,

858 2474 909 2513 de
932 2488 1015 2527 qua
1039 2474 1123 2514 vid.
1152 2474 1283 2513 Cerda
1310 2481 1352 2513 et
1376 2475 1591 2514 Martinus

856 2533 959 2572 Vere
978 2539 1117 2571 tamen
1136 2533 1460 2572 commodissima
1476 2533 1591 2583 satio,

855 2591 942 2630 vid.
963 2592 1119 2645 Colum.
1141 2590 1192 2641 II,
1214 2594 1255 2641 9,
1281 2594 1347 2633 18.
1377 2592 1450 2641 XI,
1467 2594 1507 2641 2,
1521 2593 1590 2632 33.

855 2649 1008 2688 Pallad.
1044 2649 1123 2699 IV,
1150 2649 1215 2688 tit.
1241 2652 1280 2690 3.
1320 2649 1499 2702 Geopon.
1530 2649 1589 2697 II,

857 2710 926 2750 38.
956 2709 1069 2746 milw
1088 2709 1198 2746 venit
1216 2722 1357 2745 annua
1375 2722 1474 2745 eura
1489 2719 1587 2758 poe-

856 2766 938 2804 tica
966 2766 1082 2820 copia
1114 2765 1269 2805 dictum
1304 2765 1467 2816 quidem
1502 2778 1588 2815 pro,

857 2824 1013 2863 milium
1042 2824 1202 2862 seritur.
1226 2837 1268 2862 v.
1303 2824 1458 2862 Colum.
1484 2822 1542 2869 H,
1562 2823 1588 2862 9

858 2888 965 2921 extr.
988 2882 1089 2921 Plin.
1113 2881 1266 2930 XVIII,
1294 2884 1374 2930 26,
1411 2885 1505 2917 sect.
1533 2880 1589 2919 66

859 2946 985 2990 extr.;
1029 2939 1101 2978 sed
1128 2953 1222 2978 cum
1245 2944 1434 2991 respectu
1458 2935 1589 2974 medi-

0 3036 8 3043 ⁵
66 2995 248 3034 Plinius:
291 2997 494 3048 Virgilius
521 3011 613 3035 eam
634 3012 715 3050 per
735 3013 805 3037 ver
862 3011 953 3048 cae,
991 3010 1096 3050 quae
1130 3009 1183 3036 ex
1224 3009 1309 3035 uno
1345 3001 1438 3034 satu
1475 2993 1589 3032 denis
