1768 3320
333 192 821 253 GEORG'ICON
856 200 998 251 ΜΒ.
1032 200 1082 262 1,
1123 203 1416 253 140-150
1530 210 1628 256 311

116 333 260 380 Tum
278 328 452 378 variae
472 342 671 377 venere
694 335 858 379 artes:
894 325 1050 376 labor
1071 327 1253 376 omnia
1273 327 1397 376 vicit
1535 334 1633 383 145

112 397 385 467 Inprohns
402 407 457 448 et
481 397 627 447 duris
645 413 882 462 urguens
905 397 959 446 in
980 397 1145 454 rebus
1170 405 1385 461 egestas,

112 469 290 520 Prima
308 470 473 520 Ceres
491 466 641 518 ferro
663 467 903 517 mortalis
923 475 1135 517 vertere
1153 475 1355 516 terram

111 538 365 603 Instituit,
402 554 572 606 quum
594 538 700 588 iam
724 536 946 603 glandes
966 546 1129 605 atque
1148 536 1334 587 arbuta
1354 553 1530 587 sacrae

109 606 422 660 Deficerent
439 607 596 658 silvae
617 617 671 658 et
688 609 888 658 victum
906 607 1139 658 Dodona
1159 616 1394 672 negaret.

109 681 309 730 Mox'et
326 676 612 729 frumentis
630 677 787 728 labor
804 677 1030 743 additus,
1066 686 1128 728 ut
1144 676 1284 727 mala
1302 676 1509 727 culmos
1534 679 1632 728 150

185 776 297 826 148.
332 774 633 823 Ins-mun:
710 776 822 825 149.
854 787 1064 837 suvAE,
1141 774 1253 824 150.
1289 785 1543 821 anmrns:

109 903 172 945 Vl,
196 903 262 939 181
290 901 419 936 cuneis
442 909 480 935 et
497 900 623 946 fissile
648 898 763 934 robur
783 900 988 934 Scinditur.
1034 901 1080 934 Et
1098 901 1165 942 XI,
1191 900 1259 937 137
1291 898 1444 934 Rolmra
1467 912 1536 933 nec
1564 911 1630 933 cu-

109 951 192 984 neis
206 969 252 975 -
273 949 441 983 scindere
460 967 507 975 -—
526 956 688 981 cessant:
723 959 843 980 verum
871 947 1023 981 alienum
1045 960 1067 981 a
1093 959 1133 981 re
1160 954 1216 980 est
1243 947 1280 980 id
1293 973 1303 990 ,
1337 947 1433 993 quod
1455 946 1632 987 inseritur,

110 1004 149 1031 et
162 996 412 1031 sententiarum
439 1007 547 1029 nexus
570 994 655 1028 inde
674 994 878 1039 languorem
896 994 1087 1028 contrahit.
1137 994 1329 1039 (Genninus
1349 1001 1404 1028 est
1423 993 1483 1027 hic
1500 1005 1632 1035 versus,

109 1043 142 1078 si
157 1044 233 1090 quiz
251 1043 350 1077 alius.
381 1043 477 1087 Wr.)
525 1043 607 1076 Iam
627 1043 786 1088 primum
813 1041 868 1076 ed.
894 1043 985 1075 Ven.
1032 1041 1219 1076 Enimvero
1241 1041 1340 1075 Nam
1362 1043 1478 1089 primi
1502 1041 1632 1074 editum

108 1091 179 1126 iam
195 1090 278 1124 inde
296 1090 341 1124 ab
356 1089 461 1123 Aldd.
488 1087 690 1133 findebant
706 1089 869 1122 Cantabr.
893 1089 1020 1133 fissile
1036 1087 1150 1123 robur
1165 1088 1332 1122 Leidens.
1354 1100 1440 1122 nnus
1459 1100 1479 1122 a
1499 1101 1544 1122 m.
1562 1100 1632 1122 sec.

110 1137 181 1178 145
203 1146 306 1172 taces
323 1147 392 1182 pro
415 1144 519 1169 artes
539 1137 634 1170 Ven.
682 1137 770 1169 w'cit
787 1142 886 1169 recte
906 1135 1029 1170 Heius.
1050 1148 1069 1169 e
1090 1134 1295 1169 melioribus
1316 1147 1388 1169 non
1408 1135 1542 1180 primus
1564 1135 1632 1168 de-

109 1184 165 1219 dit
178 1184 243 1218 ted
262 1182 441 1218 revocavit
457 1184 543 1227 post
558 1182 638 1216 Ald.
653 1188 735 1216 tert.
752 1182 933 1227 Naugerii.
982 1183 1084 1228 (vicit
1103 1195 1122 1216 e
1143 1182 1311 1216 Parisinis
1332 1182 1467 1216 habent
1486 1184 1522 1218 2.
1541 1183 1575 1218 3.
1595 1181 1631 1217 4.

108 1232 145 1268 8.
174 1231 272 1275 Wr.)
319 1229 438 1275 Vulgo
455 1230 581 1264 vincit.
605 1235 791 1263 narrantur
813 1231 925 1270 facta3
948 1242 1022 1263 nou
1041 1230 1262 1268 sententiose
1284 1229 1390 1264 dicta.
1449 1230 1518 1266 146
1543 1242 1631 1264 sur-

107 1291 202 1327 gens
226 1277 356 1312 Medic.
382 1289 403 1310 a
429 1289 475 1310 m.
501 1289 557 1322 pr.

108 1323 320 1373 Desuemnt
339 1323 500 1358 nonnulli
521 1323 617 1370 apud
633 1323 798 1357 Pieriam.
847 1333 1030 1371 negarent
1049 1325 1151 1358 Rom.

653 1275 722 1312 148
745 1289 854 1310 sacta
884 1277 940 1311 ed.
970 1279 1102 1311 Genev.
1133 1289 1210 1311 cum
1233 1277 1357 1311 Servio
1378 1277 1467 1311 Dan.

1249 1325 1318 1360 150
1335 1322 1522 1371 frumenti
1539 1275 1631 1357 Glu‘ff.³

109 1380 146 1407 et
164 1371 274 1406 Goth.
291 1383 360 1405 sec.
381 1383 402 1405 a
420 1383 466 1405 m.
482 1383 536 1417 pr.
574 1384 619 1405 ex
631 1368 839 1417 frumentis
855 1371 948 1405 coni.
965 1373 1079 1405 Burm.
1094 1398 1103 1415 ‚
1127 1371 1192 1405 sed
1208 1371 1336 1406 haeret
1353 1371 1389 1405 in
1411 1370 1526 1405 labor.
1560 1370 1629 1404 vid.

107 1421 195 1456 Not.
217 1427 259 1454 ut
275 1431 321 1453 m.
338 1418 481 1452 cuhnus
500 1417 590 1452 Gud.
613 1425 648 1452 et
666 1430 687 1451 a
707 1430 753 1451 m.
779 1429 835 1463 pr.
853 1419 1018 1454 Pan-has.

108 1525 164 1566 ad
181 1525 453 1565 instrumenta
470 1523 748 1578 procudenda,
778 1537 845 1563 se-

109 1585 239 1624 curim
267 1583 470 1637 inprimis,
513 1582 673 1632 durati3
703 1582 843 1622 adiici-

108 1648 178 1683 tur
208 1655 339 1692 serra,
377 1641 487 1680 ferro
511 1641 594 1679 iam
612 1640 658 1679 in
674 1641 843 1680 laminas

109 1700 207 1740 omli
228 1705 385 1753 coepto.
447 1698 540 1742 145.
569 1713 720 1749 venere,
741 1713 842 1752 pro-

107 1771 269 1809 venere,
286 1758 477 1798 inventae
496 1762 604 1796 sunt.
641 1757 758 1795 labor
774 1759 841 1795 in-

104 1815 279 1870 probusf,
307 1815 521 1870 pervicax,
552 1815 623 1866 qui
640 1814 755 1854 nulla
770 1828 840 1853 ae—

107 1888 255 1915 rumna
279 1873 526 1914 vinceretur.
558 1872 644 1911 vid.
671 1886 760 1925 sup.
787 1873 840 1911 ad

107 1946 150 1974 v.
174 1934 270 1975 119.
312 1929 441 1986 (duris
480 1944 626 1983 urgens
651 1933 694 1969 in
727 1931 841 1969 rebus

108 1998 292 2043 egestas5
345 1989 430 2029 huc
472 1989 652 2042 pertinet
698 2002 841 2029 versus

108 2046 279 2087 Theoer.
294 2048 406 2098 XXI,
427 2050 483 2089 1.:
512 2045 570 2096 „ni
587 2047 721 2097 πενία,
742 2045 842 2088 Διό-

109 2120 240 2159 φαντε
250 2135 263 2156 ‚
292 2101 401 2159 μόνα
415 2102 487 2154 τοὶς
503 2103 645 2157 τέχνας
659 2104 843 2159 ἒγείρει,“

109 2176 231 2215 quem
248 2163 399 2202 Iacobs.
416 2162 560 2201 laudat
582 2162 637 2200 ad
664 2176 725 2201 vs.
746 2165 841 2204 133.

109 2221 191 2260 Sed
209 2233 261 2260 ne
278 2234 339 2260 VS.
354 2219 449 2263 145.
476 2219 628 2270 eadem,
646 2233 749 2272 quae
768 2234 841 2259 su-

109 2293 186 2332 pra
201 2292 263 2318 vs.
288 2281 383 2320 133.
414 2277 576 2317 dixerat
596 2284 717 2330 poeta
731 2308 742 2327 ‚
770 2291 840 2317 re—

108 2344 247 2391 petere
272 2336 486 2385 videatur,
526 2336 750 2375 tenendum
767 2342 839 2385 est,

108 2409 168 2435 vs.
190 2394 284 2438 145.
314 2394 449 2433 varias
470 2400 574 2433 artes
591 2394 755 2447 proprie
775 2394 841 2432 di-

110 2454 146 2492 ci
162 2453 278 2493 varia
295 2453 447 2491 artium
465 2465 623 2504 genera,
654 2451 841 2502 artificia3

109 2511 317 2564 superiora
339 2516 474 2549 autem
501 2510 705 2549 strictiore
722 2523 842 2550 sensu

110 2568 303 2621 capienda
334 2575 376 2607 et
409 2568 462 2606 ad
489 2569 757 2621 agriculturae
772 2568 839 2606 in-

109 2626 342 2666 ventionem
365 2626 577 2665 reserenda
597 2639 691 2665 esse.
725 2627 796 2665 W
788 2624 837 2679 r.)

169 2683 264 2726 147.
302 2684 475 2723 Inventa
506 2685 635 2723 aratio
683 2684 839 2722 Cereris

111 2741 304 2780 beneficio
322 2771 333 2790 ‚
375 2755 468 2781 cmn
498 2742 550 2780 ad
581 2742 762 2781 homines
798 2742 842 2779 in

112 2804 250 2837 coetus
288 2806 448 2838 coactos
474 2800 682 2851 glandium
708 2799 842 2838 victus

111 2856 224 2895 haud
237 2857 449 2895 sufficeret.
479 2859 580 2896 Cum
599 2859 762 2896 cultura
780 2858 842 2895 la-

111 2915 230 2953 bores
254 2919 295 2951 et
322 2927 538 2953 aerumnae
574 2921 695 2954 natae
733 2921 841 2954 sunt.

100 2972 216 3024 firm
228 3001 239 3021 ,
265 2984 430 3010 vomere
449 2986 497 3010 ac
511 2973 656 3025 ligone.
688 2970 842 3026 (Nexus

901 1525 1193 1564 sententiarum
1214 1524 1283 1564 hic
1313 1530 1393 1563 est:
1432 1522 1539 1562 Ante
1562 1523 1631 1562 Io-

899 1598 994 1624 vem
1011 1584 1149 1622 nullus
1177 1596 1370 1636 agrorum
1387 1582 1540 1632 cultus,
1570 1595 1630 1620 vs.

903 1642 1011 1690 125„
1032 1642 1129 1681 Iove
1145 1641 1360 1694 imperium
1375 1646 1539 1679 tenente
1553 1653 1631 1678 va-

897 1700 982 1739 riae
1001 1707 1109 1739 artes
1134 1698 1324 1738 inventae
1346 1705 1387 1737 et
1408 1699 1527 1737 Ceres
1548 1697 1631 1750 agri

898 1757 1057 1797 colendi
1093 1757 1294 1796 rationem
1330 1755 1513 1805 homines
1553 1755 1631 1794 do-

897 1816 995 1855 cuit.
1030 1814 1144 1870 Wr.)
1202 1814 1298 1858 148.
1332 1815 1434 1853 Cwn
1450 1816 1537 1853 iam
1554 1815 1631 1852 sil»

896 1889 995 1924 vae,
1038 1887 1141 1926 quae
1175 1873 1332 1926 poetice
1373 1873 1454 1911 diis
1490 1886 1630 1911 sacrae

899 1932 1106 1981 dicuntur,
1124 1931 1334 1980 deficerent
1350 1930 1486 1983 quoad
1500 1931 1629 1983 glan-

898 1991 968 2028 des
996 1998 1034 2028 et
1062 1989 1207 2028 arbuta
1235 1987 1303 2042 (de
1322 1988 1385 2027 his
1415 2002 1455 2028 v.
1475 1989 1530 2027 ad
1547 1988 1629 2027 Ecl.

898 2048 973 2098 m,
1004 2050 1072 2090 82.
1139 2047 1315 2086 Possunt
1348 2047 1475 2086 verba
1518 2046 1631 2086 varie

898 2106 1027 2157 iungi:
1066 2104 1138 2143 sed
1164 2105 1340 2157 glandes
1364 2105 1492 2143 silvae
1508 2135 1520 2154 ,
1555 2102 1630 2157 (sic

898 2163 1111 2203 Wunderl.
1129 2161 1231 2201 haec
1246 2161 1387 2215 iungit.
1418 2161 1531 2217 Wr.)
1559 2175 1631 2201 seu

897 2221 1102 2269 silvarum,
1135 2220 1359 2260 orationem
1377 2220 1510 2259 minus
1528 2233 1629 2273 poe-

898 2279 1022 2318 ticam
1050 2277 1296 2333 efficerent);
1326 2284 1368 2316 et
1396 2292 1489 2317 cum
1510 2293 1630 2331 quen-

897 2352 969 2375 eus
982 2367 994 2387 ‚
1028 2337 1143 2375 cuius
1178 2337 1331 2388 generis
1363 2336 1630 2375 nobilissimae

899 2395 1009 2448 apud
1030 2394 1243 2433 Dodonam
1266 2395 1410 2443 silvae,
1439 2408 1522 2432 non
1541 2407 1629 2432 am-

896 2453 1004 2506 plius
1022 2453 1118 2491 satis
1135 2466 1319 2505 magnam
1338 2452 1543 2504 glandium
1558 2465 1629 2490 co-

896 2512 1006 2564 piam
1029 2510 1347 2564 suppeditarent.

958 2570 1052 2612 150.
1106 2568 1230 2607 Redit
1279 2568 1331 2606 ad
1376 2568 1630 2620 propositum

897 2640 937 2666 v.
961 2630 1056 2668 121.
1093 2626 1193 2665 Mox
1211 2626 1331 2664 etiam
1352 2639 1494 2675 noxae,
1525 2626 1629 2663 mala

898 2691 939 2723 et
961 2685 1108 2723 damna
1128 2682 1279 2738 (labor,
1312 2690 1361 2722 ut
1390 2681 1520 2731 πόνος
1554 2697 1628 2734 pro

900 2746 1032 2795 πῆμα,
1052 2739 1203 2796 βλάβη)
1214 2743 1397 2781 invasere
1413 2742 1628 2787 frumenta,

899 2800 941 2839 h.
959 2802 1110 2839 factum
1122 2831 1132 2849 ,
1162 2807 1212 2839 ut
1232 2806 1381 2851 segetes
1398 2798 1521 2836 variis
1539 2810 1627 2834 ma-

899 2858 950 2896 lis
968 2873 1015 2897 ac
1035 2858 1188 2897 morbis
1206 2859 1460 2904 laborarent3
1482 2854 1628 2892 invasit

900 2929 966 2954 eas
984 2916 1121 2969 robigo
1140 2917 1254 2953 mala
1266 2945 1277 2964 ,
1308 2913 1496 2961 exitiosa,
1528 2924 1629 2962 quae

900 2974 1053 3013 culmos
1089 2973 1247 3022 exedit,
1277 2971 1470 3018 carduus,
1502 2968 1571 3019 qui
1588 2974 1626 3006 el
