1768 3320
201 202 306 251 286
549 198 605 248 P.
641 194 994 248 VIRGILH
1037 197 1410 249 MARONIS
1478 159 1483 164 ¹

200 325 379 392 Dique
406 321 652 392 deaeque
681 338 900 389 omneS,
937 323 1175 374 studium
1209 324 1406 393 quibus
1430 341 1551 375 arva
1576 325 1733 390 tueri,

203 395 419 462 Quique
447 408 613 445 novas
635 392 767 444 alitis
787 411 903 444 non
921 394 1035 444 ullo
1056 396 1264 445 semine
1287 393 1485 461 fruge5‚

202 465 420 532 Quique
446 466 567 515 satis
588 464 798 530 largum
824 464 978 515 coelo
1001 465 1277 516 demittitis
1298 466 1558 528 imbrem3

203 540 399 604 Tuque
423 534 578 600 ade0,
617 550 784 603 quem
803 552 931 585 mox
954 552 1092 603 quae
1111 536 1216 585 sint
1233 535 1480 587 habitura
1501 535 1736 587 deorum

203 605 442 658 Concilia
461 647 475 671 ,
530 606 799 656 incertum
842 614 953 657 est:
1008 605 1231 658 urbisne
1270 606 1500 658 invisere
1526 647 1541 672 ,
1598 608 1736 658 Cae-

998 692 1107 742 sar,
1665 677 1736 729 25

272 764 355 812 21.
392 773 581 820 TUER13
653 764 735 811 22.
771 772 1003 820 FRUGEs3

248 877 297 913 22
320 889 397 911 ηοη
416 875 493 911 ullo
514 874 637 910 Heius.
655 887 674 910 e
694 874 824 910 Medic.
846 882 883 909 et
902 875 1056 922 quinque
1077 873 1157 909 aliie
1182 872 1457 917 vetustioribus,
1488 874 1616 921 quibus
1643 875 1736 909 adde

194 924 313 958 Goth.
333 936 388 968 pr.
412 924 461 968 (et
480 925 514 959 2.
539 925 574 960 3.
601 925 656 960 12.
688 924 785 968 Wr.)
799 950 808 966 ,
834 935 903 969 quo
925 923 1050 957 alludit
1069 922 1176 956 etiam
1193 922 1357 956 Parthas.
1404 921 1525 968 Vulgo
1540 923 1736 966 nonnullo,

201 972 300 1018 quod
321 977 358 1004 et
376 970 518 1005 Servius
538 970 813 1016 interpretatur,
839 970 903 1004 sed
921 970 1098 1004 sententia
1114 976 1180 1004 aut
1201 969 1297 1003 nulla
1317 975 1379 1003 aut
1395 980 1521 1015 parum
1540 971 1737 1004 commoda.

201 1031 279 1053 non
302 1018 380 1052 ullo
398 1019 445 1052 de
464 1020 602 1052 semine
621 1019 724 1052 Rom.
773 1017 888 1059 Alibi,
911 1018 1026 1064 inquit
1042 1017 1198 1060 Pierius,
1224 1017 1332 1051 nullo
1350 1017 1397 1050 de
1417 1018 1555 1051 semine
1568 1014 1736 1051 habet‘ur.

201 1067 281 1101 Hoc
297 1072 515 1111 postremum
536 1065 726 1108 Catroeus,
760 1065 904 1111 egregie
923 1066 1055 1112 loquax
1079 1065 1276 1110 interpre8‚
1300 1071 1430 1109 poetae
1455 1064 1672 1099 vindicatum
1691 1065 1736 1106 it3

203 1113 268 1147 sed
298 1119 353 1146 est
379 1112 476 1146 haud
511 1112 618 1146 dubie
650 1125 692 1146 ex
722 1113 1020 1157 interpretatione
1047 1118 1197 1147 vetusta.
1245 1122 1382 1145 messes
1408 1111 1466 1146 vel
1514 1125 1628 1160 rages
1656 1112 1736 1146 cod.

200 1159 340 1195 Koleri.
388 1160 435 1195 23
461 1161 647 1194 dimittitis
681 1159 743 1194 alii
772 1173 829 1206 ap.
849 1162 966 1194 Burm.
1061 1161 1109 1197 25
1134 1159 1298 1194 Consilia
1325 1158 1386 1192 alii
1414 1170 1472 1204 ap.
1519 1158 1644 1194 ierium
1658 1186 1668 1202 ,
1698 1167 1738 1194 ut

201 1209 280 1242 fere
299 1207 434 1249 solent,
470 1207 566 1253 quod
585 1207 681 1241 idem
699 1208 869 1242 Gatroeus
895 1207 964 1242 arri
991 1206 1041 1250 it,
1075 1214 1112 1241 at
1131 1206 1223 1241 male
1249 1205 1507 1251 interpretatur
1527 1207 1573 1241 de
1590 1207 1736 1241 decreto

203 1268 225 1289 a
253 1254 321 1288 diis
342 1254 518 1288 faciendo.
567 1255 676 1289 Immo
701 1267 787 1289 vero
820 1261 915 1289 esset
941 1255 954 1288 i
983 1267 1038 1288 em
1064 1255 1212 1288 deorum
1231 1260 1378 1296 coetus,
1403 1253 1463 1299 qui
1488 1259 1525 1287 et
1543 1255 1738 1289 concilium

205 1309 272 1336 est.
320 1302 447 1336 Horat.
470 1302 584 1336 Carm.
603 1303 662 1344 111,
682 1303 750 1345 25,
783 1304 806 1339 6
831 1303 976 1350 egregii
994 1303 1165 1336 Caesaris
1182 1304 1388 1335 Aeternam
1412 1301 1598 1336 meditans
1626 1302 1740 1336 decus

204 1350 335 1385 stellis
356 1351 521 1383 inserere
539 1357 576 1382 et
598 1350 753 1384 concilio
771 1351 892 1391 Iovis-3
925 1348 988 1383 ubi
1014 1349 1119 1383 etiam
1138 1348 1200 1382 alii
1220 1348 1395 1390 consilio,
1420 1348 1516 1394 quod
1531 1355 1649 1382 tamen
1673 1361 1738 1383 ao—

203 1396 461 1431 commodatius
480 1395 532 1430 ibi
553 1408 631 1430 esse
654 1396 817 1440 videtur,
849 1408 923 1431 non
942 1404 1092 1442 propter
1117 1395 1331 1441 Aegyptiam
1355 1395 1511 1429 fabulam
1538 1408 1559 1430 a
1587 1397 1737 1431 Baxtero

202 1450 433 1478 memoratam
444 1470 454 1487 ,
478 1443 542 1478 sed
561 1443 642 1489 quia
660 1445 763 1478 Iovis
781 1444 976 1479 consilium
992 1444 1044 1478 ibi
1059 1444 1223 1478 habetur.
1265 1445 1311 1478 At
1326 1441 1364 1476 in
1382 1448 1508 1476 nostro
1529 1443 1738 1489 simpliciter

204 1492 250 1526 de
270 1503 416 1525 numero
437 1503 478 1525 ac
500 1498 603 1525 coetu
621 1491 768 1525 deorum
791 1491 917 1537 agitur.
971 1490 1080 1525 urbes
1105 1490 1236 1525 Medic.
1262 1501 1340 1524 cum
1364 1489 1544 1524 nonnullis
1572 1490 1675 1534 aliis,
1698 1497 1739 1524 ut

205 1538 427 1586 ambiguitas,
444 1550 489 1572 ne
504 1537 607 1572 urbis
617 1550 684 1584 pro
707 1539 861 1573 secundo
875 1550 958 1573 casu
977 1539 1166 1580 habeatur,
1183 1537 1326 1572 vitetur.
1349 1537 1420 1571 Sed
1441 1535 1591 1572 urbisne
1609 1544 1737 1573 aucto-

204 1586 312 1620 ritate
331 1592 416 1620 vett.
438 1586 744 1631 grammaticorum
765 1586 994 1620 confirmatur
1011 1598 1068 1632 ap.
1090 1585 1182 1619 Gen.
1193 1586 1238 1620 N.
1250 1588 1291 1619 A.
1311 1585 1408 1627 xm,
1429 1585 1497 1625 203
1522 1585 1584 1619 ubi
1599 1586 1737 1620 Probus

203 1634 241 1667 in
261 1633 384 1668 codice
404 1639 535 1678 poetae
562 1643 668 1667 manu
691 1641 855 1667 correcto
887 1633 960 1679 legi
992 1640 1029 1667 et
1056 1632 1151 1667 auris
1169 1632 1300 1667 iudicio
1322 1630 1424 1665 urbis
1440 1632 1636 1676 praelatum
1658 1644 1737 1666 esse

205 1681 257 1715 ait
277 1694 297 1715 a
314 1688 422 1726 poeta
442 1691 509 1725 pro
530 1679 650 1714 urbes.
697 1681 793 1726 Ergo
822 1679 933 1715 Urbis
950 1689 1208 1727 terrarumque
1231 1691 1359 1714 curam
1375 1690 1448 1712 non
1469 1678 1616 1715 iunxere
1634 1687 1737 1715 vete·-

204 1741 263 1762 res
277 1754 287 1773 ,
310 1740 377 1762 nec
392 1729 556 1762 invisere
575 1740 701 1762 curam
720 1728 906 1762 ferendum
922 1740 1002 1762 esse
1023 1734 1192 1774 putarunt
1211 1738 1279 1773 pro
1303 1725 1496 1772 suscipere.

204 1838 294 1878 pag.
322 1823 424 1874 158,
463 1829 505 1862 et
538 1824 582 1862 in
621 1823 766 1863 Marm.
809 1823 943 1864 Oxon.

204 1883 249 1923 P.
277 1882 316 1932 I,
343 1896 383 1920 n.
415 1881 573 1920 LXXX
607 1882 769 1922 visitur.
836 1881 945 1921 Hinc

205 1941 274 1980 ille
304 1941 454 1978 inculto
486 1941 637 1979 ter-mite
665 1940 855 1993 gaudens
880 1954 943 1993 ap.

206 1998 393 2038 Gratium
422 1998 567 2051 Cyneg.
593 2002 666 2041 20.
723 1998 781 2037 Eo
808 1999 943 2038 refer-

205 2064 278 2097 tur
295 2055 484 2096 Silvanus
496 2057 816 2109 Dendrophoms
833 2056 945 2110 apud

204 2117 372 2155 Gruter.
397 2129 438 2169 p.
464 2114 613 2166 LXIV,
641 2119 681 2159 7.
720 2116 825 2154 conf.
853 2115 945 2154 Sal-

205 2188 304 2214 mas,
334 2174 530 2213 Exercitt.
550 2173 650 2214 Ptin.
669 2189 709 2227 p.
728 2172 826 2216 294.
869 2188 945 2212 eu-

203 2247 390 2286 pressum
405 2248 434 2271 a
453 2232 589 2271 radice
600 2231 643 2272 h.
659 2239 855 2272 truncum
871 2246 946 2271 cu-

206 2291 346 2345 pressi.
405 2291 457 2333 21
478 2313 537 2321 —
554 2293 623 2333 23.
653 2291 717 2330 Dii
743 2303 944 2343 agrorum,

206 2350 399 2388 silvarum
425 2355 466 2387 et
483 2355 793 2403 tempestatum,
823 2361 945 2403 prae-

207 2408 325 2447 sides.
393 2407 496 2446 Nam
525 2406 570 2447 hi
600 2414 718 2459 sunt,
766 2408 946 2446 studium

208 2466 353 2520 quibus
368 2480 470 2506 arva
482 2468 585 2505 tueri
593 2482 609 2514 ;
630 2468 843 2520 quique—
852 2467 947 2519 qui-

208 2539 285 2578 que
298 2555 310 2575 ,
335 2546 406 2563 —.
434 2523 611 2564 Videtur
629 2536 724 2564 sane
747 2524 843 2563 deos
860 2523 947 2562 Ro-

207 2595 425 2622 manorum
456 2589 650 2635 agrestes,
681 2582 793 2622 miris
810 2580 947 2621 nomi-

207 2641 326 2681 nibus
347 2641 397 2680 ab
418 2641 527 2679 omni
555 2654 601 2680 re
622 2642 777 2681 rustica
796 2639 946 2693 petitis,

209 2700 414 2739 declarare
441 2699 629 2739 voluisse.
699 2702 769 2741 22.
799 2698 948 2750 fruges

207 2759 331 2798 latius
358 2771 434 2811 pro
464 2757 615 2810 plantis
651 2756 801 2796 dixisse
822 2755 948 2794 vide-

208 2824 298 2867 tur,
334 2830 415 2855 non
436 2816 521 2854 allo
540 2816 689 2854 semine
703 2845 714 2865 ,
749 2813 863 2853 nulla
882 2827 949 2852 sa-

209 2876 342 2926 tione,
374 2887 447 2913 sua
464 2877 621 2926 sponte,
651 2872 949 2926 provenientes.

211 2949 304 2988 opp.
324 2947 364 2973 v.
381 2946 439 2984 sq.
450 2940 543 2970 sata
555 2947 570 2981 ,-
604 2931 661 2970 sic
678 2937 719 2969 et
731 2931 801 2970 Ge.
821 2930 870 2979 ΙΙ,
884 2932 949 2971 10.

215 2997 281 3035 11.
315 2990 369 3033 14
408 2992 604 3043 Namque
631 2990 742 3028 aliae
764 3020 775 3039 ‚
826 2987 950 3027 arbo-

1001 1836 1084 1874 res,
1115 1823 1240 1861 nullis
1258 1821 1469 1860 hominum
1485 1822 1733 1875 cogentibus,

1002 1884 1118 1933 ipsae
1140 1881 1291 1932 Sponte
1309 1894 1387 1919 sua
1407 1880 1691 1921 veniunt—h.
1703 1895 1736 1921 e.

999 1951 1084 1979 non
1105 1945 1236 1990 satae3
1280 1938 1353 1977 etsi
1390 1951 1477 1977 non
1508 1939 1738 1980 affirmatur

1001 1998 1070 2050 sic,
1102 2011 1168 2037 eas
1194 1997 1358 2036 omnino
1383 1997 1498 2036 nullo
1517 2010 1570 2036 ex
1587 1998 1738 2037 semine

1001 2057 1112 2096 nasci
1123 2071 1200 2108 3—
1219 2057 1327 2094 Pars
1344 2063 1481 2094 autem
1490 2057 1627 2108 posito
1645 2072 1738 2096 sar-

999 2123 1106 2168 gzmt
1119 2115 1168 2153 de
1179 2116 1338 2153 semine.
1362 2113 1482 2153 Ovid.
1492 2114 1588 2154 Met.
1608 2115 1638 2166 I,
1654 2116 1737 2157 108

1004 2173 1054 2212 de
1076 2186 1199 2212 aurea
1218 2178 1372 2211 aetate:
1406 2173 1490 2213 Ver
1504 2181 1590 2212 erat
1607 2182 1736 2212 aeter-—

1002 2246 1121 2282 num,
1146 2231 1389 2284 placidique
1415 2230 1636 2282 tepentibus
1655 2245 1737 2270 au—

1002 2292 1058 2330 ris
1099 2288 1342 2329 Maleebant
1392 2287 1571 2342 Zephyri
1620 2297 1739 2328 natos

1002 2350 1087 2387 sine
1104 2349 1253 2386 semine
1258 2348 1402 2399 flores.

1063 2405 1131 2448 24.
1169 2405 1368 2445 Omnibus
1415 2402 1490 2444 diis
1524 2404 1737 2455 invocatis,

1004 2464 1106 2504 adeo
1126 2470 1167 2502 et
1184 2470 1254 2514 tu,
1286 2478 1309 2502 o
1325 2463 1483 2513 Caesar,
1514 2462 1620 2501 adsis
1637 2477 1739 2516 pro-

1004 2523 1148 2577 pitius,
1187 2529 1398 2573 tamquam
1426 2534 1525 2559 mox
1553 2519 1652 2560 deus
1668 2521 1739 2560 fu—

1003 2587 1125 2620 turus
1138 2610 1149 2631 ‚
1181 2592 1427 2632 quamquam
1443 2579 1647 2618 incertum
1665 2585 1738 2628 est,

1007 2640 1120 2678 cuius
1148 2637 1301 2678 ordinis
1332 2651 1382 2675 ac
1418 2636 1604 2689 generis3
1642 2636 1738 2689 qui-

1001 2708 1167 2748 cunque
1196 2702 1335 2734 tamen
1366 2694 1465 2734 deus
1491 2695 1656 2734 futurus
1683 2708 1738 2744 es,

1004 2768 1046 2795 v.
1072 2753 1148 2804 40,
1195 2753 1313 2793 adsis.
1381 2750 1464 2807 (De
1503 2752 1607 2792 Adv.
1637 2753 1739 2791 adeo

1005 2812 1091 2853 vid.
1111 2812 1162 2861 Q.
1182 2809 1230 2851 V.
1258 2811 1409 2862 XXVI,
1436 2814 1475 2853 6.
1509 2809 1623 2866 Wr.)
1670 2810 1739 2853 25.

1007 2870 1165 2910 urbisne
1191 2871 1383 2920 int-isere,
1425 2869 1596 2919 Caesar,
1642 2870 1740 2907 Ter-

1009 2942 1226 2981 rarumque
1255 2928 1356 2967 velis
1393 2941 1535 2966 curam
1551 2941 1568 2975 ;
1616 2934 1654 2964 et
1670 2946 1739 2964 -—.

1008 2987 1146 3027 Multis
1188 2986 1319 3025 modis
1354 2984 1456 3025 haec
1486 2985 1596 3024 inter
1629 2996 1671 3022 se
1700 2989 1742 3021 et
