1768 3320
116 323 288 390 Saepe
302 319 406 371 levi
421 336 679 371 somnum
693 321 941 371 suadebit
956 302 1092 372 fflire
1110 339 1352 374 susurro:

111 392 251 442 Hinc
266 390 367 467 alta
382 390 482 442 sub
497 406 636 458 rupe
653 400 808 442 canet
822 389 1108 442 frondator
1123 392 1192 443 ad
1209 411 1380 453 auras;

136 466 264 537 5²56.
300 498 554 537 susmum.

111 589 278 634 depasci3
301 588 358 624 cui
373 589 571 623 sententiae
590 589 821 624 adversantur
838 601 900 632 ea,
940 601 1031 635 quae
1054 597 1264 636 sequnntur:
1299 595 1355 634 „S
1367 604 1387 625 a
1400 603 1481 637 epe
1511 591 1633 624 levis.“

110 643 181 672 etc.
225 635 407 682 utigitur
420 636 563 682 paucis,
588 648 678 683 quae
696 635 898 681 disputavi,
921 638 1231 682 comprehendam,
1255 638 1430 673 sententia
1451 638 1540 672 haec
1561 645 1632 672 est:

47 710 53 715 .
111 683 255 727 „nima
278 695 302 717 ι
322 682 442 718 vicino
462 683 595 726 limite,
616 694 765 727 saepes,
791 695 881 729 quae
908 695 1049 729 semper
1070 685 1241 731 Hyblaeis
1274 686 1400 731 apibus
1430 685 1553 718 florem
1574 698 1634 719 sa—

107 730 187 766 listi
201 730 352 776 depasta
367 730 473 776 (est),
496 742 606 776 saepe
621 729 690 764 tibi
706 730 778 763 levi
799 731 930 776 (apum)
965 743 1108 765 susurro
1130 732 1296 766 suadebit
1327 744 1485 767 somnum
1508 731 1633 766 inire-‘⁴

107 779 158 814 lt
172 777 318 820 salicti,
341 776 439 832 quod
456 778 644 811 secundum
661 777 844 822 vulgarem
871 778 1047 812 rationem
1075 791 1095 812 e
1114 791 1192 813 voc.
1218 791 1350 827 saepes
1379 779 1539 825 pendere
1565 780 1634 813 de-

109 824 241 868 bebat,
262 831 406 870 poenae
423 824 581 859 iunctm
600 831 655 858 est
687 836 763 858 voc.
778 825 911 870 flores.
960 827 1059 868 Quae
1083 837 1187 872 quum
1211 827 1263 860 ita
1286 827 1378 869 siut,
1412 826 1546 860 nemini
1574 827 1633 860 fa-

107 872 179 908 dle
193 871 475 907 mundationem
493 872 665 916 probabit
685 871 916 917 Doeringins‚
939 871 978 906 in
996 873 1262 918 programmate
1289 886 1396 919 supra
1418 873 1512 907 laud.
1542 885 1633 918 pro-

107 918 280 966 ponitnm:
303 920 429 962 ‚,Hi0,
463 919 531 953 tibi
547 931 637 964 quae
654 927 826 966 superat,
858 931 892 954 v.
915 931 947 954 a.
976 919 1002 954 l.
1030 923 1094 955 οὐ*
1128 926 1196 954 etc.
1224 920 1347 955 addita
1374 920 1630 965 explicatione:

106 973 201 1010 „tun
219 972 352 1009 munet,
367 965 438 1000 tibi
458 977 542 1009 nou,
564 973 605 999 ut
621 965 721 1011 aliis,
747 966 903 1012 eripitur.
916 969 938 986 “
970 966 1053 1001 ooll.
1087 966 1160 1002 Ecl.
1178 968 1244 1009 IX,
1270 969 1330 1004 27.
1386 967 1501 1005 Nimis
1525 968 1631 1001 etiam

106 1020 215 1048 tame
238 1012 346 1047 illud:
370 1024 518 1059 saepes,
540 1025 630 1058 quae
661 1013 730 1046 tibi
751 1020 908 1058 superat.
955 1015 1082 1060 Neque
1115 1014 1296 1048 adsenties
1323 1014 1562 1057 Lachmanno,
1584 1015 1630 1048 ad

105 1061 271 1106 &opert-
285 1060 348 1103 Ν,
379 1061 415 1104 2,
435 1059 508 1096 29έ
536 1060 611 1105 [ΠῙ,
634 1060 687 1106 3.]
711 1060 764 1095 ita
788 1060 976 1094 scribenti:
1009 1062 1201 1103 „Verbum
1227 1061 1483 1095 substantivum
1513 1062 1549 1095 in
1568 1068 1630 1095 ta—

106 1107 199 1142 libus
219 1105 337 1142 unffi
366 1118 439 1142 uon
462 1114 607 1153 potest,
630 1107 699 1140 nisi
727 1107 779 1141 ita
806 1107 888 1150 fiat,
920 1115 959 1141 ut
995 1107 1082 1142 alibi
1106 1108 1239 1149 lateat,
1271 1115 1450 1155 tamquam
1477 1109 1513 1143 h.
1541 1108 1565 1142 l.
1592 1108 1628 1142 in

389 194 799 274 Boeotios&
838 196 1004 247 Em..
1038 198 1090 261 J,
1132 201 1358 250 55—57
1568 210 1633 256 71

105 1154 281 1201 partia-,nh
306 1153 368 1188 hic
405 1155 524 1209 (quam
551 1166 571 1188 e
597 1154 799 1188 coniectura
830 1155 915 1188 illuc
944 1154 1065 1189 intulit
1083 1155 1259 1199 Lachm).
1307 1157 1360 1189 Ita
1386 1155 1523 1190 scilieet
1538 1155 1630 1189 latet

106 1213 184 1236 mm
201 1201 239 1235 in
255 1201 376 1237 multis
393 1201 471 1235 alnis
490 1202 664 1235 bonorum
685 1202 899 1247 scriptorum
916 1202 1006 1236 locis
1019 1229 1028 1244 ,
1059 1209 1135 1236 tum
1159 1202 1197 1235 in
1225 1202 1363 1236 difficili
1390 1203 1472 1238 loco
1499 1202 1626 1248 Vin-gil.

104 1248 180 1283 Ed.
195 1249 223 1292 1,
237 1247 317 1288 54⁶²
338 1248 474 1290 Hinc,
498 1247 567 1283 tibi
582 1260 695 1295 quae,
719 1261 863 1296 semper
876 1256 943 1283 etc.
992 1251 1045 1283 Ita
1065 1261 1174 1294 cape:
1197 1250 1290 1284 Hinc
1307 1250 1425 1294 saepis
1450 1256 1517 1291 est,
1538 1262 1627 1296 quae

104 1295 172 1330 tibi
191 1308 300 1341 saepe
315 1295 388 1330 levi
404 1307 544 1330 susurro
554 1307 714 1328 somnum
732 1296 823 1329 inire
840 1296 1039 1330 suadebit.“
1070 1299 1127 1331 JV
1121 1296 1167 1339 r.)
1226 1298 1273 1334 55
1297 1298 1431 1330 salicta
1448 1297 1556 1331 Prisc.
1570 1297 1625 1330 ed.

104 1343 247 1378 Puuch.
267 1343 403 1385 laudat,
430 1343 519 1376 vitio
550 1354 750 1387 operarum.

103 1389 227 1424 Heim.
249 1390 300 1424 ad
326 1402 439 1424 aures
461 1389 624 1424 Parrhas.
654 1390 750 1434 quod
774 1389 910 1423 refellit
940 1391 1125 1424 Burmann.

101 1436 272 1482 Doering.
294 1436 357 1472 Ll.
376 1436 413 1471 iu
433 1436 493 1470 hic
522 1442 695 1470 mutatum
723 1436 855 1477 vellet;

104 1484 203 1519 culae
219 1496 272 1519 vs.
279 1481 340 1521 54.
365 1486 423 1519 W
416 1482 461 1530 r.)

103 1568 298 1617 mitanea,
337 1565 431 1621 (nisi
456 1565 572 1604 malis
588 1567 704 1604 Hine
729 1581 758 1604 a
778 1567 833 1604 Ιί-

103 1627 203 1664 mite
223 1627 378 1674 vicmo,
423 1623 466 1663 h.
491 1638 524 1663 e.
555 1623 606 1662 ab
634 1637 679 1662 ea
702 1630 832 1676 parte,

102 1696 184 1735 qua
195 1683 353 1722 vicinus
366 1683 480 1721 limes
500 1687 573 1731 est,
602 1688 652 1720 ut
662 1682 833 1721 Ouden-

102 1741 220 1794 dorp.
246 1740 301 1779 ad
315 1742 426 1780 Suet.
450 1739 550 1792 Aug.
581 1742 633 1782 91
661 1738 831 1793 monet)

101 1813 207 1852 quae
231 1813 389 1850 semper
410 1799 583 1850 depasta
608 1804 670 1837 est
681 1800 833 1850 florem

100 1857 238 1896 salicti
257 1855 426 1908 apibus,
474 1857 589 1895 cuius
612 1856 769 1906 salices,
810 1869 832 1894 e

100 1914 248 1967 quibus
262 1914 350 1967 ipsa
363 1920 526 1963 structa
539 1919 601 1952 est
612 1911 678 1968 (cf.
689 1915 832 1966 Georg.

101 1972 154 2022 ΙΙ,
184 1971 283 2014 434.
307 1971 405 2015 435.
429 1970 555 2027 436),
586 1985 741 2026 semper
758 1972 832 2010 de—

100 2036 326 2084 pascuntur
349 2030 400 2069 ab
423 2030 565 2084 apibus
592 2027 710 2084 (quas
745 2030 833 2083 epi-

100 2088 217 2127 theto
228 2088 281 2127 ad
295 2094 487 2127 ornatum
502 2089 610 2127 sacto
619 2087 832 2140 Hyblaeas

102 2161 126 2184 a
141 2152 282 2185 monte
307 2146 462 2185 Siciliae
481 2145 698 2200 appellat),
728 2160 829 2183 sua-

100 2204 207 2242 debit
224 2218 346 2255 saepe
355 2204 428 2242 tihi
439 2219 598 2242 susan-o
613 2205 696 2242 levi
708 2217 830 2256 apum

102 2258 243 2315 (καλὸν
268 2263 439 2316 βομβεῖν
465 2261 634 2301 Theocr.
669 2261 775 2299 dixit
798 2262 829 2311 Ι,

104 2323 187 2362 107
213 2326 256 2358 et
279 2320 336 2370 V,
375 2318 462 2374 46.)
494 2320 598 2359 inire
629 2333 829 2358 somnum.

100 2378 250 2417 Ultima
274 2378 472 2430 expressit
491 2377 642 2416 Auson.
661 2378 733 2429 Ep.
757 2378 828 2426 25,

103 2438 157 2477 12
185 2435 386 2488 Hyblaeis
414 2435 561 2487 apibus
583 2438 725 2486 saepes
755 2436 829 2473 de-

94 2501 222 2544 pasta
248 2501 439 2532 susm-rut.
507 2491 613 2547 (Csr.
643 2506 735 2531 eum
765 2492 829 2531 lu's

101 2552 171 2590 Ge.
187 2551 244 2601 11,
275 2550 373 2593 434.
391 2565 496 2603 sqq.:
534 2550 755 2601 „salices
772 2573 830 2579 —

102 2609 318 2648 Sufficiunt
352 2622 628 2662 saepemque
666 2608 761 2647 satis
788 2614 830 2646 et

100 2666 287 2718 pabula
310 2667 501 2706 melli.“
532 2668 670 2718 Sp.—
726 2667 830 2704 Sen-

102 2724 270 2763 tentiam
289 2723 438 2763 horum
455 2738 535 2764 vss.
547 2725 593 2763 in
608 2724 709 2771 v.,L.
726 2737 750 2761 a
766 2736 830 2762 me

101 2781 341 2834 explicatam
359 2783 551 2821 invenies
615 2783 687 2822 JV
680 2780 728 2836 r.)

160 2838 229 2881 57.
258 2840 501 2889 Ιῆυηιίαιον,
532 2840 602 2891 qui
619 2839 723 2878 vites
741 2853 829 2876 am-

101 2902 221 2948 putat
238 2903 279 2934 et
296 2897 442 2936 vitium
459 2898 554 2936 folia
566 2897 739 2949 stringit,
757 2896 830 2934 de-

103 2954 244 3007 cerpit.
271 2953 356 2993 vid.
373 2955 515 3008 Georg.
532 2955 588 3004 H,
619 2954 704 2997 365
722 2967 829 3006 seqq.

831 1344 879 1379 56
909 1342 1092 1377 suadebat
1110 1343 1219 1377 Goth.
1237 1356 1291 1388 pr.

1373 1345 1421 1379 57
1443 1345 1518 1377 alte
1540 1355 1626 1377 unus

1185 1391 1298 1435 (Hinc
1323 1401 1395 1424 non
1414 1397 1502 1433 erat,
1530 1391 1624 1435 quod

890 1437 1086 1483 respondet
1110 1449 1343 1482 praegressae
1371 1437 1487 1471 eidem
1505 1437 1623 1482 parti-

892 1566 990 1610 400.
1008 1566 1106 1609 407.
1123 1565 1220 1609 410.
1246 1566 1329 1606 Ecl.
1354 1567 1410 1616 Π,
1441 1570 1510 1609 70.
1551 1567 1621 1617 lx,

892 1627 961 1667 60.
1002 1626 1062 1663 ad
1090 1639 1236 1674 (tuma,
1265 1624 1330 1663 uti
1359 1625 1409 1663 de
1435 1625 1620 1674 clamore,

891 1696 983 1721 eum
1002 1684 1108 1721 exire
1124 1684 1169 1720 in
1184 1697 1311 1720 auras
1322 1712 1333 1731 ,
1366 1683 1457 1721 tolli
1472 1682 1532 1720 ad
1547 1697 1621 1720 ae-

890 1740 1003 1778 thera
1023 1746 1099 1779 etc.
1130 1740 1236 1779 cons.
1249 1740 1408 1790 Burm.;
1450 1739 1515 1778 alii
1532 1742 1621 1791 spi-

889 1798 1068 1836 rantibus
1083 1801 1196 1836 auris
1214 1805 1251 1835 et
1268 1806 1426 1836 aestum
1445 1798 1619 1836 levanti-

889 1855 963 1894 bus
971 1872 988 1904 ;
1028 1855 1214 1895 subtilius
1229 1856 1350 1894 etiam
1366 1856 1444 1894 alii.
1490 1854 1620 1893 Aliter

890 1914 999 1953 dicta
1021 1914 1148 1953 turris
1172 1922 1279 1952 stare
1303 1914 1364 1952 ad
1387 1928 1513 1952 auras
1540 1913 1619 1951 alte

888 1971 988 2012 Aen.
1007 1972 1072 2021 VI,
1103 1970 1200 2015 554.
1238 1971 1312 2009 sub
1329 1986 1429 2023 rupe
1444 1971 1487 2009 in
1504 1984 1617 2023 rupe,

890 2030 1037 2083 accipit
1053 2030 1190 2069 Burm.
1232 2026 1353 2083 (Male
1362 2043 1373 2079 ;
1390 2028 1461 2067 sed
1479 2028 1531 2067 ad
1547 2042 1617 2067 ra-

890 2088 1031 2137 dicem,
1045 2088 1193 2126 clivum
1209 2101 1402 2126 saxorum
1418 2099 1490 2126 seu
1497 2100 1616 2125 mon-

885 2147 991 2185 tium
1007 2159 1246 2184 saxosorum
1264 2145 1343 2184 alte
1355 2145 1615 2197 surgentium.

886 2227 945 2233 —
981 2205 1085 2242 Sane
1104 2202 1267 2254 quidem
1282 2203 1361 2242 ista
1378 2203 1512 2242 omnia
1527 2202 1615 2241 Au-

886 2267 1049 2313 gustimi
1081 2274 1257 2299 mensem
1287 2260 1524 2314 respiciunt,
1566 2265 1616 2298 ut

888 2319 1037 2358 docent
1071 2319 1248 2358 Turneb.
1289 2325 1331 2357 et
1365 2319 1479 2358 Voss.
1536 2317 1615 2356 Sed

887 2378 1044 2416 nonita
1061 2376 1164 2415 haec
1180 2377 1386 2426 dimmtur,
1406 2376 1494 2415 acsi
1505 2389 1616 2414 nunc

885 2435 1007 2485 fiant,
1038 2435 1109 2473 sed
1125 2441 1222 2474 sunt
1239 2435 1531 2473 oblectamenta
1550 2433 1614 2471 dj—

885 2493 994 2532 versi
1009 2492 1059 2530 ab
1076 2491 1158 2531 hoc
1173 2492 1366 2545 temporis
1375 2507 1387 2543 ;
1409 2493 1458 2531 cs.
1469 2492 1548 2530 Ecl.
1565 2490 1614 2539 H,

887 2549 957 2593 46.
1005 2550 1267 2603 Quapropter
1285 2550 1388 2589 haec
1403 2564 1487 2588 non
1505 2548 1614 2587 indi-

887 2614 984 2647 cant
1000 2614 1180 2661 tempus,
1208 2621 1289 2659 quo
1315 2608 1422 2646 facta
1449 2607 1502 2645 sit
1516 2605 1616 2644 haec

887 2667 1032 2718 ecloga.
1064 2664 1158 2720 Sp.)
1215 2665 1314 2704 Mox
1328 2678 1369 2704 v.
1390 2666 1446 2708 59
1459 2677 1615 2716 gemere

886 2730 1101 2763 turturum
1138 2737 1185 2761 30
1209 2723 1489 2762 columbarum
1515 2734 1614 2772 pro-

886 2782 1033 2835 prium.
1070 2796 1111 2821 v.
1131 2781 1271 2819 Cerda.
1291 2787 1333 2819 et
1351 2782 1462 2819 aeria
1480 2778 1531 2816 ab
1548 2777 1615 2814 ul-

887 2854 965 2889 mo,
995 2846 1193 2892 perpetuo
1212 2839 1405 2877 arborum
1422 2834 1611 2888 epitheto,

887 2904 936 2935 ut
954 2897 1073 2935 multi
1090 2897 1275 2945 docuere,
1305 2902 1346 2933 et
1361 2896 1615 2933 Burmannus

889 2955 942 2993 ad
960 2954 1125 2994 Anthol.
1141 2955 1212 2993 lat.
1230 2967 1317 3006 pag.
1341 2955 1433 2993 100.
1485 2945 1616 3001 (Quid
