1734 3320
201 248 304 298 442
533 247 588 298 Ρ.
626 247 992 299 VIRGILII
1025 248 1407 300 MARONIS
1436 242 1456 259 ’⁴‘

198 372 496 424 Arboribus
516 373 727 440 positiS,
765 382 912 423 secto
935 374 1018 424 via
1042 373 1212 424 limite
1240 374 1480 443 quadret.

198 445 272 495 Ut
293 460 453 511 saepe
477 443 682 509 ingenti
704 434 850 494 bello
876 461 1047 512 quum
1075 444 1236 510 longa
1261 444 1499 495 cohortis

269 543 387 590 278.
422 551 692 588 PosrrrsS.
737 528 741 535 f
802 544 919 591 279.
942 552 1126 603 SAEPE,

198 689 298 732 dam,
332 690 363 723 si
384 689 460 735 quis
480 689 569 722 mihi
596 689 834 735 persuaserit,
867 702 990 724 mmus
1012 709 1057 714 —
1088 698 1146 730 ut,
1172 692 1292 743 magiS
1308 709 1352 714 —
1375 698 1436 732 ut,
1474 702 1551 723 esse
1570 702 1642 723 non
1662 703 1726 724 so—

197 736 310 771 loeca.
358 739 451 770 Nam
472 737 567 782 apud
591 738 754 782 Propert.
772 738 800 779 Ι,
832 737 887 779 15,
912 739 948 773 7.
974 749 1043 782 sq.:
1079 738 1205 779 „Nec
1228 736 1378 770 minus
1402 737 1487 772 Eois
1514 744 1638 783 pectus
1662 750 1726 771 ra·-

198 783 298 817 diare
327 783 481 829 lapillis,
516 790 563 816 ut
586 783 760 825 formosa,
795 795 889 817 novo
921 796 1010 830 quae
1036 789 1141 829 parat
1166 783 1220 817 ire
1244 782 1341 825 viro;
1354 786 1375 803 “
1420 785 1500 818 Nec
1525 785 1648 818 minas
1672 792 1727 818 est

196 831 403 865 transeundi
428 831 598 873 formula,
634 837 671 864 et
694 831 791 864 valet
823 832 919 864 item.
968 830 1039 864 Sed
1068 831 1188 863 demus
1217 830 1287 864 hoc
1305 842 1458 886 ‘quoque
1484 831 1634 866 Vossio:
1677 839 1726 874 at,

198 891 303 925 quum
320 878 371 911 ita
388 890 535 911 necesse
557 877 622 920 sit,
654 878 693 910 in
718 878 787 911 fine
811 890 862 912 VS.
880 878 961 914 283.
982 878 1088 924 plene
1110 877 1335 923 interpungi,
1371 890 1444 912 non
1477 885 1532 912 est
1557 879 1726 912 ferendus

197 938 247 959 vs.
267 925 361 967 284„
384 925 437 959 ita
451 925 545 958 idem
563 931 730 970 repetens
748 932 990 971 praeceptum,
1017 938 1057 958 ac
1076 924 1108 958 si
1128 937 1200 958 non
1220 925 1458 970 praecesserit
1474 925 1581 960 idem.
1627 928 1725 968 Quae

197 985 303 1018 quum
320 973 372 1006 ita
392 972 484 1014 sint,
508 985 612 1005 unam
634 971 725 1006 hanc
745 972 838 1006 viam
856 972 1019 1006 relictam
1039 972 1166 1014 video,
1204 978 1244 1005 ut
1261 972 1312 1006 ita
1341 972 1431 1007 haec
1450 973 1725 1018 distinguamus:

196 1020 398 1064 indulge
433 1019 711 1062 ordinibus,
745 1032 833 1053 nec
858 1019 1017 1053 secius
1044 1019 1214 1062 omnis,
1250 1019 1297 1053 in
1320 1031 1516 1064 unguem
1541 1020 1726 1054 arbori-

197 1068 281 1101 bus
307 1066 510 1112 positis,
544 1073 673 1100 secto
703 1066 775 1101 via
798 1067 960 1101 limite
985 1067 1200 1113 quadret.
1236 1066 1260 1101 i.
1283 1078 1314 1100 e.
1346 1079 1412 1101 nec
1434 1067 1570 1109 secius,
1606 1080 1634 1102 s.
1659 1079 1725 1101 nec

195 1114 328 1156 minus,
354 1126 456 1159 quam
474 1110 652 1148 arbores
640 1126 678 1147 111
694 1126 865 1159 unguem,
904 1114 928 1148 i.
960 1127 990 1148 e.
1012 1120 1196 1156 accurate,
1230 1127 1256 1148 s.
1277 1113 1315 1147 in
1338 1114 1586 1159 quincuncem,
1622 1115 1725 1160 posi-

195 1168 275 1204 tae,
300 1162 476 1207 quadrent
499 1174 540 1196 ac
559 1162 765 1207 digerantur
784 1162 888 1195 vites.
937 1163 1062 1207 Itaque
1083 1161 1173 1195 haec
1190 1167 1245 1195 est
1263 1168 1394 1207 poetae
1416 1161 1612 1195 sententia:
1652 1173 1726 1196 non

194 1209 366 1242 minorem
384 1209 422 1242 in
440 1208 591 1252 vitibus,
628 1221 731 1254 quam
747 1209 784 1242 in
801 1209 987 1243 arboribus
999 1235 1008 1251 ,
1042 1208 1272 1254 disponendis
1297 1208 1536 1242 adhibendam
1559 1221 1636 1243 esse
1660 1222 1725 1243 cu-

194 1269 282 1290 ram.
330 1257 377 1290 Et
409 1256 602 1290 ablativum
630 1255 685 1289 rei
720 1262 946 1302 comparatae
983 1268 1060 1290 voc.
1090 1257 1210 1290 secius
1242 1255 1433 1301 adiimgere
1460 1256 1557 1290 haud
1585 1256 1725 1290 dubitat

194 1304 317 1338 Heius.
339 1303 385 1337 ad
404 1304 505 1338 Ovid.
525 1305 612 1337 Met.
631 1305 673 1345 ΙΙ,
699 1304 781 1339 809.
830 1303 945 1338 Aliam
974 1303 1103 1337 horum
1124 1304 1313 1336 verborum
1341 1303 1613 1350 explicationem
1639 1310 1724 1337 ten—

193 1352 286 1385 tavit
304 1350 369 1385 Vir
386 1352 520 1385 Doctus
545 1351 582 1385 in
601 1350 771 1385 Seebodii
790 1352 894 1385 Nova
912 1351 1003 1384 Bibl.
1024 1350 1101 1384 crit.
1125 1351 1168 1384 T.
1187 1350 1382 1384 V111.Vol.
1403 1352 1446 1384 11.
1470 1363 1505 1396 p.
1527 1352 1631 1387 1192.
1658 1363 1724 1396 sq„

194 1398 291 1433 cuius
313 1399 545 1442 sententiam,
570 1392 674 1445 quani
690 1410 763 1431 non
781 1398 867 1432 satis
885 1398 1086 1444 perspicio,
1121 1397 1271 1431 servatis
1299 1397 1408 1444 ipsius
1437 1398 1556 1432 verbis
1585 1410 1725 1444 propo—

193 1458 264 1480 no:
300 1447 479 1499 „pflanze
499 1459 585 1480 man
605 1447 664 1479 dte
682 1444 811 1479 Reben
831 1445 1144 1493 aqublia'ngen,
1183 1446 1273 1479 oder
1293 1458 1342 1479 zm
1359 1444 1724 1491 Blaclzfelde,d1'clit

196 1494 286 1528 oder
300 1472 410 1533 7weit3
434 1502 523 1540 gut,
548 1506 623 1528 nur
641 1493 744 1526 Izalte
773 1506 856 1527 man
876 1494 1020 1527 Reilzen
1049 1492 1126 1526 and
1144 1493 1231 1526 sebe
1257 1501 1321 1526 mzt
1350 1491 1441 1526 eben
1461 1493 1529 1526 der
1549 1491 1724 1539 Sorgfalt

195 1540 274 1588 aas
280 1541 351 1574 den
371 1542 533 1587 Haupt-
559 1541 637 1575 und
658 1543 901 1587 Kreuzgang:
936 1553 1013 1574 non
1034 1552 1156 1573 mznus
1171 1540 1327 1585 indulge
1351 1540 1435 1573 viae
1454 1548 1553 1574 secto
1575 1540 1723 1574 limatefl

199 1588 297 1633 Wr.)
393 1589 464 1624 278
489 1601 552 1622 sae
579 1596 616 1622 to
637 1587 765 1621 Medic.
791 1600 812 1620 a
835 1600 881 1621 m.
908 1600 962 1633 pr.
983 1587 1084 1621 Fuld.
1117 1593 1153 1619 et
1176 1587 1255 1620 cod.
1277 1586 1400 1620 Ursini
1421 1586 1459 1619 in
1485 1587 1625 1629 Servio,
1659 1586 1723 1620 sed

192 1642 291 1670 recte
309 1643 408 1669 secto
434 1635 587 1669 adstruit
607 1634 776 1680 exemplis
798 1636 914 1668 Burm.
942 1636 1081 1682 (septo,
1107 1633 1176 1676 sic,
1200 1634 1302 1680 prior
1322 1634 1452 1668 Medic.
1473 1633 1595 1668 lectio.
1626 1635 1721 1678 Wr.)

185 1681 295 1730 facto
313 1681 421 1715 Goth.
438 1695 508 1716 sec.
535 1683 586 1728 (et
604 1686 701 1716 Serv.
713 1682 840 1716 Dresd.
872 1683 968 1727 Wr.)

193 1730 264 1764 del.
298 1729 409 1775 (Eieci
426 1741 580 1772 comma,
606 1730 702 1775 quod
722 1736 799 1762 erat
817 1736 901 1775 post
921 1743 1041 1783 saepe.
1075 1731 1161 1763 Aen.
1182 1730 1210 1771 Ι,
1237 1727 1336 1764 148.:

192 1777 231 1810 in
249 1776 383 1823 populo
409 1788 543 1821 quum
567 1789 698 1843 33οΡ“
692 1789 711 1810 e
736 1783 860 1810 coorta
880 1784 935 1810 est
956 1776 1107 1811 Seditio.
1111 1779 1131 1795 ‘⁴
1164 1776 1214 1818 X,
1238 1777 1340 1812 723.;

1064 1683 1134 1717 279
1159 1682 1305 1728 ingenti
1327 1682 1367 1717 in
1388 1680 1482 1715 bello
1499 1693 1584 1715 unus
1603 1684 1722 1714 Arun—

1362 1730 1444 1771 „Ac
1462 1728 1573 1762 veluti
1592 1740 1720 1773 magno

1367 1801 1389 1819 ,‚
1402 1776 1542 1810 stabula
1558 1775 1632 1810 alta
1660 1776 1720 1809 leo

194 1837 213 1858 c
227 1836 246 1858 e
256 1836 279 1858 u
303 1836 319 1857 s
329 1836 350 1858 a
363 1835 382 1857 e
391 1836 414 1870 p
427 1836 446 1857 e
470 1827 698 1870 peragransf‘
723 1843 768 1849 —
802 1825 973 1858 cohortes
986 1823 1116 1857 Medic.
1146 1824 1203 1858 W
1197 1837 1226 1857 r
1228 1822 1241 1868 )

194 1932 317 1972 cratis
335 1930 651 1985 disputationem
669 1929 824 1982 Virgilii
839 1930 930 1969 ani—

192 2005 260 2030 mo
277 1990 468 2029 insedisse
480 1988 668 2041 Xenoph.
683 1987 830 2027 O‘econ.
843 2003 929 2042 cap.

192 2049 320 2099 XVII,
340 2050 514 2091 8—11.
574 2050 671 2089 276.
703 2048 776 2085 Sin
797 2053 929 2085 meta-

191 2107 288 2148 bere
306 2108 438 2146 solum
450 2106 609 2145 adclive
630 2106 812 2154 tumulis,
835 2105 930 2157 quia

192 2166 236 2205 in
267 2166 428 2204 tumulo
456 2164 581 2203 situm
602 2169 684 2214 est,
720 2163 771 2202 ad
787 2169 928 2203 tumu-

190 2224 278 2263 lum
310 2223 505 2275 adsurgit.
583 2225 681 2265 277.
731 2222 926 2274 Indulget

192 2282 395 2321 ordinibus
432 2287 473 2320 et
500 2281 553 2331 is,
597 2280 666 2332 qui
694 2280 927 2332 simpliciter

189 2341 287 2380 facit
306 2340 489 2389 ordines,
521 2346 562 2378 et
578 2339 630 2389 is,
662 2338 732 2390 qui
752 2338 927 2377 laxiores

192 2413 240 2437 ac
258 2398 433 2437 rariores
452 2398 573 2447 facit,
610 2396 764 2449 magnis
787 2397 926 2449 spatiis

189 2457 363 2506 relictis,
405 2462 453 2494 ut
488 2455 682 2494 delectari
711 2455 823 2508 quasi
854 2455 926 2493 iis-

191 2515 284 2554 dem
322 2513 524 2553 videatur.
595 2514 702 2551 Bene
738 2513 921 2552 Servius:

190 2574 374 2624 „ordines
397 2572 514 2626 effice
533 2573 776 2623 largioreS.“
822 2573 921 2613 277.

189 2634 288 2674 278.
321 2632 414 2669 Nec
433 2633 574 2680 secius,
595 2629 636 2668 11.
650 2630 759 2678 item,
781 2643 919 2681 porro,

190 2690 324 2739 etiam,
356 2688 560 2726 arboribus
576 2690 724 2739 positis
745 2686 802 2741 (h.
821 2687 921 2726 viti-

188 2749 286 2799 bus3
324 2746 402 2786 nisi
435 2746 485 2784 de
515 2745 730 2784 arboribus
760 2745 919 2796 cogites,

189 2807 335 2875 quibus
353 2804 600 2845 maritantur
618 2801 759 2857 vites),
792 2805 921 2840 omnis

188 2868 260 2906 via
279 2865 447 2918 quadret
475 2865 518 2900 in
538 2875 738 2913 anguem,
770 2860 823 2898 ad
840 2875 921 2898 un-

186 2937 306 2977 guem
332 2920 462 2976 (quod
488 2919 652 2973 proprie
677 2918 727 2957 de
747 2918 920 2971 superfi-

187 2983 247 3021 cie
261 2981 368 3021 laevi
387 2977 566 3033 dicitur),
594 2978 704 3027 viae,
734 2976 775 3016 h.
794 2990 827 3015 e.
850 2990 920 3014 or-

189 3041 323 3091 dines,
363 3043 505 3078 exacte
520 3035 785 3085 conveniant,
817 3048 919 3074 con-

986 1937 1136 1983 gruant
1156 1927 1248 1984 (pro
1264 1929 1455 1983 simplici,
1486 1927 1719 1984 parentur),

987 1989 1114 2027 limite
1140 1996 1243 2026 secto
1259 2019 1271 2037 ‚
1304 1988 1409 2026 linea
1435 1987 1584 2038 ducta,
1616 2001 1719 2039 quae

988 2047 1150 2090 ordines
1170 2046 1279 2085 facit.
1320 2046 1479 2085 Scilicet
1496 2046 1719 2099 posteriora

985 2105 1088 2144 haec
1098 2105 1257 2158 poetica
1267 2105 1381 2157 copia
1396 2104 1607 2144 accedunt.
1638 2106 1719 2143 Li-

987 2166 1125 2202 mitem
1145 2163 1199 2202 ad
1225 2170 1501 2203 transversam
1520 2163 1630 2202 viam
1648 2176 1718 2201 re—

983 2223 1064 2261 fert
1089 2222 1310 2271 Martinus,
1351 2221 1470 2260 nimis
1500 2220 1716 2260 subtiliter.

983 2281 1086 2319 Item
1105 2294 1190 2319 non
1209 2281 1496 2332 quincuncem,
1520 2278 1591 2318 sed
1614 2292 1717 2331 qua-

985 2339 1151 2378 dratum
1175 2338 1359 2378 ordinem
1386 2337 1530 2390 respici
1555 2343 1716 2376 monet:

984 2397 1129 2449 quodsi
1155 2410 1207 2435 ex
1223 2410 1313 2435 voc.
1343 2396 1543 2448 quadrare
1568 2395 1716 2434 ducere

981 2455 1133 2504 voluit,
1164 2461 1275 2494 recte
1300 2453 1638 2507 reprehenditur3
1667 2459 1717 2492 ut

979 2514 1081 2552 bene
1109 2514 1221 2553 Voss.
1253 2512 1307 2551 ad
1329 2511 1370 2550 h.
1390 2513 1416 2551 1.
1451 2511 1582 2551 docet.
1613 2512 1714 2551 Plin.

979 2572 1106 2620 XVII,
1138 2574 1204 2621 11,
1224 2585 1254 2609 s.
1283 2571 1335 2613 15
1375 2572 1427 2609 ln
1455 2570 1715 2621 disponendis

979 2629 1184 2668 arboribus
1225 2627 1474 2680 arbustisque
1508 2643 1560 2666 ac
1588 2629 1715 2667 vineis

979 2688 1276 2741 quincuncialis
1296 2686 1480 2724 ordinum
1498 2688 1602 2725 ratio
1626 2686 1714 2725 vul-

974 2753 1080 2797 gata
1100 2753 1137 2783 et
1150 2747 1378 2783 necessaria
1390 2775 1401 2794 ,
1435 2758 1515 2784 non
1531 2745 1715 2796 perflatu
1732 2779 1734 2783 .

978 2803 1097 2841 modo
1129 2802 1259 2852 utilis,
1290 2817 1428 2842 verum
1454 2810 1492 2840 et
1518 2802 1714 2854 adspectu

975 2869 1100 2913 grata
1114 2891 1124 2909 ,
1167 2875 1326 2913 quoquo
1363 2860 1481 2898 modo
1520 2862 1713 2909 intueare,

978 2921 1022 2957 in
1051 2919 1229 2957 ordinem
1257 2933 1298 2956 se
1322 2920 1555 2970 porrigente
1577 2931 1708 2957 versu.

1035 2979 1294 3019 279—283.
1328 2977 1445 3016 Iubet
1463 2975 1626 3015 ordines
1645 2974 1730 3023 ‘vi-A

976 3035 1080 3075 tium
1098 3048 1180 3074 esse
1191 3048 1319 3088 pares.
1358 3033 1578 3088 Splendida
1598 3046 1712 3072 com-
