1734 3320
0 336 4 351 '⁴
0 258 22 283 ‘⁴3
0 0 29 213 Ἣσᾷξῖἷῆᾞ

275 212 767 266 GEoRfflcoN
802 216 1057 281 LIB.111‚
1087 222 1376 272 163—178

1483 225 1587 273 533

62 343 169 391 Per
181 349 406 404 zenam,
443 350 498 392 et
516 333 734 392 summo
754 335 972 406 vestigia
989 341 1213 407 pulvere
1233 347 1467 409 signent:
1508 366 1511 367 ⁷

61 411 192 462 Post
210 409 389 476 valido
411 412 589 461 nitens
612 412 711 462 sub
736 410 985 479 pondere
1007 409 1216 478 faginus
1239 416 1340 463 axis

60 480 349 548 Instrepat‚
386 491 440 531 et
458 482 669 532 iunctos
691 492 841 532 temo
871 480 1046 531 trahat
1071 500 1258 534 aereus
1280 484 1437 535 orbis,

11 597 20 603 .
60 553 271 601 Interea
292 551 425 618 pubi
442 551 744 603 indomitae
769 569 882 602 non
904 553 1147 617 gramina·
1166 563 1391 617 tantum,

58 624 172 672 Nec
234 637 414 672 vescas
480 621 701 672 salicum
755 622 982 673 frondes
1003 664 1017 687 ‚
1086 624 1378 692 ulvamque
1434 623 1585 690 palu-

61 760 171 811 Sed
191 758 464 812 frumenta
483 779 650 812 manu
674 779 834 830 carpe

835 780 859 812 s
882 772 1003 815 sata.
1059 766 1173 815 Nec
1192 764 1290 813 tibi
1311 762 1468 827 fetae,

854 701 1037 757 strem‚

1487 697 1585 788 1⁷2⁵

57 833 214 881 More
245 840 485 899 patrum,
523 833 676 882 nivea
714 832 1002 900 inplebunt
1036 833 1344 884 mulctraria
1380 850 1583 898 vaccae,

59 901 171 952 Sed
189 910 303 952 tota
325 903 382 952 in
407 902 578 953 dulcis
602 913 926 954 consument
943 903 1112 954 ubera
1132 913 1301 957 natos,

104 1021 171 1056 171
197 1008 339 1055 summa
357 1022 526 1056 Rottend.
546 1021 647 1056 alter.
680 1023 835 1069 algnant
852 1022 1021 1056 Rottend.
1040 1029 1122 1056 tert.
1144 1028 1182 1055 et
1198 1021 1345 1056 Mentel.
1364 1033 1420 1067 pr.

594 1070 663 1105 173
686 1071 876 1117 171-strepet
893 1069 1004 1103 Goth.
1027 1081 1098 1103 sec.
1148 1078 1247 1103 terat
1265 1069 1338 1103 Erf.
1386 1070 1531 1102 vinctos
1548 1076 1585 1102 et

56 1067 257 1113 validoque
275 1061 337 1101 alt.
356 1070 496 1113 Menag.

57 1112 159 1148 orbis
184 1114 344 1148 nonnulli
371 1116 466 1160 apud
486 1110 655 1150 Pierium.
700 1115 821 1161 (orbes
847 1117 976 1150 Medic.
1010 1116 1106 1160 lVr.)

1516 1022 1584 1057 172

1204 1117 1270 1152 175
1296 1116 1382 1150 Νοη
1412 1115 1473 1149 alt.
1490 1116 1584 1149 Rot-

54 1161 155 1195 tend.
200 1163 504 1196 vescaevmentel.
534 1170 618 1197 tert.
678 1164 883 1209 silvamque
914 1165 1015 1198 Rom.
1044 1163 1172 1204 Pierii,
1207 1164 1370 1197 Parthas.
1406 1162 1443 1195 in
1471 1174 1582 1207 marg.

56 1207 238 1254 ulva-sque
252 1208 379 1254 fragm.
403 1210 517 1244 Vatic.
535 1223 556 1244 a
574 1223 619 1243 m.
637 1223 690 1256 pr.

786 1211 855 1245 176
879 1211 958 1244 Nec
976 1209 1039 1244 ubi
1061 1212 1190 1244 Moret.
1215 1222 1282 1253 pr.,

1319 1210 1414 1255 quod
1434 1209 1580 1243 Heinsio

53 1253 240 1300 placebat,
264 1263 302 1289 ut
319 1264 413 1290 esset
433 1256 585 1299 necubi,
610 1269 676 1302 pro
697 1269 743 1290 ne
765 1257 905 1292 alicubi.
953 1258 1084 1292 Lucan.
1106 1258 1183 1298 Ix,
1208 1258 1299 1293 1058
1330 1256 1475 1291 Necubi
1490 1269 1583 1303 sup-

49 1314 208 1348 pressus

260 1311 366 1337 erent
389 1316 517 1350 gener.
564 1308 611 1338 At
639 1304 818 1350 sequitur,
851 1304 1064 1352 implebunt.

1162 1306 1230 1340 177
1254 1304 1472 1337 mulctraria
1491 1315 1582 1337 con-

52 1348 148 1384 fessa
174 1360 216 1384 co
246 1349 335 1384 'cum
362 1349 483 1385 lectio.
531 1352 720 1398 malgario
750 1352 909 1385 nonnulli
939 1351 1111 1393 Pieriani,
1147 1351 1233 1385 item
1259 1351 1354 1398 apud
1379 1350 1581 1396 Philargyr-

54 1402 92 1430 et
108 1395 283 1439 Nonium,
318 1409 386 1444 qua
410 1398 524 1432 forma
558 1406 594 1432 et
615 1399 778 1444 Valgium
809 1399 893 1432 olim
919 1411 1017 1432 usum
1043 1398 1153 1432 fuisse
1183 1405 1310 1432 notant
1339 1397 1579 1431 Grammatici.

51 1442 109 1478 Ad
128 1443 344 1478 communem
363 1445 552 1491 lectionem
575 1446 711 1480 accedit
731 1446 881 1487 aliorum
898 1447 1089 1491 scriptura:
1115 1446 1346 1487 mulctralia,
1371 1445 1579 1486 multralia,

52 1490 271 1534 mulctatio,
303 1499 340 1526 ut
359 1492 406 1526 .in
438 1493 561 1538 fragm.
580 1493 697 1527 Vatic.
718 1505 738 1526 a
757 1506 801 1526 m.
822 1506 874 1539 pr.
900 1494 1121 1535 mulctraria,
1145 1494 1361 1533 mulctat-ia,
1388 1499 1425 1524 ut
1443 1491 1479 1524 in
1498 1492 1580 1524 Me-

5 1553 12 1556 ·
53 1537 122 1572 dic.
142 1549 164 1572 ι
189 1551 245 1585 pr.
271 1552 337 1582 m.,
370 1540 557 1573 multat-ia.

658 1541 724 1576 178
749 1543 798 1574 Et
824 1541 949 1585 fragm.
983 1540 1099 1574 Vatic-
1150 1547 1371 1574 consumant
1396 1538 1525 1572 Medic.
1559 1551 1580 1572 a

193 1587 263 1631 (est
281 1598 323 1620 ea
341 1587 442 1632 prior
460 1587 582 1621 lectio.
614 1590 671 1622 W
665 1588 710 1632 t.)
758 1596 981 1622 consumunt
999 1587 1170 1621 Rottend.
1195 1593 1282 1620 tert.
1330 1594 1580 1620 consumment

51 1597 322 1678 'diffidam
338 1635 435 1668 Med.
465 1635 563 1680 Wr.)

49 1715 180 1755 rebat.
210 1713 361 1770 (apsis,
393 1717 479 1757 vid.
501 1718 553 1767 Q.
573 1718 623 1758 V.
641 1716 786 1768 XVIII,

49 1776 91 1824 2,
110 1769 151 1813 0.
182 1773 303 1829 W'r.)
366 1778 461 1818 170.
490 1785 602 1815 rotae
626 1778 783 1826 inanes,

49 1845 181 1871 vacua
210 1833 392 1886 plaustra
412 1865 423 1885 ‚
471 1849 648 1887 quorum
687 1848 786 1873 mox

49 1890 223 1943 vestigia
234 1891 410 1946 intellige
431 1893 576 1932 leviter
595 1906 785 1946 expressa

49 1948 92 1987 in
142 1949 312 2002 pulvere
338 1980 351 2000 ‚
390 1951 495 2003 *quia
534 1951 640 1990 levia
678 1957 784 1990 sunt.

52 2009 148 2049 172.
194 2007 377 2047 Tandem
412 2009 594 2063 plaustro
625 2008 785 2061 ponde-

47 2078 144 2103 roso
177 2071 221 2103 et
256 2073 402 2105 onusto
434 2067 669 2119 iungantur.
729 2066 786 2104 At

49 2136 171 2174 quam
198 2131 342 2162 ornate
368 2123 449 2163 hoc
478 2126 648 2164 extulit!
686 2124 785 2163 Pars

49 2194 101 2219 ex
119 2180 288 2221 Homeri
306 2182 376 2220 illo
396 2182 508 2221 Iliad.
521 2198 552 2233 ε,
568 2184 653 2225 838
684 2182 785 2236 μέγα

50 2235 94 2280 δ’
113 2239 258 2293 ἔβραχε
285 2238 462 2295 φήγινος
490 2238 622 2290 ἄξων,
652 2253 783 2279 versa.

47 2305 152 2335 temo
182 2297 342 2348 aereus,
374 2312 489 2348 aere,
520 2312 630 2338 nunc
658 2299 780 2348 ferro,

46 2354 259 2401 firmatus..
278 2359 406 2395 iuncti
421 2357 530 2395 orbes
544 2387 556 2407 ‚
589 2362 717 2407 rotae,
737 2355 780 2395 h.

48 2427 216 2465 currus,
247 2415 314 2454 cui
335 2422 442 2454 temo
460 2415 624 2460 iunctus
641 2421 713 2454 est.

109 2471 205 2514 174.
225 2473 331 2525 pubi
356 2474 597 2522 indomisae,
639 2473 782 2512 vitulis

46 2530 232 2569 nondum
259 2531 433 2581 domitis,
465 2531 595 2570 donec
612 2531 783 2570 domen—

46 2594 131 2628 tur.
192 2590 289 2632 175.
317 2605 457 2629 vescas
476 2590 783 2642 saliczcmsron-

46 2647 117 2685 des
132 2677 144 2696 ,
177 2647 314 2698 exiles,
334 2655 488 2698 tenues,
518 2662 665 2701 parum
688 2662 784 2687 suc-

48 2718 173 2744 cosas.
209 2710 371 2745 §escum
396 2722 588 2758 papaver
612 2707 682 2746 Ge.
715 2706 781 2756 IV,

50 2765 156 2814 131,
195 2777 324 2815 parva
355 2778 480 2816 grana
517 2764 691 2814 habens,
733 2770 782 2802 ut

47 2820 143 2859 satis
173 2820 346 2860 docuere
369 2823 449 2861 viri
478 2823 607 2872 docti,
639 2829 680 2861 et
700 2822 781 2861 iam

45 2877 267 2931 Philargyr.
293 2879 333 2918 h.
351 2880 378 2918 l.
409 2881 529 2929 ulva,
559 2880 709 2919 herbae
733 2894 781 2919 ac

47 2937 191 2975 calami
230 2937 421 2990 palustris
450 2951 597 2990 genus,
639 2939 779 2978 eadem

47 3008 141 3034 cum
171 2995 300 3047 typluz
331 3001 470 3034 nostra
507 2994 694 3036 habetur.
729 2997 777 3035 cs.

842 1717 1006 1757 Martin.
1077 1720 1174 1760 176.
1215 1716 1298 1755 Sed
1330 1716 1452 1755 etiam
1475 1715 1578 1767 sru-

842 1785 979 1815 menta
999 1784 1092 1814 sala
1106 1806 1117 1824 ‚
1146 1774 1294 1813 herbas
1316 1774 1495 1813 novellae
1513 1786 1577 1811 se-

841 1835 954 1888 getis.
984 1833 1068 1873 vid.
1085 1834 1216 1873 Varro
1237 1833 1285 1871 R.
1305 1833 1353 1871 R.
1377 1832 1424 1881 11,
1449 1832 1489 1881 5,
1512 1834 1578 1873 17.

903 1896 985 1935 176
1011 1914 1071 1922 —
1099 1893 1195 1933 178.
1244 1891 1510 1943 Praeceptum
1553 1903 1577 1927 a

840 1951 979 1989 multis
994 1950 1199 1989 veteribus
1216 1955 1259 1988 et
1274 1947 1577 1997 recentioribus,

842 2023 936 2047 cum
966 2008 1016 2046 de
1045 2008 1217 2057 bovillo,
1258 2013 1348 2046 tum
1378 2006 1428 2044 de
1453 2006 1576 2045 ovillo

841 2079 983 2118 genere
998 2066 1232 2118 repetitum.
1250 2065 1300 2103 cf.
1323 2065 1452 2103 Varro
1469 2064 1519 2112 R.
1527 2064 1576 2103 R.

841 2124 890 2174 II,
907 2127 948 2173 2,
973 2127 1036 2165 17.
1069 2124 1224 2162 Colum.
1245 2122 1330 2171 VII,
1350 2121 1392 2169 4,
1410 2125 1448 2163 3.
1467 2122 1576 2160 Geo—

840 2196 935 2235 pon.
969 2181 1119 2230 XVIII,
1151 2183 1176 2222 3
1203 2186 1306 2219 extr.
1364 2180 1416 2218 Et
1445 2178 1576 2231 pulcri

840 2253 982 2279 versus
1009 2239 1216 2292 Calpurnii
1244 2237 1325 2276 Eel.
1347 2237 1395 2287 V,
1419 2239 1473 2278 36
1494 2236 1575 2275 iam

840 2299 890 2336 ab
929 2298 1014 2335 aliis
1047 2297 1230 2336 laudati:
1270 2298 1400 2334 Parce
1440 2303 1574 2332 tamen

827 2357 958 2410 ]ὲζιζς;
990 2369 1063 2394 nee
1084 2357 1165 2394 sint
1191 2354 1433 2406 compendia
1453 2354 1572 2402 tanti,

839 2416 1037 2454 Destruat
1063 2422 1108 2451 ut
1142 2415 1280 2451 niveos
1316 2411 1470 2450 venalis
1498 2425 1573 2448 ca-

840 2487 930 2511 seus
948 2486 1079 2524 agnos
1088 2487 1104 2519 ;
1123 2472 1242 2510 ivam
1260 2469 1336 2508 tibi
1348 2470 1572 2521 praecipuo

827 2531 974 2582 fitur-a
1018 2530 1178 2568 colatur
1220 2542 1370 2567 amore.
1444 2525 1573 2564 Addit

840 2603 947 2626 more
980 2596 1176 2639 patrum,
1235 2585 1347 2638 quod
1390 2584 1572 2623 solebant

842 2647 1014 2685 maiores
1041 2646 1196 2694 faeere,
1233 2643 1354 2697 prisci
1373 2643 1571 2696 patresfa—

839 2705 968 2743 milias
990 2709 1029 2742 et
1063 2703 1271 2756 agricolae.
1328 2700 1570 2752 Ambiguum

840 2763 1003 2815 quidem
1039 2775 1112 2815 per
1149 2762 1276 2801 verba
1313 2766 1392 2808 est,
1430 2764 1569 2796 utrum

837 2821 1026 2870 fecerint3
1057 2834 1108 2859 ex
1127 2821 1309 2858 Varrone
1338 2823 1475 2854 tamen
1495 2828 1568 2866 ap-

837 2886 955 2932 paret
984 2878 1232 2931 probabilius
1268 2888 1348 2913 esse
1384 2874 1567 2920 alterum,

836 2937 1033 2976 matribus
1065 2937 1161 2975 olim
1203 2931 1418 2984 mulgendo
1447 2930 1568 2969 fuisse

834 2997 899 3034 lac
927 2995 1187 3034 subductum.
1228 2989 1296 3045 (et
1326 2989 1407 3029 hoc
1433 2988 1568 3028 dicere
