1768 3320
154 227 259 276 296

155 348 430 402 Continuo
453 347 549 398 has
566 346 714 413 leges
734 355 1062 414 aeternaque
1089 342 1315 395 foedera
1338 344 1494 395 certis

470 223 526 271 P.
570 220 938 273 VIRGILII
988 218 1368 269 MARONIS

153 419 401 488 Inposuit
417 427 606 470 natura
626 418 757 468 locis
773 459 786 482 ‚
825 433 935 485 quo
955 425 1207 483 tempore
1228 415 1468 484 primum

154 488 453 543 Deucalion
476 505 706 539 vacuum
725 488 932 556 lapides
954 487 1163 537 iactavit
1186 486 1241 536 in
1264 485 1477 548 orbem,

155 560 317 614 Unde
369 560 625 610 homines
675 559 786 609 nati
807 600 820 623 ‚
883 558 1083 609 durum
1128 572 1312 622 genus,

82 752 85 754 ,
154 701 360 766 Pingue
380 700 560 751 solum
580 699 769 767 primis
794 697 1063 765 extemplo
1088 714 1116 747 a
1134 694 1415 746 mensibus
1439 695 1564 745 anni

153 774 344 822 Fortes
364 772 630 822 invertant
655 769 819 833 tauri,
856 767 1149 835 glebasque
1170 765 1388 816 iacentis

153 841 533 892 Pulverulenta
556 848 753 908 coquat
776 839 1000 889 maturis
1023 837 1226 888 solibus
1249 844 1439 886 aestas:

154 916 223 964 At
248 913 290 962 si
313 929 428 962 non
450 910 617 962 fuerit
642 909 803 961 tellus
824 907 1085 974 fecunda,
1124 906 1223 958 sub
1247 906 1427 974 ipsum

224 1012 306 1060 66.
341 1021 551 1058 AESTAS.
625 1010 706 1058 67.
729 1007 808 1055 AT
819 1044 833 1067 ‚

200 1126 244 1162 61
271 1125 367 1160 Nam
386 1126 513 1172 posuit
528 1122 673 1157 Mentel.
692 1121 795 1167 prior
811 1133 832 1155 a
846 1133 893 1159 m.
912 1132 967 1166 pr.
1013 1121 1160 1168 primus
1180 1119 1289 1154 Goth.
1307 1130 1378 1153 sec.

153 1184 312 1206 vacuum
326 1173 428 1206 Leid.
452 1179 487 1206 et
503 1172 632 1205 Moret.
653 1182 753 1203 unus.
787 1181 926 1203 vanum
946 1169 1053 1202 Voss.
1075 1179 1131 1212 pr.

314 1221 361 1256 65
384 1221 583 1254 invertant
609 1217 787 1263 scriptura
808 1228 827 1250 e
844 1215 974 1250 Medic.
1022 1215 1156 1248 Verum
1182 1214 1212 1247 si
1232 1214 1312 1248 hic:
1345 1225 1406 1247 cur
1431 1222 1505 1246 non
1532 1210 1692 1257 ubique?

153 1226 219 1253 ret.

1619 349 1687 397 60

1062 624 1063 630 ¹
1393 558 1538 622 Ergo
1576 570 1688 621 age,

942 636 1119 678 terrae

1621 766 1689 818 65

1474 1118 1523 1154 62
1545 1116 1714 1164 lapides>

1227 1165 1275 1203 64
1299 1179 1323 1200 a
1342 1165 1445 1200 deest
1460 1165 1586 1211 fragm.
1605 1164 1691 1197 Mo-

155 1273 192 1300 et
211 1267 241 1300 si
267 1278 309 1300 ex
332 1267 410 1301 solo
430 1266 566 1300 aurium
588 1265 739 1299 iudicio:
773 1263 851 1310 quis
870 1263 941 1297 hoc
966 1262 1036 1296 sibi
1064 1268 1210 1307 arroget
1235 1262 1272 1295 in
1290 1261 1430 1306 lingua,
1463 1258 1559 1294 cuius
1580 1270 1690 1293 sonos

153 1326 194 1347 ac
210 1326 375 1348 numeros
395 1326 461 1348 nos
483 1314 586 1347 nobis
607 1312 769 1358 fingimus
788 1337 797 1354 ‚
831 1311 929 1345 haud
949 1309 1136 1344 callemus!
1186 1310 1404 1355 (invortant
1424 1307 1564 1353 recepit
1582 1308 1689 1341 Voss.
1763 1329 1768 1350 3

153 1361 224 1395 Sed
243 1374 262 1394 e
282 1361 320 1396 in
339 1362 468 1396 Medic.
487 1374 593 1406 supra
612 1359 769 1406 appicta.
818 1360 910 1392 Tum
931 1358 1120 1391 admodum
1141 1364 1195 1390 est
1213 1355 1414 1402 probabile,
1438 1363 1562 1388 sonum
1579 1364 1690 1400 prae-

154 1408 269 1453 gressi
285 1421 363 1443 voc.
376 1408 504 1456 forte-s·
524 1407 662 1442 librarii
688 1407 831 1441 auribus
855 1406 1080 1440 obversatum
1103 1416 1190 1438 esse.
1239 1406 1413 1438 Iac-entes
1429 1402 1560 1436 Medic}
1591 1401 1688 1446 lVr.)

152 1457 200 1492 66
223 1458 381 1490 maturis
398 1455 582 1503 frugibus
609 1455 701 1489 Pier.
730 1466 749 1487 e
778 1455 905 1496 Rom.,
938 1453 1004 1487 sed
1028 1452 1208 1496 vulgatam
1232 1450 1393 1485 defendit
1414 1451 1533 1484 Burm.
1559 1448 1618 1485 vel
1635 1461 1690 1490 ‚ex

154 1502 268 1537 Gratii
287 1504 420 1549 Cyneg.
440 1504 496 1540 85.

154 1623 246 1649 cum
281 1609 535 1650 Wernsdorf.
576 1609 630 1649 ad
668 1609 892 1648 Nemesian.

151 1683 191 1722 p.
211 1668 309 1712 265.

220 1729 286 1769 60.
327 1726 538 1765 Continuo.
600 1725 762 1765 Vocant
809 1724 894 1764 huc

152 1784 234 1824 viri
270 1784 380 1824 docti
418 1798 539 1823 usum
573 1784 687 1824 vocis
726 1796 893 1836 graecae

153 1838 301 1884 αὐτίκα
319 1874 330 1894 ,
374 1843 486 1894 quod
519 1843 564 1881 in
597 1855 893 1881 commemora-

152 1901 276 1939 tionis
304 1901 473 1940 exordio
507 1901 698 1953 ponitur,
751 1906 793 1939 et
817 1913 892 1954 per

153 1960 330 2010 exempli
375 1961 517 2011 gratia
565 1959 685 1998 reddi
726 1964 892 2012 potest:

153 2017 312 2070 copiose
339 2017 389 2055 de
409 2031 455 2056 eo
475 2022 611 2057 actum
630 2017 679 2056 ab
701 2017 891 2056 Ernestio

153 2075 207 2113 ad
229 2075 419 2128 Xenoph.
445 2075 565 2116 Mem.
587 2076 655 2126 IV,
674 2078 714 2125 7,
735 2078 776 2117 2.
796 2075 893 2114 Cal-

152 2133 234 2173 lim.
260 2134 291 2184 Ι,
311 2136 378 2176 76.
409 2133 577 2173 Ruhnk.
607 2134 660 2173 ad
683 2133 891 2172 Timaeum

151 2205 192 2244 p.
213 2191 281 2233 41.
312 2192 441 2232 Koen.
461 2192 514 2232 ad
540 2193 707 2245 Gregor.
724 2206 764 2244 p.
794 2190 889 2234 194.

153 2250 314 2288 Scilicet
349 2263 415 2289 res
442 2250 502 2290 ita
538 2250 784 2290 illustranda
817 2256 890 2300 est,

152 2313 201 2347 ut
249 2308 363 2360 quasi
398 2309 554 2348 dictum
585 2309 807 2348 'videaturz
847 2315 892 2346 ut

152 2367 291 2405 statim
324 2366 401 2404 hoe
439 2368 621 2418 exemplo
664 2375 760 2405 utar
778 2396 789 2416 ‚
848 2374 892 2404 at

153 2426 292 2463 statim
307 2424 383 2463 hoe
403 2439 718 2464 commemorem.
765 2423 892 2476 Atqui

152 2481 254 2521 haec
275 2483 409 2522 omnia
439 2483 569 2521 aliena
597 2483 647 2522 ab
670 2482 712 2522 h.
732 2482 759 2521 l.
797 2482 894 2521 Ete-

153 2540 240 2580 nim
262 2540 567 2580 concluduntur
588 2541 822 2594 superiora3
853 2546 894 2579 et

154 2604 215 2638 est
235 2629 246 2649 ‚
299 2598 410 2651 quod
452 2600 675 2638 sententiae
718 2598 893 2637 docent:

139 2658 289 2710 *statim
309 2671 332 2694 a
353 2670 492 2695 rerum
526 2657 655 2696 initio.
715 2656 798 2695 Nec
813 2656 894 2695 mi-

153 2728 231 2754 nus
264 2714 394 2753 aliena
417 2720 479 2753 est
505 2715 576 2754 illa
608 2714 893 2754 observatiun—

155 2773 247 2812 cula
267 2773 317 2812 ab
335 2772 557 2829 alfislocis,
588 2779 637 2811 ut
661 2773 731 2812 Ge.
749 2773 780 2821 I,
797 2774 892 2814 169.

154 2831 251 2874 356.
281 2831 359 2882 HI,
384 2831 454 2874 75.
486 2831 553 2881 IV,
578 2829 676 2874 254.
735 2829 893 2881 Ubique

153 2889 310 2928 videbis
331 2901 435 2940 esse,
466 2889 678 2942 principio.
737 2888 784 2927 In
805 2887 891 2926 aliis

153 2947 252 2986 locis
275 2953 361 2998 est,
392 2947 595 3000 extemplo
614 2977 624 2997 ‚
666 2946 889 2995 confestim,

157 3007 344 3059 συνεχῶς.
387 3005 465 3045 has
489 3006 621 3058 leges,
662 3010 711 3044 ut
743 3004 888 3056 cuique

592 1504 638 1541 67
659 1505 710 1536 Et
729 1502 763 1536 si
778 1501 942 1546 Longob.
989 1502 1068 1535 Aut
1088 1498 1199 1534 Goth.
1216 1497 1289 1533 sec.

950 1614 1087 1648 terrae
1118 1619 1237 1646 suum
1266 1604 1474 1659 ingenium
1488 1634 1499 1655 ‚
1531 1613 1604 1643 sua
1618 1616 1690 1643 ra-

950 1667 1011 1707 tio
1042 1665 1202 1706 colendi
1232 1665 1305 1717 sit²
1338 1677 1404 1703 eas
1424 1669 1576 1702 natura
1610 1662 1691 1702 im-

949 1725 1088 1779 posuit
1107 1723 1247 1763 statim
1266 1729 1369 1773 tum,
1400 1735 1494 1761 cum
1512 1722 1690 1774 primum

951 1790 1027 1823 etc.
1045 1782 1222 1836 foedera
1255 1780 1296 1820 h.
1332 1781 1359 1820 l.
1411 1779 1688 1829 conditiones,

948 1842 1077 1894 leges,
1108 1846 1157 1880 ut
1178 1839 1276 1879 Aen.
1292 1839 1322 1890 Ι,
1353 1842 1408 1881 66
1432 1844 1474 1877 et
1491 1838 1541 1876 al.

1010 1902 1078 1943 63.
1091 1901 1204 1952 Ergo
1223 1912 1316 1951 age,
1337 1905 1426 1935 terr.
1443 1896 1550 1935 refer
1566 1895 1618 1934 ad
1627 1909 1688 1934 VS.

950 1957 1006 2000 43
1036 1959 1141 1998 Vere
1165 1971 1284 1996 novo.
1336 1955 1472 1994 Primo
1494 1967 1589 1994 vere
1607 1967 1689 1992 esse

951 2016 1152 2055 arandum
1183 2015 1252 2054 ait.
1293 2014 1378 2054 vid.
1406 2013 1507 2052 Plin.
1544 2012 1688 2062 XVHI,

949 2078 1021 2124 26,
1043 2088 1073 2113 S.
1094 2073 1165 2123 65,
1191 2076 1229 2116 2.
1253 2073 1408 2112 Colum.
1425 2071 1475 2122 II,
1496 2069 1536 2112 4.
1562 2075 1689 2109 terrae

950 2133 1104 2181 solam,
1142 2134 1219 2186 γῆς
1245 2130 1384 2172 πέδον,
1447 2128 1516 2172 66.
1549 2137 1689 2167 matw-

948 2193 1004 2230 ris
1022 2189 1193 2240 solibus,
1234 2190 1368 2229 calore
1399 2187 1575 2226 aestatis.
1619 2186 1692 2225 Sol

949 2257 1134 2287 mataras
1177 2247 1341 2288 adultae
1381 2246 1567 2296 aestatis,
1606 2258 1688 2296 quo

949 2312 1231 2346 maturescunt
1242 2307 1387 2359 fruges,
1403 2311 1552 2358 coquat
1563 2303 1689 2342 adeo-

950 2379 1029 2418 que
1068 2365 1288 2404 rarefaciat
1305 2395 1316 2415 ,
1363 2369 1414 2403 ut.
1452 2358 1603 2401 salibus
1637 2374 1690 2399 ex

951 2437 1043 2462 aere
1075 2423 1318 2463 imbibendis
1344 2422 1476 2462 solum
1494 2420 1689 2459 idoneum

951 2484 1014 2521 sit.
1058 2481 1128 2521 Ge.
1156 2482 1212 2533 H,
1245 2481 1331 2525 259
1375 2489 1522 2519 terram
1561 2478 1688 2516 multo

951 2548 1045 2579 ante
1091 2548 1287 2578 memento
1329 2550 1559 2590 excoquere.
1614 2535 1688 2576 ubi

951 2598 1035 2638 vid.
1058 2597 1151 2636 Not.

1010 2658 1078 2697 67.
1110 2657 1149 2693 si
1167 2669 1247 2693 non
1255 2653 1390 2706 suerit
1408 2652 1687 2703 tellusfeczm-

951 2712 1031 2762 da,
1067 2711 1110 2751 h.
1148 2712 1181 2751 si
1199 2710 1201 2712 ’
1221 2711 1358 2751 tenuis
1376 2741 1387 2761 ‚
1426 2711 1460 2750 si
1499 2710 1687 2763 gracilis:

950 2770 1247 2823 interpretatur
1280 2769 1417 2808 locum
1445 2769 1602 2808 Colum.
1637 2767 1686 2818 ΙΙ,
1747 2804 1754 2807 „

950 2826 979 2870 4
1001 2834 1105 2868 extr.
1138 2828 1188 2867 de
1216 2828 1305 2881 ipsa
1326 2841 1375 2867 re
1405 2827 1487 2880 agit
1509 2826 1687 2867 Dickson

950 2886 996 2925 Τ.
1025 2886 1065 2937 Ι,
1098 2900 1137 2939 p.
1157 2885 1254 2928 469.
1290 2891 1331 2925 et
1361 2885 1411 2924 de
1439 2900 1519 2926 vss.
1549 2888 1604 2928 63
1627 2897 1684 2936 sq.

947 2943 1056 2983 idem
1082 2958 1122 2997 p.
1145 2942 1230 2986 480
1253 2957 1310 2996 sq.
1341 2943 1415 2982 sub
1440 2945 1577 2996 ipsum
1599 2942 1684 2982 Ar-

947 3010 1104 3041 cturum
1119 3018 1131 3040 .-
1165 3002 1318 3042 Colum.
1338 3002 1410 3052 XI,
1428 3004 1469 3052 2,
1488 3004 1544 3044 68
1574 3002 1683 3041 Non.
