1734 3320
143 212 247 261 392

480 210 536 260 P.
572 209 928 260 VIRGILII
963 210 1339 262 MARONIS

141 335 448 423 Hactenus
474 386 727 420 arvorum
751 370 923 421 cultus
951 379 1004 422 et
1027 370 1203 422 sidera
1228 371 1391 434 coeli3

140 455 296 504 Nunc
315 460 395 516 te,
432 451 666 517 Bacche,
699 469 911 518 canam,
947 469 1050 502 nec
1079 470 1192 503 non
1214 453 1470 504 silvestria
1489 463 1673 507 tecum

140 521 403 588 Virgulta,
444 531 497 572 et
519 521 735 590 prolem
760 523 914 573 tarde
944 524 1230 574 crescentis
1260 523 1443 577 olivae.

139 595 282 655 Eue,
320 601 473 659 pater
496 609 528 642 o
553 595 795 655 Lenaee3
833 593 936 643 tuis
960 592 1048 643 hic
1075 594 1257 643 omnia
1282 593 1443 661 plena

139 662 482 723 Muneribus3
518 662 615 712 tibi
637 663 931 731 pampineo
955 663 1202 728 gravidus
1229 672 1521 714 auctumno
1638 666 1671 717 5

187 782 207 816 1
231 781 365 814 Deerat
381 779 442 814 hic
460 791 581 814 versus
599 779 636 812 in
656 779 814 823 zulich„
848 779 986 814 scilicet
1003 787 1042 814 ut
1062 793 1170 826 saepe
1188 780 1294 826 primi
1311 793 1452 826 versus,
1477 794 1497 816 a
1517 781 1685 828 chrysoae

139 827 285 873 graphis
312 826 511 873 supplendi.
558 830 589 861 A
606 826 795 861 Gesnero'
784 839 821 860 m
841 827 1026 861 Thesauro
1048 828 1119 862 LL.
1145 840 1222 862 voc.
1246 829 1430 864 hactenus
1456 829 1552 863 inter
1578 829 1670 873 loca,

140 875 265 921 quibus
291 874 380 908 illud
407 873 610 908 adverbium
638 874 810 928 temporis
836 886 914 908 esse
936 874 1112 909 interdum
1134 874 1248 908 videri
1276 875 1412 922 possit,
1445 876 1588 911 affertur
1610 876 1671 911 hic

137 934 256 956 versus
275 929 308 955 et
327 921 529 955 subiicitur:

565 920 666 963 „Sed
686 921 819 967 primus
837 933 959 955 versus
990 922 1091 956 abest
1111 922 1217 967 plane
1243 922 1281 956 in
1297 924 1402 958 MS.“

1451 925 1585 959 Verum
1604 936 1671 958 co-

139 970 208 1003 dex
225 969 286 1002 ille
304 968 494 1002 Zulichem.
511 968 549 1000 in
565 947 719 1011 Virgilio
737 975 857 1002 tantae
876 968 1092 1004 auctoritatis
1110 981 1183 1003 non
1203 975 1268 1004 est.
1303 971 1394 1004 Tum
1409 982 1495 1005 vero
1513 971 1550 1005 in
1568 978 1670 1006 utra-

139 1029 206 1062 que
233 1016 354 1061 lingua
383 1014 554 1049 adverbia
580 1014 653 1050 loci
678 1021 716 1049 et
741 1016 914 1061 temporis
938 1015 1033 1050 iuter
1054 1029 1092 1051 se
1113 1023 1367 1062 permutantur.
1415 1018 1510 1063 Ergo
1532 1025 1566 1053 et
1588 1018 1669 1053 h.1.

138 1066 332 1097 Hactenus
352 1070 387 1096 et
406 1062 519 1097 Nunc·
537 1061 685 1108 proprie
713 1062 832 1109 posita
861 1069 943 1097 sunt
970 1063 1135 1098 deloco:
1169 1076 1290 1098 verum
1315 1065 1488 1120 temporis
1507 1065 1610 1100 notio
1636 1066 1670 1099 ei

137 1111 207 1156 ipsi
228 1111 362 1144 subest.

431 1109 534 1155 (-3.
559 1110 688 1144 Medic.
712 1109 847 1153 olzbae,
872 1116 1006 1144 mutata
1026 1110 1046 1144 b
1066 1124 1087 1145 a
1103 1123 1208 1145 manu
1223 1111 1423 1145 recentiore
1445 1112 1483 1147 in
1503 1125 1540 1147 v.
1570 1113 1667 1158 Wr.)

136 1161 161 1194 4
184 1158 296 1192 Nunc
306 1169 345 1204 p.
373 1168 461 1190 unus
481 1156 620 1199 Mead„
645 1163 686 1190 ut
704 1164 738 1191 et
763 1170 797 1192 v.
818 1136 853 1193 7.
903 1166 980 1192 tues
997 1158 1089 1192 llaec
1111 1171 1142 1193 ο.
1163 1171 1184 1192 a
1202 1159 1315 1193 Cerda
1332 1158 1474 1194 editum.
1522 1168 1612 1195 sunt
1631 1160 1669 1195 in

137 1217 242 1239 unum
259 1204 428 1239 Arundel.
451 1215 494 1238 ex
515 1204 635 1249 glossa
656 1204 840 1250 migravit,
864 1211 905 1238 ut
923 1211 961 1239 et
975 1204 1014 1239 in
1031 1207 1136 1242 Voss.
1155 1206 1251 1251 apud
1268 1207 1384 1241 Burm.

196 1314 233 1353 1.
272 1311 450 1364 Respicit
490 1310 544 1349 ad
578 1310 647 1350 lib.
678 1310 715 1362 Ι,
751 1325 794 1352 v.
835 1315 873 1354 1.

135 1370 282 1408 Poetae
302 1369 472 1408 exordio
500 1369 635 1408 utitur
653 1369 875 1419 Columella

135 1428 201 1478 HI,
227 1431 263 1469 1.
306 1431 346 1470 2.
366 1430 405 1470 3.
433 1428 552 1467 Nunc
584 1428 777 1468 arborum
798 1443 874 1468 cu--

135 1500 224 1525 ram
244 1499 458 1539 exponam.
518 1485 695 1526 Arbores
714 1500 873 1526 memo-

134 1551 224 1595 rat,
265 1550 316 1583 ut
341 1551 481 1598 poeta,
519 1547 620 1584 vites
632 1575 643 1595 ,
677 1546 872 1598 virgulta,

134 1602 176 1642 h.
196 1616 228 1642 e.
248 1603 413 1642 arbores
430 1603 633 1643 silvestres
646 1633 657 1653 ,
687 1610 728 1642 et
747 1605 868 1643 oleas.

138 1662 345 1700 Silvestria
371 1661 513 1700 dubito
548 1675 600 1700 an
634 1674 686 1700 ex
711 1662 871 1714 vulgari

135 1733 212 1758 usu
225 1718 378 1758 dictum
390 1719 453 1758 sit.
476 1720 582 1759 silva
594 1720 724 1772 poetis
737 1720 870 1758 omni-

134 1792 187 1816 no
202 1791 277 1830 pro
290 1777 502 1816 arboribus
514 1777 681 1816 dieitur:
693 1784 742 1817 ut
754 1791 870 1831 saepe

134 1835 214 1875 hoc
231 1835 349 1885 libro,
371 1849 412 1875 v.
433 1849 466 1874 c.
487 1837 566 1878 181
589 1836 696 1875 silva
713 1837 870 1875 vivacis

135 1895 268 1933 oliuae
283 1909 295 1931 .-
346 1893 513 1933 videtur
545 1893 646 1932 adeo
678 1894 870 1932 silvestris

134 1950 346 2005 epitheton
375 1966 524 1991 ornans
553 1965 658 2003 esse,
698 1958 740 1990 et
771 1954 818 1992 V
812 1954 870 1991 ir-

130 2011 253 2063 gulta
272 2011 471 2049 silvestria
489 2009 548 2049 nil
566 2010 643 2049 nisi
664 2009 801 2060 silvae,
826 2010 868 2050 h.

134 2068 297 2107 arbores
313 2068 441 2107 omnis
452 2069 618 2121 generis,
642 2065 869 2122 (Propriam

132 2126 461 2179 significationem
486 2126 742 2166 retinendam
772 2140 867 2178 esse,

131 2191 243 2225 recte
266 2185 474 2225 contendit
488 2185 701 2225 Wunderl.
730 2184 869 2225 Arbo-

131 2256 196 2283 res
215 2250 350 2283 autem
367 2250 487 2296 poeta
504 2244 636 2296 iungit
654 2257 747 2282 cum
767 2244 868 2284 viti—

94 2327 101 2331 ι
130 2302 228 2351 bus,
268 2307 317 2340 ut
344 2302 447 2340 bene
475 2302 585 2341 vidit
603 2302 786 2353 Vossius,
826 2308 867 2341 et

131 2361 352 2411 silvestres,
383 2361 531 2413 quippe
555 2373 656 2412 quae
681 2361 867 2400 maritari

131 2419 288 2457 soleant
299 2419 464 2468 vitibus,
484 2425 522 2456 et
533 2419 757 2471 frugiferas,
772 2419 867 2471 quia

132 2476 260 2516 omnis
286 2477 397 2529 pomi
422 2477 614 2515 inventor
636 2476 866 2517 habebatur

131 2534 312 2574 Bacchus
325 2565 336 2585 ‚
367 2535 456 2574 coll.
477 2534 647 2574 Theocr.
667 2535 715 2584 Π,
748 2538 865 2577 12Ο.;

130 2624 155 2644 ,,
146 2596 267 2647 ,μᾶλα
284 2589 529 2635 Διωνύσοιο.
534 2594 558 2615 “
579 2599 620 2631 et
631 2592 779 2632 Athen.
797 2593 863 2644 ΙΙΙ,

130 2655 170 2694 7
197 2665 287 2705 pag
306 2653 374 2693 82.
404 2651 443 2690 d.
475 2681 499 2701 „
514 2648 799 2704 Νεοπτόλεμος
823 2648 866 2692 δ’

131 2709 155 2752 o‘
171 2706 383 2781 Παριανὸς
402 2708 446 2750 ἐν
466 2725 514 2765 τῃ
500 2707 776 2750 Διονυσιάδι
793 2708 864 2750 καὶ

131 2763 255 2817 αυτὸς
277 2768 448 2822 ἷστοοεῖ,
474 2783 530 2817 ως
549 2782 631 2807 vno
650 2762 861 2808 Διονύσου

131 2824 387 2881 ευρεθὲντων
412 2840 495 2865 των
524 2821 686 2894 μήλων,
720 2821 861 2865 καθά-

129 2900 204 2938 περ
227 2900 295 2925 και
313 2898 394 2924 των
417 2880 550 2923 ἄλλων
575 2877 861 2936 ἅκροδρύων.“

135 2944 231 2983 VVr.
239 2940 254 2996 )
313 2944 352 2983 3.
377 2940 497 2980 Oleae
514 2953 535 2978 e
557 2939 705 2979 semine
727 2940 861 2979 nasci—

128 3007 246 3040 turae
263 2999 490 3043 tardissima
505 3011 587 3038 esse
598 2998 860 3049 incrementa,

930 1313 1011 1352 iam
1029 1311 1126 1352 olim
1144 1312 1322 1352 Hesiodo
1343 1318 1510 1353 auctore
1533 1314 1668 1354 credi-

930 1377 1022 1410 tum
1040 1371 1085 1410 in
1114 1370 1204 1410 loco
1231 1372 1301 1424 qui
1326 1385 1439 1412 nunc
1464 1385 1557 1411 cum
1580 1373 1666 1412 aliis

930 1429 1116 1483 pluribus
1137 1443 1188 1468 ex
1202 1443 1323 1483 opere
1340 1432 1426 1471 ταῖν
1446 1429 1576 1485 ἔργων
1590 1444 1667 1470 ex-

931 1488 1043 1527 cidit.
1085 1488 1186 1527 Plin.
1216 1488 1306 1539 XV,
1334 1490 1355 1530 1
1385 1487 1586 1528 Hesiodus
1608 1511 1667 1520 —-

929 1548 1099 1599 negavit
1132 1547 1244 1585 oleae
1280 1554 1452 1585 satorem
1475 1547 1666 1599 fructum.

929 1619 979 1643 ex
997 1619 1046 1643 ea
1058 1606 1285 1657 percepisse
1301 1618 1533 1658 quenquam
1539 1620 1556 1654 ;
1579 1613 1667 1644 tam

929 1663 1050 1701 tarda
1070 1671 1164 1701 tzmc
1183 1677 1245 1701 res
1264 1671 1363 1702 erat.
1407 1663 1512 1709 conf.
1536 1663 1664 1703 Varro

928 1721 978 1759 R.
997 1721 1046 1759 R.
1069 1721 1106 1771 Ι,
1136 1719 1214 1771 41,
1245 1724 1284 1763 6.
1324 1719 1529 1774 δυςαυξής
1555 1721 1665 1760 dicta

929 1777 1230 1832 Theophrast03
1247 1778 1343 1818 hinc
1351 1792 1574 1832 propagare
1585 1793 1663 1831 eas,

929 1850 1050 1888 quam
1070 1850 1215 1888 serere,
1234 1837 1376 1876 maluit
1397 1843 1507 1876 aetas
1523 1843 1664 1891 poste-

925 1895 1038 1934 rior:
1079 1895 1184 1934 conf.
1216 1898 1302 1946 313
1355 1895 1496 1935 eadem
1525 1902 1664 1935 tamen

926 1959 1096 2007 propter
1135 1953 1216 1992 hoc
1253 1953 1389 2006 ipsum
1428 1967 1450 1992 e
1490 1961 1663 1995 naturae

925 2011 1010 2064 lege
1031 2011 1150 2051 firma
1169 2025 1217 2050 ac
1234 2013 1360 2051 vivax
1374 2042 1386 2062 ,
1418 2013 1490 2052 inf.
1516 2015 1611 2055 181.
1632 2013 1634 2015 ’

1005 2068 1046 2111 4.
1081 2069 1303 2123 Splendida
1340 2070 1563 2110 invocatio!
1603 2092 1663 2101 -—

925 2128 993 2167 hic
1006 2158 1017 2178 ,
1050 2127 1094 2167 in
1110 2128 1177 2179 iis,
1207 2141 1311 2181 quae
1333 2128 1523 2169 dicentur
1544 2143 1567 2167 a
1583 2142 1660 2181 me,

924 2186 969 2225 in
988 2192 1227 2239 argumento
1249 2187 1438 2226 carminis
1454 2187 1546 2227 mei.
1576 2187 1659 2239 tibi,

924 2259 1000 2298 pro
1016 2258 1089 2298 per
1108 2250 1160 2295 te,
1183 2245 1432 2285 Graecorum
1445 2253 1661 2299 poetarum

925 2317 1023 2354 usu3
1059 2303 1254 2343 beneficio
1285 2310 1371 2343 tuo.
1416 2305 1567 2356 florere
1599 2309 1661 2343 est

923 2360 1012 2412 hic,
1043 2361 1196 2401 laetum
1224 2375 1326 2414 esse,
1367 2362 1534 2416 plenum
1563 2375 1658 2402 esse.

924 2428 1166 2458 auctumnus
1190 2422 1442 2473 pampineas
1471 2426 1530 2459 est
1557 2434 1659 2485 pro-

923 2483 1069 2517 ventus
1097 2479 1308 2519 auctumni
1335 2492 1356 2516 e
1381 2478 1523 2528 vinea,
1561 2478 1658 2518 vin-

924 2535 1128 2586 demialiS,
1170 2531 1322 2590 ὀπώρα.
1371 2533 1440 2589 (de
1479 2536 1658 2575 numeris

921 2591 1043 2632 huius
1061 2607 1121 2633 vs.
1140 2593 1225 2633 vid.
1244 2594 1356 2633 Voss.
1375 2600 1417 2632 et
1431 2592 1481 2642 Q.
1498 2594 1545 2634 V.
1566 2594 1655 2645 ΧΠ,

921 2650 960 2692 4.
983 2654 1021 2692 9.
1041 2653 1106 2693 10.
1142 2650 1263 2705 Wr.)
1318 2652 1471 2691 Eadem
1489 2652 1657 2693 tandem

922 2709 1088 2747 notione
1123 2709 1261 2761 paullo
1296 2716 1390 2762 post
1429 2711 1651 2750 vindemia.

922 2765 1021 2820 (Sed
1059 2766 1196 2806 verius
1229 2767 1397 2807 fortasse
1423 2768 1656 2808 WunderL:

920 2823 1046 2874 „Mihi
1057 2826 1306 2876 pampineus
1328 2834 1572 2865 auc-tamnus
1588 2825 1656 2866 vi·-

920 2896 1010 2921 sum
1029 2888 1089 2920 est
1108 2882 1158 2920 de
1175 2888 1358 2937 tempore
1374 2884 1565 2937 accipere,
1583 2884 1655 2923 ubi

918 2939 1126 2979 vindemia
1146 2943 1245 2980 est.“
1269 2941 1389 2996 lVr.)
1429 2941 1547 2981 labra
1565 2939 1654 2996 (Ti-

918 2998 1031 3038 bullo
1048 2998 1079 3050 Ι,
1104 3001 1141 3049 1,
1165 3002 1218 3041 10
1247 2999 1400 3054 lacae)
1430 3005 1528 3040 sunt
1556 3013 1654 3041 vasa
