1734 3320
244 173 731 262 GEoRGiCON
764 210 1341 274 LIB.111‚191—201
1440 191 1553 266 '537
1612 277 1621 286 ,

0 331 4 338 ’
29 336 244 390 Nubila:
279 345 397 387 tum
415 344 623 402 segetes
644 335 777 386 altae
800 337 1085 404 campique
1105 347 1346 389 natantes

28 406 268 458 Lenibus
292 405 620 457 ‘horrescunt
646 404 855 470 flabris,
910 423 1265 475 summaeque
1297 425 1555 460 sonorem

28 479 172 529 Dant
190 475 376 541 silvae,
409 476 667 543 longique
683 485 918 541 urguent
938 476 1005 526 ad
1025 476 1180 527 litora
1198 476 1414 529 fluctus:
1451 486 1555 532 200

29 546 128 599 Ille
149 545 323 612 volat,
356 545 521 596 simul
547 563 667 596 arva
683 545 832 612 fuga,
868 546 1027 596 simul
1059 564 1295 616 aequora
1319 565 1554 601 verrens,

77 675 147 712 198
170 675 258 709 dum
277 682 423 723 segetes
448 681 531 708 octo
550 674 638 708 boni
674 674 778 708 codd.
806 687 883 709 cum
913 687 983 708 uno
1006 675 1175 710 Arundel.
1201 683 1238 710 et
1261 676 1378 710 Mead.
1399 676 1556 710 Martini.

29 735 112 757 cum
127 721 271 768 Regius.
317 723 490 757 natantis
514 722 639 766 fragm.
666 722 780 755 vatic.
831 724 943 766 Urget
961 723 1011 756 Io.
1030 723 1218 758 Schrader.
1243 735 1391 771 campos
1414 732 1557 757 natan—

29 778 88 809 tes
105 768 177 804 did
193 781 285 815 aqna
300 769 519 803 submersos:
552 776 590 802 nt
611 781 687 814 sup.
708 768 735 810 1,
758 769 826 804 371
857 771 986 803 Omnia
1005 771 1130 817 plenis
1145 773 1255 804 Rura
1271 778 1409 804 natant
1422 769 1556 816 sossi-5.

27 816 170 851 Lucret.
191 828 320 862 saepe,
343 828 377 849 v.
406 829 436 850 c.
458 817 528 858 Vl,
564 815 656 850 1140
686 815 731 849 de
759 818 948 861 Aegypto,
985 824 1021 850 et
1037 818 1121 853 266.
1170 817 1277 852 Silius
1295 818 1346 852 IV
1356 843 1366 859 ‚
1391 818 1470 853 162.
1496 817 1557 850 ubi

27 863 138 898 Drak.
186 863 312 909 Itaque
345 862 489 897 coniicit
514 864 634 909 campi
657 875 703 895 ue
729 863 911 896 nitentes:
945 863 1042 908 qnod
1064 864 1232 910 frequens
1260 864 1305 898 de
1332 870 1455 909 segete
1485 864 1557 898 dici

28 912 107 957 quis
128 907 293 944 dubitet?
317 911 452 943 Verum
478 909 621 954 cogitan
650 921 726 951 um,
749 922 898 956 campos
922 922 989 956 pro
1016 918 1139 956 segete
1157 911 1294 953 dictos;
1331 910 1422 945 nihil
1440 917 1557 944 antem
1623 930 1627 933 >

26 956 141 1003 magis
159 964 455 999 consentaneum,
478 969 583 1002 quam
601 965 760 1003 segetem
784 965 941 999 natare,
956 958 1151 1003 fluctuare
1174 958 1266 1001 dici,
1296 964 1404 992 vento
1422 957 1556 1004 impul-

28 1017 114 1039 sam.
161 1004 285 1038 Paullo
314 1002 489 1038 diversum
515 1012 587 1044 est,
621 1003 716 1048 qnod
744 1016 821 1049 sup.
847 1004 1049 1038 undantem
1083 1003 1179 1039 buxo
1208 1005 1382 1051 &ytorum
1404 1005 1493 1038 dixit
1511 1006 1557 1047 Π,

27 1050 112 1092 437,
137 1057 175 1085 et
195 1053 229 1085 11
237 1053 340 1094 ²,281
367 1063 411 1084 ac
437 1051 515 1085 late
534 1052 703 1097 fluctuat
732 1052 849 1085 omnis
863 1053 964 1085 Aere
987 1052 1176 1086 renidenti
1198 1053 1330 1093 tella-§³3
1364 1052 1432 1086 etsi
1449 1052 1556 1086 simili

27 1099 136 1132 modo
157 1097 230 1133 dici
249 1097 471 1144 potuissent:
509 1097 624 1144 campi
656 1104 779 1142 segete
808 1104 983 1132 natantes.
1032 1099 1103 1133 Sed
1130 1099 1290 1145 proxime
1309 1099 1355 1132 ad
1373 1100 1557 1133 Maronem

27 1145 203 1180 Ausonius
230 1144 382 1179 Mosella
408 1143 477 1180 194
515 1147 611 1179 Tota
636 1153 773 1179 natant
799 1146 932 1191 crispis
961 1146 1053 1193 iuga
1073 1145 1249 1188 motibus,
1284 1154 1321 1180 et
1346 1148 1471 1180 tremit
1486 1145 1556 1180 ab-

28 1205 118 1227 sens
133 1193 351 1240 Pampinus:
377 1191 422 1225 de
445 1192 568 1225 umbra
587 1191 624 1224 in
646 1204 782 1225 amnem
811 1191 982 1237 proiecta.
1033 1193 1096 1226 Uti
1127 1194 1221 1239 apud
1243 1192 1393 1227 Statium
1414 1195 1447 1227 11
1470 1193 1555 1227 silv.

27 1241 65 1281 2,
87 1239 137 1276 49
169 1240 362 1285 vitreoque
391 1247 529 1272 natant
557 1240 752 1285 praetoria
775 1247 914 1286 ponto:
951 1246 988 1272 et
1014 1247 1125 1273 natat
1153 1239 1282 1274 umbra
1307 1239 1498 1287 profundo
1524 1242 1557 1274 Π

28 1286 146 1321 Theb.
163 1284 224 1323 42.
265 1285 502 1319 Imitationem
521 1285 594 1319 loci
610 1292 769 1319 notatam
788 1285 892 1318 video
913 1298 956 1319 ex
973 1286 1186 1320 Maximiano
1207 1288 1413 1333 (personato
1436 1287 1555 1332 Gallo)

28 1337 136 1369 Arva
153 1332 222 1367 sub
236 1334 391 1367 aestivis
412 1333 559 1366 undant
586 1333 782 1366 horrentia
791 1331 944 1379 flabris.
1041 1335 1109 1370 199
1138 1336 1286 1369 sonoris
1306 1334 1431 1379 fragm.
1448 1336 1555 1368 Voss.

28 1378 299 1427 Etesiaflabra
319 1379 535 1426 aquilonum
554 1379 711 1413 Lucretii
730 1381 777 1423 V,
800 1380 868 1416 741
897 1386 1027 1426 poetae
1057 1387 1140 1414 ante
1159 1381 1282 1415 oculos
1300 1381 1411 1414 fuisse
1429 1393 1556 1415 cense—

27 1428 93 1462 bat
120 1427 267 1463 Wakef.
305 1426 488 1472 (Santenio
516 1427 563 1460 ad
592 1426 798 1460 Terentian.
829 1440 867 1472 p.
888 1427 970 1462 249.
1006 1427 1148 1461 videtur
1177 1427 1418 1462 scribendum:
1450 1431 1557 1463 Hor—

29 1482 182 1509 roseum
207 1472 350 1508 levibus
364 1472 515 1519 flabris.
564 1474 636 1508 Sed
659 1474 731 1507 vid.
754 1475 842 1508 Not.
874 1475 971 1519 Wr.)

1067 1477 1139 1510 200
1163 1475 1346 1522 longeque
1375 1476 1556 1520 praescri-

28 1528 131 1569 ptum
150 1528 206 1556 est
219 1527 328 1555 notae
346 1521 579 1562 Heinsianae;
605 1521 724 1555 nescio
745 1521 856 1561 unde3
881 1532 963 1554 nam
980 1521 1109 1567 ubique
1128 1522 1261 1567 legitur
1279 1522 1412 1556 editum
1429 1523 1491 1556 lon
1520 1524 1557 1557 i-

54 1581 121 1611 ae,
144 1574 186 1603 ut
203 1567 311 1602 etiam
331 1567 462 1602 Medic.
488 1567 590 1602 Rom.
619 1575 656 1602 et
674 1568 752 1609 alii3
778 1575 814 1602 et
841 1568 964 1602 laudat
995 1568 1117 1602 Heius.
1145 1566 1296 1614 κύματα
1323 1566 1451 1613 μακρὰ
1513 1581 1556 1604 α-

29 1581 179 1660 {domg-
236 1615 418 1663 longeque
439 1615 569 1649 Medic.
592 1615 703 1651 Pierii
732 1628 809 1650 cum
837 1614 938 1656 aliis,
971 1627 1037 1661 pro
1072 1628 1142 1662 quo
1173 1616 1289 1661 possis
1315 1616 1462 1650 laudare
1493 1616 1556 1651 inf.

27 1662 100 1699 238
122 1663 294 1710 Longius
313 1676 359 1696 ex
377 1662 529 1708 altoque
548 1663 670 1696 sinum
691 1663 821 1697 trahit.

892 1664 961 1698 201
988 1663 1091 1696 abest
1101 1672 1232 1697 *versus
1249 1676 1270 1697 a
1289 1663 1414 1708 fragm.
1426 1665 1556 1698 Moret.

29 1711 149 1745 verrit
163 1709 253 1744 citat
269 1712 367 1745 Serv.
387 1709 433 1744 ad
449 1712 535 1744 Aen.
560 1711 610 1745 IV
612 1736 623 1754 ,
646 1711 704 1746 72.
751 1711 832 1757 ipse
850 1722 938 1744 unus
959 1710 1129 1744 Anmdel.
1178 1723 1284 1745 arma
1300 1711 1390 1755 Reg.

28 1827 78 1878 V,
97 1830 197 1871 211.
228 1827 329 1879 VIII,
349 1831 447 1871 707.
488 1827 544 1868 At
561 1828 605 1868 in
622 1836 766 1869 nostro

27 1886 119 1926 loco
157 1886 212 1925 ad
243 1886 493 1926 currendum
535 1901 621 1939 non
664 1901 766 1941 opus

29 1950 93 1984 est
107 1951 246 1984 vento.

89 2005 174 2045 196
189 2026 249 2032 —
267 2006 367 2046 201.
398 2004 549 2043 Cursus
579 2003 767 2042 celerita-

29 2067 113 2100 tem
129 2074 224 2100 cum
239 2067 366 2100 vento
385 2067 596 2114 comparat
612 2061 765 2113 spirare

28 2118 247 2171 incipiente
258 2134 268 2157 :
284 2120 429 2158 volan-s·
437 2140 495 2149 —-
504 2120 641 2172 qualis
656 2119 767 2170 aqui-

29 2177 93 2226 lo,
122 2187 249 2229 quum
266 2177 454 2216 incubuit
471 2183 592 2229 atque
617 2176 766 2227 differt,

0 2272 6 2276 ⁷
31 2233 151 2288 (tum
177 2241 327 2286 segetes
343 2257 402 2266 —
419 2233 598 2288 fluctus)
623 2236 762 2282 volat,-

30 2300 72 2331 et
90 2293 184 2345 quia
203 2299 268 2331 tot
289 2293 538 2332 ornamentis
565 2293 766 2331 sententia

30 2357 118 2390 erat
144 2351 372 2404 intercepta
388 2381 400 2401 ‚
446 2351 671 2403 interponit
703 2364 763 2390 vs,

29 2412 112 2452 201
144 2410 224 2448 Ille
252 2410 379 2448 volat.
440 2410 569 2448 Porro
597 2410 764 2461 Hyper-

29 2467 168 2506 boreas
198 2482 291 2506 oras
318 2467 554 2520 simpliciter
579 2481 655 2519 pro
685 2467 765 2505 bo·-

29 2525 206 2564 realibus
225 2531 266 2563 et
285 2525 696 2579 septemtrionalibus,
715 2531 765 2563 ut

30 2583 138 2622 infra
159 2597 202 2622 v.
234 2585 338 2634 381,
366 2590 408 2623 et
433 2584 511 2634 IV,
542 2583 627 2626 517
648 2583 766 2622 dixit.

30 2642 185 2694 Aquilo
204 2641 350 2680 densus
364 2673 374 2690 ,
404 2656 511 2691 non,
541 2647 591 2680 ut
607 2641 767 2691 volunt,

32 2699 103 2751 qui
121 2699 267 2738 densat
282 2700 440 2739 nubila:
460 2700 530 2747 sed
545 2700 613 2751 qui
624 2702 773 2751 magud

32 2771 128 2796 cum
155 2757 198 2796 vi
226 2763 268 2796 et
307 2758 464 2810 impetu
501 2758 583 2796 late
615 2758 767 2808 fertur3

31 2815 178 2853 densus
193 2821 400 2866 praeterea
419 2830 495 2868 pro
515 2816 649 2855 dense.
678 2815 769 2854 Ou-

32 2886 145 2912 wens
162 2871 211 2910 N.
235 2872 287 2911 H.
306 2887 347 2925 p.
371 2874 455 2916 589
485 2872 654 2912 densum
672 2887 768 2926 per-

31 2937 157 2984 petuo
179 2931 414 2982 aequalique
437 2937 581 2969 tenore
608 2931 769 2984 spiran-

31 2995 138 3039 tem,
178 3002 262 3027 non
289 3001 363 3041 per
393 2988 629 3038 intervalla,
661 2990 769 3028 acci-

823 1842 919 1883 pere
952 1829 1082 1869 vult..
1114 1828 1252 1883 dzffert
1303 1828 1455 1867 hiemes
1487 1841 1558 1867 seu

823 1888 1041 1940 procellas,
1081 1886 1123 1926 h.
1158 1887 1348 1940 dissipat,
1388 1899 1440 1926 ex
1472 1887 1558 1926 Lu*

824 1953 923 1985 eret.
946 1946 978 1996 I,
996 1948 1095 1988 273.
1125 1946 1246 1984 arida
1273 1945 1415 1984 nubila
1429 1975 1441 1994 ,
1477 1958 1559 1983 nu·-

823 2004 893 2043 bes
916 2004 1001 2042 sine
1027 2003 1188 2056 pluviis.
1221 2001 1374 2056 (diff'ert
1398 2003 1554 2056 potius:

825 2060 1021 2114 dissipans
1040 2067 1134 2099 ante
1156 2073 1197 2098 se
1215 2061 1313 2112 agit3
1343 2061 1463 2098 anda
1481 2074 1558 2099 au-

823 2126 907 2158 tem
926 2118 1083 2167 nubila,
1105 2119 1252 2171 quippe
1272 2118 1398 2156 sicci
1428 2117 1559 2170 Aqui-
1622 2122 1625 2124 ’

822 2178 957 2216 lones:
988 2178 1124 2215 Senec.
1154 2177 1246 2215 Nat.
1271 2176 1458 2225 Quaestt.
1491 2176 1558 2226 111,

822 2238 912 2278 28.;
940 2235 1094 2285 „fluere
1119 2234 1298 2273 assiduos
1317 2234 1486 2284 imbres,
1517 2240 1559 2272 et

822 2307 907 2332 non
940 2305 1023 2331 esse
1052 2292 1220 2332 modum
1251 2292 1399 2345 pluviis
1408 2323 1419 2342 ,
1459 2306 1558 2344 sup—

820 2351 967 2405 pressis
980 2351 1016 2389 A
1028 2351 1137 2402 quil
1149 2351 1335 2390 onibus
1355 2357 1405 2389 et
1422 2350 1458 2389 ss
1471 2356 1559 2388 atu

822 2410 863 2448 si
877 2410 986 2448 ecio
998 2411 1094 2448 re.“
1123 2410 1272 2448 Lucan.
1298 2408 1374 2459 IV,
1401 2407 1468 2451 50.
1481 2421 1557 2460 sq.;

821 2468 966 2519 „Pigro
985 2468 1132 2506 bruma
1161 2468 1254 2520 gelu
1290 2466 1449 2505 siccis
1461 2479 1526 2517 qu
1537 2479 1559 2503 e

822 2526 858 2564 A
871 2540 896 2577 q
905 2540 934 2565 u
944 2526 981 2564 il
994 2540 1017 2564 o
1030 2526 1120 2564 nib
1130 2539 1159 2564 u
1169 2540 1186 2564 s
1217 2525 1387 2564 horrens
1403 2523 1558 2563 Aethe-

826 2597 871 2622 re
898 2584 1120 2623 constricto
1149 2583 1360 2636 pluvias
1390 2583 1440 2621 in
1468 2596 1558 2621 nu-

823 2643 851 2681 b
864 2655 885 2679 e
914 2648 934 2680 t
945 2656 965 2680 e
979 2656 1006 2680 n
1017 2643 1103 2680 eba
1115 2645 1178 2681 t.“
1232 2641 1321 2681 Vid.
1355 2641 1415 2691 ibi
1447 2641 1557 2678 Cort.

829 2701 924 2740 lVr.
938 2699 953 2752 )
994 2702 1133 2752 campi
1157 2708 1343 2738 natantes
1356 2729 1368 2748 ‚
1410 2704 1558 2750 segetes

825 2758 1027 2797 undantes
1044 2772 1091 2797 ac
1106 2758 1370 2806 fluctuante83
1401 2770 1424 2793 a
1442 2755 1558 2793 simi-

825 2816 999 2855 litudine
1024 2817 1145 2855 maris
1165 2817 1313 2855 fluctus
1337 2813 1558 2863 volventis3

826 2881 972 2913 natant
998 2888 1100 2926 quae
1118 2875 1228 2926 aquis
1248 2873 1424 2911 obducta
1441 2876 1552 2920 sunt,

824 2933 962 2984 itaque
981 2947 1093 2971 nunc
1113 2932 1197 2983 agri
1216 2931 1346 2970 aristis
1368 2935 1556 2981 segetum.

826 2990 1077 3030 illustratum
1115 2989 1271 3029 dudum
1299 3002 1322 3026 a
1350 2987 1451 3027 viris
1478 2987 1556 3026 do-
