1768 3320
351 781 1262 858 PROOEMIUM.

666 956 952 963 ————

45 1051 163 1138 Ad
188 1086 446 1152 Georgica
467 1084 753 1138 facetum
782 1085 919 1137 illud
946 1101 1005 1136 ac
1029 1082 1258 1149 molle,
1298 1082 1450 1151 quod
1475 1101 1573 1150 pe-

47 1166 227 1217 culiari
249 1167 427 1236 aliquo
449 1172 726 1220 Musarum
746 1184 978 1219 munere
997 1166 1220 1232 Virgilio
1256 1182 1574 1216 concessum

47 1252 163 1288 esse
190 1238 443 1290 Horatius
463 1248 735 1291 memorat
757 1242 834 1304 *),
872 1238 1096 1305 proprio
1130 1236 1370 1305 quodam
1398 1237 1571 1287 modo

44 1316 288 1375 spectare
327 1309 553 1363 videtur.
624 1308 913 1362 Mollitudo
947 1307 1172 1377 quidem
1210 1324 1272 1357 ex
1310 1323 1376 1357 eo
1410 1309 1572 1372 venit,

46 1378 224 1445 quod,
262 1396 387 1435 cum
417 1381 678 1448 exquisito
706 1379 887 1448 aliquo
916 1388 971 1429 et
989 1394 1347 1428 numerorum
1372 1386 1425 1427 et
1452 1394 1572 1427 ora-

44 1449 209 1499 tionis
240 1449 385 1500 cultu
418 1452 601 1500 omnia
629 1451 897 1501 elaborata
930 1458 984 1499 et
1015 1449 1246 1515 expolita
1274 1448 1401 1511 sint,
1439 1447 1573 1497 nihil

48 1517 192 1583 duri,
223 1520 394 1570 scabri
416 1530 469 1571 et
486 1521 718 1586 horridi,
750 1520 901 1588 quod
922 1520 977 1569 in
1000 1518 1183 1569 divino
1203 1518 1436 1575 Lucretii
1460 1535 1572 1567 car-

44 1589 194 1639 mine
225 1588 485 1655 osfendit,
530 1609 807 1659 aspersum
846 1599 952 1652 est;
999 1588 1162 1651 nihil,
1211 1588 1362 1656 quod
1399 1589 1571 1639 otiose

10 1672 28 1677 ’·
45 1668 197 1710 vacet
216 1669 307 1711 aut
327 1661 507 1711 utilius
527 1662 674 1715 absit.
722 1665 836 1713 Nec
858 1660 1031 1711 modo
1053 1659 1350 1710 verborum
1372 1658 1572 1709 dilectu

47 1739 103 1780 et
119 1730 387 1796 iunctura,
410 1749 602 1785 verum
625 1732 786 1782 etiam
806 1730 1196 1782 sententiarum
1214 1730 1461 1792 veritate,
1489 1728 1572 1779 lu-

44 1801 194 1851 mine
214 1818 273 1851 ae
297 1802 524 1852 naturali
545 1801 798 1870 facilique
833 1810 888 1852 et
910 1810 1035 1868 apto
1063 1817 1228 1862 nexu,
1266 1800 1465 1865 ingenii
1490 1816 1571 1848 ar-

43 1871 220 1938 tisque
243 1872 461 1938 insignis
483 1872 659 1941 aliqua
680 1872 924 1936 felicitaS‚
964 1888 1101 1939 quae
1122 1871 1178 1920 in
1199 1870 1420 1935 Virgilio
1444 1879 1570 1934 erat,

47 1939 253 2006 effecit,
287 1952 348 1993 ut
365 1943 476 1993 leni
500 1960 557 1992 ac
583 1941 726 1993 facili
751 1960 909 1993 cursu
932 1942 1115 1992 omnia
1138 1939 1392 1992 defluant.
1464 1943 1571 1990 Ha-

43 2011 179 2062 bent
198 2029 366 2079 porro
392 2013 591 2063 decus
619 2023 673 2064 et
695 2013 1023 2064 excultam
1050 2011 1283 2079 aliquam
1310 2010 1570 2075 elegan-

43 2083 199 2132 tiam
214 2123 228 2146 ,
262 2084 341 2133 uti
363 2083 752 2146 Quinctilianus
772 2088 852 2149 **)
883 2082 1026 2133 istud
1049 2080 1339 2132 facetum
1364 2082 1570 2130 Horatii

45 2153 453 2219 interpretatur3
493 2170 617 2203 cum
642 2153 840 2204 scilicet
862 2154 917 2202 in
941 2161 1259 2217 argumento
1287 2161 1397 2201 tam
1419 2152 1571 2201 tenui

46 2232 102 2272 et
132 2222 352 2288 humili,
390 2223 541 2291 quod
575 2223 642 2273 ad
667 2225 921 2274 rusticam
951 2222 1205 2272 orationis
1230 2223 1570 2289 asperitatem

26 2301 328 2361 ‘tantopere
352 2310 466 2344 non
492 2293 665 2344 modo
689 2294 933 2361 patebat,
969 2293 1067 2343 sed
1090 2302 1143 2342 et
1171 2290 1495 2342 deflectebat
1518 2301 1571 2341 et

43 2362 356 2429 inclinabat,
394 2364 577 2414 omnia
598 2365 702 2413 sint
725 2365 881 2429 scite,
917 2363 1170 2427 honeste,
1203 2372 1257 2413 et
1277 2362 1572 2413 liberaliter

42 2442 284 2498 tractata,
328 2443 390 2485 ut
428 2433 685 2502 politum,
735 2434 974 2500 eleganS,
1026 2443 1081 2484 et
1115 2433 1387 2484 urbanum
1419 2433 1570 2497 inge-

43 2504 198 2554 nium
225 2504 431 2572 ubique
457 2502 614 2555 facile
646 2521 910 2570 agnoscas,
982 2503 1067 2555 Ad
1094 2505 1399 2554 iuncturam
1430 2502 1568 2552 adeo

43 2574 339 2625 verborum
371 2574 556 2625 lenem
588 2592 647 2625 ac
675 2574 906 2625 mollem
936 2583 990 2624 et
1019 2591 1379 2625 numerorum
1405 2571 1570 2622 artifi-

47 2643 213 2710 cium,
247 2654 538 2713 totumque
570 2647 816 2696 carminis
845 2646 1109 2710 nitorem,
1158 2653 1212 2695 et
1244 2644 1312 2695 ad
1345 2643 1569 2694 cultissi-

137 2773 173 2818 ’)
207 2776 280 2808 Sat.
313 2774 352 2816 Ι,
387 2776 450 2815 10,
483 2772 541 2810 44.
576 2774 623 2811 45
664 2775 774 2810 molle
830 2773 901 2807 vid„
960 2784 1037 2818 sup.
1096 2773 1143 2807 de
1192 2775 1358 2808 Carmine
1406 2771 1569 2806 bucolico

44 2828 156 2865 atque
199 2819 365 2866 facetum
418 2823 575 2869 Virgilio
626 2822 772 2856 adnue—
830 2833 912 2866 pag.
942 2821 999 2856 13.

45 2875 135 2900 runt
187 2868 393 2914 gaudentes
444 2882 532 2903 rute
585 2871 772 2904 Camenae.
923 2867 977 2912 ”’)
1002 2869 1086 2901 Inst·
1114 2869 1174 2901 Or·
1199 2869 1259 2909 VI,
1293 2866 1337 2908 3,
1371 2867 1429 2902 20·
