1734 3320
197 263 302 311 604

536 259 591 309 P.
628 257 984 309 VIRGILII
1020 256 1399 310 MARONIS

198 385 347 436 Trita
368 383 734 451 melisphylla,
774 394 826 435 et
853 385 1127 437 cerinthae
1151 386 1406 453 ignobile
1399 402 1682 469 gramen3

198 455 560 523 Tinnitusque
586 455 691 520 cie,
738 464 791 505 et
810 457 993 506 Matris
1021 466 1184 524 quate
1210 457 1463 523 cymbala
1478 458 1708 511 circum.

195 529 350 594 Ipsae
379 525 665 576 consident
686 525 966 576 medicatis
986 526 1234 591 sedibus;
1273 529 1420 596 ipsae

1652 534 1734 582 65

195 597 393 648 Intima
412 612 571 646 more
594 612 693 645 suo
720 612 838 646 sese
866 597 921 646 in
948 597 1210 649 cunabula
1233 599 1488 651 condent.

270 668 363 718 Sin
387 676 569 718 autem
597 665 664 716 ad
687 682 928 733 pugnam
953 668 1202 731 exierint3
1241 675 1392 735 (nam
1415 685 1576 736 saepe
1599 668 1733 719 duo-

994 737 1096 788 bus

243 844 290 880 63
316 843 553 898 melisphylla
569 841 692 876 Heius.
716 854 735 876 e
753 842 883 878 Medic.
908 850 945 877 et
963 844 1171 878 melimibus
1190 843 1353 890 scripsit·
1387 843 1493 890 vulgo
1511 844 1734 892 meliplcylla,

196 891 371 925 communi
399 890 550 924 ratione.
598 890 852 924 Aberratioues
880 890 967 925 alias
996 892 1033 925 in
1060 892 1127 926 hac
1158 899 1194 926 et
1228 892 1341 925 altera
1363 897 1453 926 voce
1473 892 1639 926 cerintlze
1667 892 1734 927 vid

195 939 290 983 apud
312 940 428 971 Burm.
454 944 490 971 et
519 937 556 970 in
579 937 714 972 Colum.
736 939 802 981 IX,
823 939 855 980 8,
876 939 932 981 13,
958 939 1019 973 ubi
1035 951 1155 973 versus
1174 939 1350 973 laudatui.
1390 940 1455 973 Est
1473 937 1518 975 τὸ
1538 935 1734 984 κήρινθον.

194 985 358 1032 tgnobzle
381 998 529 1019 carmen
559 986 669 1028 Ven.,

716 997 761 1018 an
796 986 973 1031 germen?
1015 988 1132 1020 Burm.

1230 987 1277 1022 64
1302 995 1339 1020 et
1364 986 1467 1020 abest
1495 987 1638 1032 Menag.
1667 999 1734 1022 sec

195 1033 240 1068 65
266 1033 467 1066 considant
492 1032 641 1066 Mentel.
668 1044 722 1078 pr.
749 1033 878 1067 Moret.
909 1045 993 1076 sec„
1020 1041 1054 1068 et
1076 1046 1158 1068 mox
1187 1034 1366 1068 condunt.
1415 1034 1612 1068 concident
1629 1034 1734 1069 Goth.

193 1092 248 1126 pr.
298 1080 486 1114 medelam-s·
505 1081 631 1114 Franc.
669 1080 905 1126 (meda-anus
924 1081 1055 1117 Medic.
1075 1094 1095 1116 a
1114 1094 1160 1116 m.
1179 1093 1235 1127 pr.
1264 1081 1370 1128 W1.)

193 1189 240 1225 tit
270 1188 506 1239 ‚Hymettom
537 1188 609 1227 ubi
635 1187 779 1228 Weitz.
805 1188 939 1227 multa

192 1245 367 1285 subiicit.
430 1249 499 1288 61.
533 1247 853 1298 Contemplator.-
888 1246 938 1286 de

192 1305 369 1343 formula
415 1304 494 1343 hac
536 1305 812 1358 praecipiendi
850 1305 935 1345 vid.

193 1377 282 1416 sup.
305 1363 358 1401 ad
381 1363 525 1416 Georg.
544 1364 574 1413 l,
592 1363 692 1406 487.
733 1367 800 1406 62.
820 1365 934 1415 Hac,

192 1421 236 1460 in
266 1422 476 1472 arborem,
515 1429 565 1462 ut
595 1422 694 1462 hinc
711 1423 755 1461 in
779 1436 935 1462 novum

191 1480 351 1520 alveare
381 1481 503 1520 condi
527 1482 678 1535 possit,
720 1494 795 1520 nec
821 1482 934 1520 ulte-

191 1539 276 1578 rius
301 1540 500 1592 procedat
528 1554 692 1594 agmen,
730 1540 932 1592 adsperge

190 1613 355 1650 sapores
397 1601 550 1649 ias-sos,
601 1613 743 1638 succos
770 1629 780 1648 ,
831 1613 933 1651 quos

191 1657 431 1710 adspergere
467 1671 635 1708 moneo,
678 1657 822 1708 iubeo;
861 1657 933 1698 inf.

191 1730 231 1755 v.
254 1715 338 1758 549
369 1725 615 1755 monstralas
646 1718 795 1755 exc-ilat
816 1731 930 1755 aras.

192 1775 240 1813 cs.
266 1774 397 1814 Varro
433 1775 506 1824 ΙΙΙ,
539 1777 606 1825 16,
627 1777 696 1816 30.
729 1778 798 1822 31,
829 1775 935 1827 adde

190 1835 260 1874 22.
281 1835 336 1874 23
358 1839 398 1871 et
420 1832 485 1874 14.
533 1836 600 1875 63.
618 1833 934 1885 melispliyllam‚

192 1904 264 1930 seu
305 1890 654 1944 melissophyllum
674 1922 685 1941 ‚
735 1892 931 1944 apiaster,

191 1949 297 1988 cons.
326 1949 457 1989 Varro
485 1950 562 1999 ΙΙΙ,
593 1952 668 1999 16,
700 1952 765 1999 10,
808 1950 932 2002 vulgo

191 2009 367 2047 melissa.
390 2008 494 2047 conf.
516 2008 681 2047 Martin.
737 2008 931 2059 Cerinthe,

190 2066 307 2106 nobis
337 2066 559 2118 hortensis,
600 2066 643 2105 in
672 2065 788 2106 Italia
807 2067 933 2106 silve-

191 2125 286 2164 stris
328 2140 375 2165 ac
408 2125 529 2165 valde
573 2126 787 2177 frequens,
835 2124 933 2164 hinc

189 2183 367 2236 ignobile
381 2198 557 2235 gramen
573 2215 584 2235 ,
618 2183 659 2223 11.
680 2184 820 2223 herba.
846 2184 931 2224 vid.

189 2242 292 2282 Plin.
321 2243 433 2293 XXI,
471 2246 537 2294 12,
566 2257 597 2282 5.
618 2242 687 2284 41.
748 2244 932 2295 Expres-

190 2315 275 2340 sam
290 2301 373 2340 eius
391 2302 534 2342 faciem
545 2301 670 2340 habes
688 2302 798 2355 apud
816 2302 931 2341 Mar—

189 2360 336 2399 tinum.
357 2361 406 2399 cf.
432 2361 588 2400 Colum.
610 2360 681 2411 IX,
707 2364 746 2412 9,
772 2363 840 2410 13,
858 2361 931 2399 ubi

191 2424 232 2457 et
249 2418 318 2457 hic
343 2432 486 2458 versus
506 2419 723 2469 laudatur,
756 2425 795 2458 et
814 2433 846 2458 e.
863 2423 928 2462 12.

190 2475 258 2519 64.
291 2479 446 2516 Matris
465 2479 667 2530 cymbala,
698 2478 741 2517 in
762 2478 930 2530 Magnae

188 2534 332 2574 Matris
355 2536 549 2588 Deorum,
582 2537 772 2590 Cybeles,
805 2537 930 2576 sacris

190 2593 375 2632 adhiberi
406 2595 545 2646 solita,
587 2602 636 2634 ut
654 2602 811 2635 notum.
853 2596 931 2634 Ce—

188 2659 326 2692 terum
354 2652 510 2692 tinnitu
542 2655 645 2693 aeris
675 2668 770 2707 apes
790 2654 874 2706 cogi
894 2659 933 2692 et

188 2711 232 2749 in
262 2711 438 2750 alvearia
478 2712 618 2763 condi,
668 2726 732 2752 res
773 2713 934 2765 vulgari

189 2783 268 2809 usu
305 2770 476 2822 cognita.
546 2772 738 2810 Caussam
790 2771 855 2809 alii
909 2785 932 2809 a

187 2835 321 2878 metu,
352 2834 401 2867 ut
419 2829 551 2868 Varro
570 2829 636 2879 ΙΙΙ,
663 2832 730 2880 16,
751 2832 820 2871 30.
850 2830 932 2867 Co—

186 2887 285 2927 lum.
316 2887 387 2937 IX,
409 2889 447 2938 8,
474 2891 540 2929 10.
564 2891 632 2937 12,
655 2890 699 2938 1,
731 2887 843 2938 quod
863 2901 930 2925 se-

189 2946 332 2997 quitur
379 2946 567 2985 Lucanus
608 2946 692 2996 IX,
723 2943 808 2988 284
842 2959 927 2998 sqq.

188 3004 435 3056 pulcerrimo
456 3005 570 3057 loco;
602 3005 671 3044 alii
688 3019 712 3042 a
730 3004 926 3057 volupta—

996 1194 1114 1239 tunt,
1156 1194 1206 1228 ut
1243 1186 1414 1228 Aristot.
1461 1187 1568 1227 Hist.
1601 1187 1734 1228 Anim.

996 1247 1067 1298 IX,
1087 1247 1155 1289 40.
1173 1246 1274 1286 Plin.
1301 1247 1375 1297 XI,
1396 1250 1465 1298 20,
1484 1261 1515 1286 5.
1537 1248 1607 1289 22.
1626 1247 1734 1286 Geo-

994 1320 1090 1360 pon.
1116 1306 1206 1356 XV,
1243 1308 1282 1348 3.
1307 1305 1418 1357 quod
1443 1306 1529 1359 ipse
1545 1305 1734 1358 Virgilius

994 1364 1109 1417 sequi
1141 1364 1309 1403 videtur
1335 1364 1406 1403 ins.
1438 1364 1515 1407 151
1551 1363 1734 1403 Curetum

994 1425 1149 1462 sonitus
1180 1424 1500 1476 crepitantiaque
1528 1436 1627 1461 aera
1666 1437 1733 1461 se-

993 1490 1157 1535 quutae.
1221 1481 1340 1520 Prior
1371 1481 1477 1520 ratio
1501 1494 1547 1520 eo
1568 1480 1734 1521 videtur

991 1554 1109 1594 posse
1143 1540 1425 1593 comprobari,
1470 1538 1582 1592 quod
1612 1540 1734 1579 meti-

994 1599 1177 1638 culosum
1196 1599 1378 1637 animans
1401 1598 1524 1637 etiam
1545 1597 1645 1637 echo
1664 1612 1734 1638 re-

993 1657 1191 1697 formidat
1224 1655 1326 1712 (vid.
1354 1671 1393 1696 v.
1427 1655 1526 1711 50),
1569 1662 1619 1696 et.
1637 1657 1734 1710 pul—

993 1717 1103 1756 veris
1128 1716 1240 1755 iactu
1279 1730 1303 1754 a
1341 1729 1477 1768 pugna
1513 1722 1734 1756 revocatur

992 1789 1032 1815 v.
1061 1777 1130 1817 86.
1163 1777 1230 1817 87.
1281 1775 1411 1814 Van-0
1441 1773 1514 1827 ΙΙΙ,
1552 1776 1628 1824 16,
1665 1777 1733 1817 30.

991 1833 1145 1872 Locum
1166 1833 1289 1872 etiam
1309 1838 1403 1870 ante
1430 1832 1568 1871 oeulos
1590 1832 1734 1873 habuit

993 1891 1204 1931 Claudian.
1227 1891 1401 1930 XXVIII
1435 1888 1505 1945 (de
1531 1891 1586 1930 VI
1614 1891 1732 1932 Cous.

990 1948 1187 2004 Honor.),
1228 1951 1312 1993 259
1341 1962 1426 2001 sqq.
1497 1948 1565 1992 65.
1602 1951 1734 1989 medi-

990 2012 1094 2047 catis
1121 2008 1304 2057 sedibus,
1347 2007 1389 2047 11.
1412 2008 1456 2046 in
1483 2007 1575 2046 loco
1603 2009 1733 2048 succis

996 2067 1188 2120 adsperso
1207 2073 1248 2106 et
1270 2066 1412 2106 oblito.
1443 2066 1646 2105 medicare
1665 2082 1731 2106 ..se-

990 2128 1105 2165 mina
1124 2126 1302 2166 vidimus
1335 2125 1405 2164 Ge.
1427 2125 1456 2175 1,
1478 2127 1573 2167 193.
1599 2140 1732 2165 cima—

990 2184 1088 2223 bula
1107 2185 1268 2238 pulcre,
1303 2184 1399 2236 quia
1420 2183 1470 2222 de
1491 2184 1578 2222 fetu
1596 2198 1730 2237 apum.

1050 2245 1106 2286 67
1126 2257 1212 2296 sqq.
1244 2243 1379 2293 Quem
1405 2242 1470 2281 alii
1496 2242 1628 2296 Intpp.
1649 2242 1730 2283 ho-

988 2315 1084 2341 rum
1104 2316 1300 2343 versuum
1318 2315 1472 2340 nexum
1494 2300 1568 2340 sibi
1594 2301 1730 2341 finxe—

988 2361 1073 2400 rint
1092 2391 1102 2411 ,
1162 2360 1351 2413 equidem
1396 2374 1480 2398 non
1527 2373 1729 2412 assequor.

989 2420 1132 2458 Solent
1169 2420 1278 2459 enim
1310 2419 1381 2458 illa
1403 2449 1414 2469 ,
1465 2432 1565 2457 nam
1609 2433 1730 2471 saepe

988 2478 1143 2517 duobus·
1169 2502 1228 2509 —
1258 2477 1462 2516 discordia
1507 2485 1617 2514 mota
1637 2508 1648 2528 ,
1685 2477 1730 2517 in

988 2535 1225 2590 parenthesi
1235 2549 1388 2589 ponere
1402 2533 1541 2589 (quam
1556 2533 1626 2574 hic
1637 2550 1728 2575 sus-

989 2594 1185 2650 tulimus)
1225 2601 1287 2644 et,
1339 2606 1442 2646 quae
1475 2601 1727 2645 sequuntur,

991 2654 1211 2706 apodoseos
1254 2654 1344 2692 1000
1384 2651 1534 2691 habere
1543 2668 1555 2704 3
1594 2653 1728 2693 invito

989 2713 1110 2765 plane
1136 2726 1282 2762 sensu,
1334 2717 1375 2749 et
1408 2710 1609 2764 particula
1650 2727 1727 2764 que

992 2770 1133 2809 otiosa.
1194 2770 1274 2808 Sed
1299 2774 1420 2823 poeta
1443 2769 1727 2823 negligentiore

991 2829 1174 2868 oratione
1207 2842 1306 2867 usus
1335 2834 1416 2878 est,
1459 2834 1523 2879 et,
1567 2828 1665 2867 dum
1681 2828 1727 2869 in

990 2887 1277 2940 digressionem
1315 2886 1547 2939 abripitur,
1600 2900 1726 2940 prae-

988 2947 1281 2985 stantissimum
1300 2946 1482 2984 omnium
1504 2946 1725 2984 confessio-

986 3019 1038 3044 ne
1069 3006 1207 3045 locum
1226 3035 1236 3055 ‚
1292 3003 1488 3057 apodosin
1525 3018 1609 3043 non
1646 3004 1725 3043 nisi

188 3069 251 3113 te,
283 3077 406 3116 quam
425 3077 477 3103 ex
495 3063 634 3104 sonitu
652 3063 832 3117 capiunt,
850 3076 925 3117 pe-
983 3077 1023 3104 v.
1046 3066 1113 3107 86.
1139 3067 1196 3107 87
1226 3061 1462 3114 subiunxit5
1501 3062 1557 3101 ita
1588 3068 1637 3102 ut
1654 3076 1723 3103 re-
