1768 3320
207 257 325 289 cxvl
495 242 551 290 P.
591 238 885 290 VIRGILII
924 234 1240 286 MARONIS
1279 234 1447 283 VITA

315 314 341 327 ς,

206 377 328 424 poeta
350 383 432 409 non
465 369 543 408 nisi
574 368 710 407 Asinio
740 367 918 407 Pollione
948 367 1107 417 fugato,
1148 368 1341 416 expertus
1379 375 1485 411 esse,
1522 367 1572 401 ut
1601 362 1739 415 paullo

207 428 521 479 ante-vidimus,
552 433 745 467 narratur
767 427 809 464 in
829 427 941 463 Serv.
963 424 1012 461 ad
1032 423 1112 462 Ecl.
1131 422 1203 470 IX,
1229 424 1279 463 11
1305 435 1403 473 qu0,
1434 420 1635 471 Pollione,
1653 421 1739 474 fu-
1766 438 1768 440 ·

203 496 306 539 gato
321 517 332 536 ,
366 500 502 524 rursus
525 485 574 524 de
585 485 769 537 praediis
789 485 874 520 suis
880 483 1025 534 ficerat
1051 480 1255 531 Virgilius
1278 479 1483 530 expulsus,

323 545 364 582 Si
384 557 572 595 quaeras,
604 557 682 594 qua
710 542 868 580 ratione
896 547 1015 593 poeta
1042 539 1191 576 iterum
1210 537 1255 576 in
1283 551 1400 589 agros
1414 548 1515 575 ‘'suos
1539 536 1737 576 reductus

206 603 345 643 suerit:
376 602 562 641 Servium
593 600 716 639 habes
746 600 965 637 Comment.
1002 598 1045 635 in
1074 596 1211 635 Bucol.
1237 609 1300 648 pr.
1328 593 1371 647 §.
1396 594 1448 636 14
1474 601 1736 634 narrantem:

206 663 357 700 Postea
382 659 434 697 ab
453 660 641 711 Augusto
666 658 797 696 missis
823 658 1061 704 triumviris,
1101 663 1136 692 et
1156 656 1241 705 ipsi
1257 655 1414 705 integer
1436 667 1540 705 ager
1570 662 1627 691 est
1642 653 1736 691 red-—

207 718 340 767 dilus,
375 726 410 755 et
433 718 680 756 Mantuanis
702 730 778 766 pro
802 723 931 765 parte.
991 714 1035 752 In
1071 726 1192 764 quam
1229 712 1472 751 sententiam
1494 711 1603 750 idem
1637 711 1734 750 ibid.

207 777 500 828 interpretatur
536 788 676 813 versus
712 776 761 814 11
786 786 869 823 sqq.
905 771 982 810 Ecl.
1009 771 1080 809 IX.
1139 770 1219 809 Vix
1248 775 1387 808 tamen
1412 769 1517 808 illud
1541 768 1622 808 hoc
1647 771 1735 822 ipso

208 848 312 872 anno
346 834 432 872 fieri
465 832 621 884 potuit,
663 845 742 883 quo
772 830 921 869 bellum
951 828 1188 868 Perusinum
1217 828 1391 878 exarsit,
1423 842 1504 880 quo
1520 828 1601 867 late
1620 828 1735 867 Italia
1766 869 1768 872 ,

207 891 488 944 conflagravit3
517 891 651 941 itaque
669 890 790 927 rebus
808 887 968 927 demum
986 887 1174 940 pactione
1191 886 1436 925 Brundisina
1453 900 1491 924 a.
1515 885 1600 928 714
1621 895 1735 926 com-
1756 897 1765 906 '

207 951 347 1003 positis
369 950 413 988 id
429 962 510 986 esse
531 949 680 987 sactum
695 977 705 996 ,
735 946 1015 999 rectius'ponit
1034 946 1232 983 Martinus
1253 959 1292 998 p.
1315 945 1378 984 LI.

319 1006 546 1046 Mantuanis
563 1012 695 1044 autem
718 1005 834 1043 simul
853 1006 893 1043 in
907 1004 1058 1055 Virgilii
1079 1003 1250 1055 gratiam
1273 1016 1464 1055 agrorum
1485 1009 1645 1056 partem
1665 1016 1734 1041 re-

207 1066 389 1104 stitutam
407 1078 500 1114 esse,
513 1065 607 1102 satis
623 1063 828 1116 probabile
839 1063 886 1101 fit
896 1076 946 1101 ex
958 1063 1039 1101 Ecl.
1050 1062 1121 1112 IX,
1135 1065 1161 1104 7
1167 1085 1214 1091 —
1234 1064 1299 1104 10.
1312 1062 1417 1101 conf.
1427 1063 1541 1102 Serv.
1553 1062 1654 1101 adv.
1667 1064 1731 1103 10.

810 1155 872 1204 U.
912 1153 967 1204 C.
1004 1155 1122 1203 714.

359 1239 440 1287 Cn.
464 1239 702 1284 Domitius
729 1237 956 1284 Calvinus
979 1238 1049 1285 II.
1112 1236 1165 1284 C.
1191 1235 1388 1283 Asinius
1410 1236 1580 1285 Pollio.

555 1314 779 1366 Suffecti
805 1315 903 1365 sub
941 1316 1140 1365 exitum
1167 1315 1376 1380 anni*):

468 1426 522 1472 L.
566 1424 812 1471 Cornelius
845 1424 1045 1473 Balbus.
1121 1425 1177 1472 P.
1221 1423 1467 1472 Canidius,

560 1523 604 1554 α.
634 1507 684 1554 C.
711 1508 791 1555 40.
873 1507 1069 1570 Virgilii
1106 1510 1173 1556 30
1195 1535 1267 1543 --
1285 1508 1366 1556 31.

314 1586 468 1625 Bellum
510 1587 761 1627 Perusinum.
825 1588 1074 1628 Octavianus
1103 1589 1145 1627 L.
1185 1587 1412 1628 Antonium
1447 1586 1732 1638 Perusiamque

202 1644 343 1682 urbem
371 1644 573 1684 deditione
610 1646 764 1698 accipit.
824 1647 906 1685 Sub
936 1647 1032 1685 anni
1065 1646 1187 1686 huius
1216 1647 1378 1686 initium
1408 1645 1662 1689 Scriboniam
1687 1646 1731 1683 in

202 1702 502 1741 matrimonium
523 1703 655 1754 ducit,
686 1704 782 1742 fecit
811 1711 944 1743 tamen
972 1719 1062 1744 cum
1087 1719 1132 1744 ea
1155 1705 1381 1745 divortium
1406 1718 1512 1743 anno
1533 1703 1730 1755 sequenti,

203 1766 388 1813 suscepta
410 1774 460 1798 ex
490 1774 534 1798 ea
556 1762 675 1800 Iulia:
709 1763 779 1801 Dio
806 1763 981 1815 XLVIII,
1002 1767 1054 1806 16
1076 1771 1116 1803 et
1136 1763 1204 1805 34.
1266 1764 1390 1813 Cum,
1420 1762 1474 1802 M.
1497 1761 1665 1801 Antonii
1686 1761 1730 1800 in

205 1817 359 1856 Italiam
380 1818 581 1868 adventu,
612 1821 787 1859 maxima
808 1822 1007 1872 omnium,
1037 1836 1088 1861 ne
1108 1822 1261 1861 bellum
1289 1821 1615 1870 recrudesceret,
1644 1820 1731 1869 >sol-

204 1875 368 1914 licitudo
400 1883 521 1927 esset,
563 1878 605 1916 L.
626 1879 811 1929 Cocceio,
842 1882 1044 1920 communi
1075 1881 1225 1931 amico,
1257 1894 1349 1919 cum
1380 1886 1558 1931 utroque
1575 1876 1728 1931 age'iite,

204 1939 245 1971 et
259 1933 486 1973 Maecenate
507 1941 545 1973 et
567 1936 743 1975 Pollione
764 1937 953 1978 adhibitis
973 1937 1160 1993 (Appian.
1182 1953 1272 1992 pag.
1291 1941 1416 1981 1126.
1477 1938 1550 1977 Dio
1570 1937 1728 1986 XLVII,

204 1990 301 2045 28),
331 2005 428 2044 paee
443 1993 705 2045 Brundisina,
738 1996 911 2035 amicitia
930 1997 1034 2036 inter
1055 1998 1325 2037 Octavianum
1349 1995 1635 2035 etAntonium
1649 1995 1728 2034 ite-

202 2062 296 2114 rum
318 2050 487 2101 coaluit;
518 2051 569 2090 ad
589 2066 706 2103 quam
727 2060 844 2093 tanto
870 2056 994 2108 magis
1021 2056 1265 2095 firmandam
1293 2055 1347 2094 M.
1377 2054 1581 2094 Antonius
1602 2053 1728 2092 Octa-

204 2120 330 2156 viam,
361 2108 570 2148 Octaviani
605 2125 806 2162 sororem,
838 2115 949 2152 cuius
976 2115 1146 2153 maritus
1178 2114 1516 2166 nuper-obierat,
1555 2126 1728 2152 uxorem

205 2163 334 2203 duxit.
393 2166 490 2205 Mox
518 2181 608 2206 cum
640 2171 749 2210 Sext.
782 2171 1014 2224 Pompeius,
1067 2174 1137 2225 qui
1178 2173 1370 2212 classibus
1396 2185 1508 2211 mare
1549 2171 1727 2221 tenebat,

205 2229 430 2287 commeatu
448 2225 589 2265 urbem
607 2227 920 2279 intercluderet,
952 2231 1056 2269 fame
1076 2239 1268 2283 urgente,
1302 2231 1351 2269 de
1368 2243 1466 2284 pace
1490 2244 1583 2269 cum
1602 2231 1726 2268 Sexto

204 2293 265 2331 agl
295 2288 482 2346 coeptum
503 2290 586 2334 est,
617 2299 696 2336 qua
723 2288 976 2341 proscriptis,
1018 2290 1086 2341 qui
1105 2290 1157 2328 ad.
1174 2303 1267 2329 eum
1292 2290 1580 2342 confugerant,
1614 2287 1726 2326 redi-

204 2343 271 2375 tus
288 2353 340 2403 ‘m
372 2340 511 2379 urbem
544 2348 583 2379 et
610 2343 863 2383 incolumitas
894 2354 1012 2399 pacta
1044 2354 1114 2387 est.
1182 2349 1265 2386 [am
1291 2361 1395 2401 quae
1427 2361 1479 2387 ex
1514 2346 1577 2386 his
1603 2345 1727 2386 huius

204 2409 298 2433 anm
320 2397 415 2434 actis
437 2399 487 2436 ad
508 2400 715 2451 Virgilium
732 2404 982 2455 pertineant,
1010 2407 1146 2458 paullo
1173 2406 1352 2446 curatius
1374 2406 1597 2446 videamus.

304 2455 475 2518 ’Perusia
495 2463 630 2510 capta,
661 2467 748 2498 tota
773 2462 889 2501 simul
909 2463 1037 2502 Gallia
1061 2465 1260 2518 Cisalpina
1286 2478 1378 2504 cum
1400 2464 1566 2516 reliquis
1587 2462 1725 2501 Galliis

203 2517 243 2548 et
261 2511 459 2564 Hispaniis
490 2515 530 2553 in
563 2516 737 2556 Caesaris
765 2520 954 2559 ditionem
983 2524 1107 2562 venit.
1130 2523 1211 2562 vid.
1235 2523 1406 2577 Appian.
1422 2537 1461 2576 p.
1485 2520 1597 2564 1114
1620 2527 1725 2560 extr·

203 2569 340 2619 ltaque
362 2576 460 2636 tum·
480 2572 638 2612 demum
659 2576 820 2628 Virgilio
842 2592 957 2629 agros
985 2595 1076 2619 suos
1090 2612 1100 2631 ,
1132 2588 1350 2633 postquam
1372 2595 1438 2620 eos
1455 2580 1604 2620 iterum
1623 2579 1726 2618 ami-

201 2634 329 2676 serat,
367 2635 574 2669 restitutos
610 2646 714 2682 esse,
752 2636 912 2674 credere
944 2637 1049 2677 licet.
1109 2640 1404 2679 Testificandae
1430 2651 1524 2678 suae
1548 2637 1725 2676 laetitiae

199 2691 414 2736 grataeque
444 2688 664 2727 voluntatis
695 2706 831 2730 caussa
857 2694 897 2731 in
929 2695 1027 2734 Vari
1045 2696 1265 2748 honorem,
1293 2699 1413 2742 cuius
1434 2710 1554 2750 opera
1576 2709 1723 2735 secun-

201 2741 298 2808 <¹U¹J1
324 2743 403 2782 Ecl·
428 2744 497 2793 ῙΧ,
519 2749 574 2787 27
593 2762 675 2798 sqq.
708 2763 752 2786 ea
773 2764 836 2787 res
856 2753 1033 2803 perfecta
1052 2756 1203 2805 suerat,
1234 2758 1440 2809 Eelogam
1457 2763 1617 2794 sextam
1633 2760 1724 2793 tum

199 2807 389 2853 scriptam
411 2814 513 2867 e⁵⁵.e'
556 2805 743 2856 opinatur
768 2808 966 2848 Martinus
996 2827 1033 2863 p.
1064 2814 1148 2852 LVI.
1176 2820 1216 2852 et
1236 2829 1275 2867 p.
1299 2814 1394 2857 149.
1453 2813 1612 2862 Fuisse,
1653 2811 1724 2863 qui

198 2865 352 2897 sextam
370 2873 547 2898 ommuni
569 2863 697 2913 primo
718 2865 806 2903 loco
831 2868 1021 2919 scriptam
1041 2883 1122 2908 esse
1143 2872 1336 2923 (licerent,
1367 2873 1549 2911 Donatus
1567 2871 1611 2909 in
1629 2870 1723 2909 Vita

244 2960 273 3005 *)
297 2961 400 3007 Apud
419 2962 560 3016 Gruter.
580 2976 613 3008 p.
635 2966 670 2998 C.
693 2967 713 3000 8
732 2968 884 3002 Marmor
899 2970 1022 3004 visitur
1035 2998 1043 3014 ‚
1069 2986 1099 3006 a.
1123 2973 1157 3007 d.
1176 2976 1225 3009 JV
1243 2976 1294 3009 Id.
1318 2974 1463 3009 Octobr.
1481 2973 1543 3007 cn.
1564 2971 1720 3007 Domitio

291 3015 327 3041 et
348 3008 386 3041 C.
408 3011 531 3043 Asinio
555 3012 650 3045 Coss.
675 3012 889 3060 inscriptum.
923 3060 925 3063 y
