1734 3320
163 200 266 249 426
493 197 550 247 Ρ.
586 191 947 247 VIRGILII
981 193 1364 244 MARONIS

162 325 231 374 At
252 337 389 390 quae
407 321 624 389 'pinguis
643 321 857 386 humuS‚
897 320 1152 389 dulcique
1178 320 1379 386 uligine
1402 318 1553 382 laeta,

166 393 383 461 Quique
437 389 699 460 frequens
755 391 939 442 herbis
988 400 1041 442 et
1085 390 1274 442 fertilis
1325 389 1498 440 ubere
1549 405 1692 438 cam—

953 479 1081 530 pus;
1291 516 1293 518 ,
1593 461 1691 511 185

168 531 400 596 Qualem
420 549 580 599 saepe
602 549 724 582 cava
742 533 944 582 montis
969 531 1208 582 convalle
1229 530 1468 581 solemus

162 603 482 669 Despicere:
519 602 626 652 huc
648 603 872 651 summis
894 601 1176 670 liquuntur
1197 601 1422 668 rupibus
1445 614 1648 662 amnes,

161 672 511 741 Felicemque
529 672 750 722 trahunt
779 673 1001 736 limum3
1041 673 1243 741 quique
1263 671 1438 722 editus
1457 677 1656 733 austrO,

239 772 351 819 187.
387 770 677 817 DISPICERE

214 894 283 931 184
306 899 358 930 At
390 908 460 941 que
477 893 609 928 Medic.
643 906 664 928 a
687 906 732 928 m.
757 906 812 939 pr.
844 902 880 928 et
909 895 1001 929 Gud.
1047 897 1171 941 Atque
1196 901 1232 928 et
1256 892 1345 927 alter
1362 892 1501 936 Meuag.
1533 893 1584 924 Ec
1599 901 1693 936 quae

162 943 289 977 Franc.
371 943 440 978 187
463 942 653 989 Dispicere
669 941 791 975 Heius.
809 948 930 976 tuetur
949 942 1007 976 hic
1028 949 1064 976 et
1081 942 1126 976 ad
1145 944 1231 975 Aen.
1255 942 1316 983 VI,
1342 938 1414 976 ‘734
1436 951 1455 972 e
1471 937 1563 973 Gud.
1583 937 1692 970 Men-

162 990 226 1024 tel.
259 997 292 1023 et
313 990 453 1034 Menag.
501 990 698 1035 Despicere
726 989 854 1034 vulgo,
898 990 994 1036 quod
1018 996 1138 1023 tuetur
1157 988 1302 1023 Wakef.
1328 987 1373 1021 ad
1398 987 1538 1020 Lucret.
1556 986 1598 1028 ΙΙ,
1622 983 1691 1020 741

164 1043 202 1071 et
223 1037 366 1070 defendi
383 1042 518 1081 potest.
569 1037 666 1081 (Non
694 1036 780 1070 satis
808 1044 968 1071 accurate
994 1037 1152 1082 Heynius
1174 1036 1211 1069 in
1232 1037 1319 1070 Not.
1340 1034 1487 1068 verbum
1515 1033 1694 1078 dispicere

165 1084 317 1129 explicat
335 1096 400 1129 per
416 1084 652 1139 prospicere,
677 1085 823 1126 videre,
849 1097 937 1130 quae
957 1083 1166 1130 significatio
1188 1094 1315 1117 vereor
1331 1088 1371 1115 ut
1400 1080 1571 1125 exemplis
1592 1091 1693 1113 com—

161 1131 310 1178 probari
328 1138 455 1177 poss1t.
487 1132 678 1177 Dispicere
697 1138 768 1165 est:
793 1131 866 1164 huo
883 1133 973 1166 illuc
995 1133 1121 1166 oculos
1138 1128 1541 1175 coniicere‘quaerendi
1557 1138 1692 1167 cau-5125

162 1178 246 1212 hinc
263 1179 359 1212 valet
380 1180 610 1224 investigare
630 1184 737 1224 atque
765 1179 816 1212 ita
841 1179 1018 1222 invenire,
1051 1186 1086 1213 et
1114 1186 1152 1212 ut
1176 1177 1365 1223 plurimum
1383 1177 1428 1210 de
1446 1175 1552 1209 rebus
1572 1174 1693 1209 laten-

162 1226 256 1260 tibus
275 1234 311 1260 et
330 1226 460 1260 abditis
489 1225 628 1259 dicitur.
679 1228 777 1268 Quae
805 1227 904 1260 notio
938 1239 1040 1273 quam
1062 1225 1204 1271 egregie
1235 1225 1308 1258 toti
1332 1222 1530 1258 sententiae
1560 1233 1693 1255 conve—

160 1273 254 1315 niat,
289 1274 394 1308 facile
424 1280 592 1318 apparet:
628 1273 809 1320 dispicere
834 1274 927 1307 enim
957 1274 1002 1307 de
1034 1286 1076 1307 eo
1107 1274 1240 1307 dictum
1259 1271 1491 1317 accipiemus,
1518 1268 1578 1316 qui
1594 1269 1692 1303 eius—

160 1321 260 1355 modi
279 1321 416 1364 locum,
439 1321 564 1355 vineae
586 1320 792 1355 condendae
811 1328 951 1367 aptum,
975 1321 1141 1355 inveniat.
1187 1321 1440 1355 Verumtamen
1457 1318 1602 1351 iubente
1620 1327 1693 1361 po—

162 1369 293 1403 tiorum
309 1368 476 1403 codicum
494 1368 705 1402 auctoritate
725 1369 912 1416 despicere
930 1368 1069 1414 recepi,
1103 1368 1200 1413 quod
1225 1374 1306 1401 ante
1326 1379 1383 1400 me
1407 1366 1569 1400 fecerunt
1586 1364 1691 1399 Voss.

163 1423 201 1450 et
218 1417 315 1450 Iahn.
363 1417 562 1463 Despicere
581 1423 651 1449 est:
677 1415 794 1449 locum
810 1416 1016 1450 inferiorem
1035 1428 1077 1449 ex
1094 1415 1224 1449 altiore
1246 1414 1467 1459 prospicere.
1514 1411 1587 1447 Sed
1605 1411 1693 1456 quid

160 1464 250 1498 hoc:
289 1464 477 1511 despicere
506 1476 601 1497 cava
631 1465 766 1496 montis
793 1464 988 1497 convalle?
1034 1466 1082 1498 At
1109 1464 1213 1497 docte
1241 1461 1398 1495 Huschk.
1430 1461 1476 1494 ad
1505 1459 1638 1494 Tibull.
1665 1461 1692 1502 1,

160 1509 196 1555 4,
220 1510 296 1547 49.;
330 1511 465 1554 „altae
483 1510 602 1545 valles
620 1510 712 1543 nihil
732 1510 826 1544 aliud
839 1537 848 1553 ,
873 1510 943 1544 nisi
960 1511 1074 1546 colles
1094 1517 1191 1552 sunt,
1217 1510 1261 1544 cs.
1286 1511 1348 1551 IV,
1371 1509 1406 1551 3,
1430 1509 1464 1544 7.
1480 1535 1489 1551 ‚
1511 1507 1569 1541 vel
1587 1506 1693 1540 etiam

162 1571 276 1592 cavae
294 1559 472 1592 montium
491 1558 699 1599 convalles,
723 1558 824 1603 Virg.
842 1559 905 1592 Ge.
925 1560 976 1601 11,
1012 1560 1091 1594 186.
1115 1557 1192 1592 Liv.
1210 1558 1288 1600 VII,
1312 1555 1390 1592 24:
1425 1555 1652 1602 Propulistis
1669 1567 1693 1588 a

162 1607 314 1649 castris,
340 1605 466 1650 supina
483 1605 576 1638 valle
595 1604 809 1650 praecipites
828 1607 974 1653 egistis,
1000 1606 1132 1639 stratis
1149 1603 1364 1652 corporibus
1380 1604 1540 1637 hostium
1558 1613 1699 1657 sapen.

164 1654 286 1687 statis.
337 1653 520 1699 Complete
537 1653 664 1686 eadem
683 1661 811 1699 strage
831 1665 994 1699 campos,
1032 1665 1106 1698 qua
1122 1659 1261 1686 montes
1278 1652 1485 1698 replestis.“
1522 1651 1638 1683 ‘Ratio
1655 1649 1693 1683 iu

162 1707 317 1745 promtu.
350 1701 447 1745 Wr.)
474 1700 534 1734 hic
556 1700 664 1734 Goth.
684 1712 738 1744 pr.
772 1701 996 1746 linquuntur
1011 1700 1141 1734 Medic.
1165 1713 1184 1733 a
1201 1713 1246 1733 m.
1267 1711 1337 1733 sec.
1360 1704 1397 1732 et
1417 1697 1490 1732 alii.
1517 1698 1593 1744 (sed
1611 1710 1636 1731 η
1655 1696 1692 1730 iu

160 1748 290 1782 Medic.
308 1760 328 1781 a
345 1760 451 1781 manu
472 1746 582 1780 multo
599 1747 799 1781 recentiore
818 1747 948 1781 addita.
981 1747 1076 1791 Wr.)
1120 1748 1310 1793 liquentur
1336 1747 1427 1780 Ven.
1458 1745 1502 1779 cf.
1533 1745 1579 1778 ad
1605 1747 1691 1779 Aen.

161 1797 224 1851 111,
243 1796 301 1830 28.
335 1793 522 1828 montibus
550 1795 682 1828 Moret.
708 1800 823 1840 quart.

161 1844 223 1876 Io:
238 1842 425 1876 Schrader.

161 1939 233 1978 ubi
265 1938 430 1977 oleastri
454 1938 686 1991 frequentes
722 1951 900 1977 nascun-

160 2003 245 2036 tur.

223 2053 485 2097 184—191.
516 2053 656 2092 Solum
675 2054 822 2106 pingue
834 2054 901 2094 vi-

160 2114 270 2153 tibus
293 2112 472 2152 colendis
491 2112 685 2152 idoneum
712 2118 783 2151 est.
842 2113 901 2151 At,

161 2173 332 2222 hamus,
375 2186 481 2225 quae
502 2173 677 2223 pinguis
710 2176 752 2209 et
779 2171 900 2224 uligi-

161 2245 262 2269 nosa
281 2238 356 2280 est,
388 2238 425 2268 et
452 2244 643 2281 campus,
676 2231 750 2282 qui
768 2230 899 2268 editus

162 2300 298 2328 austro
320 2319 332 2337 ,
384 2301 527 2327 versus
567 2295 774 2338 austrum,
813 2297 870 2326 esc
883 2318 895 2337 ,

163 2356 266 2386 et—
280 2347 348 2385 hic
367 2346 439 2384 tibi
465 2346 643 2400 sufficiet
673 2348 771 2384 olim
798 2348 899 2385 viles

156 2405 454 2457 praevalidas,
500 2403 541 2444 h.
573 2418 606 2444 e.
645 2404 799 2444 vitibus
826 2419 898 2443 co-

161 2464 291 2503 lendis
324 2463 495 2502 idoneus
543 2469 615 2502 est.
681 2463 899 2515 Pinguedi-

164 2536 258 2562 nem
283 2528 325 2559 et
355 2521 452 2559 uber
487 2520 529 2560 h.
557 2522 790 2560 ubertatem
826 2521 901 2560 soli

164 2579 266 2636 (vid.
296 2579 349 2618 ad.
377 2578 476 2617 Aen.
510 2580 527 2617 I
544 2610 554 2630 ,
577 2578 680 2634 531)
723 2579 900 2619 colendis

163 2638 380 2678 convenire
399 2637 549 2677 vitibus
562 2668 573 2688 ‚
615 2638 735 2677 docet
756 2644 899 2690 poeta:

163 2697 425 2737 consentiunt
444 2696 503 2734 rei
525 2696 699 2735 rusticae
722 2697 898 2748 scripto—

162 2769 244 2796 res:
274 2762 326 2794 ut.
352 2754 511 2807 copiose
542 2754 722 2793 ostendit
753 2755 895 2793 Cerda.

162 2814 266 2855 Vide
286 2812 469 2867 inprimis
490 2812 644 2851 Colum.
673 2812 739 2861 III,
768 2815 832 2862 11,
856 2815 894 2854 8.

163 2873 324 2912 Scilicet
359 2870 620 2911 referendum
660 2876 701 2908 et
732 2869 812 2908 hoc
843 2870 896 2908 ad

164 2931 325 2971 diversa
344 2930 492 2970 vitium
523 2942 668 2982 genera
693 2933 735 2966 et
756 2928 895 2967 diver—

164 3004 250 3029 sam
266 2988 366 3029 caeli
391 2987 544 3041 solique
566 2993 769 3027 naturam.
792 2988 894 3038 pin-

930 1796 998 1831 188
1021 1794 1168 1829 obditus
1193 1794 1252 1828 vel
1280 1793 1417 1827 uvidus
1440 1801 1572 1827 austro
1599 1791 1691 1826 coni.

954 1940 1076 1991 guis:
1097 1951 1189 1990 opp.
1209 1936 1324 1976 tenui
1340 1935 1511 1988 argillae.
1545 1937 1693 1978 186—

962 1999 1058 2038 189.
1095 1995 1246 2035 indicia
1282 1995 1375 2033 talis
1410 1994 1485 2033 soli
1516 1994 1561 2032 in
1590 2007 1691 2032 con-

956 2054 1131 2094 vallibus
1144 2062 1184 2092 et
1202 2054 1245 2093 in
1257 2053 1438 2092 collibus.
1490 2054 1584 2094 187.
1607 2053 1691 2091 Dc·-

956 2115 1106 2164 spicere
1125 2127 1200 2166 pro
1229 2112 1408 2165 vulgari,
1448 2110 1690 2164 prospicere,
1728 2137 1731 2139 -

956 2171 1109 2211 videre.
1131 2169 1220 2225 (sed
1231 2170 1315 2210 vid.
1330 2171 1378 2210 V.
1389 2171 1432 2208 L.
1467 2169 1539 2209 W
1532 2167 1587 2224 r.)
1610 2169 1691 2207 huc

957 2231 1167 2282 liquuntur
1179 2251 1254 2279 ‚—
1271 2230 1418 2281 quique
1445 2227 1575 2266 editus
1595 2227 1688 2266 Au-

956 2296 1057 2338 stra,
1088 2289 1131 2327 in
1151 2287 1310 2340 vulgari
1336 2286 1520 2326 oratione
1537 2285 1689 2335 suisset,

956 2361 1035 2399 quo
1052 2369 1110 2375 —-
1128 2347 1339 2399 liquantur
1364 2353 1401 2383 et
1432 2346 1576 2383 limum
1604 2352 1690 2383 tra—

954 2405 1056 2443 hunt
1068 2420 1084 2452 ;
1109 2412 1183 2443 aut
1200 2405 1365 2457 qualem
1384 2417 1476 2442 eum
1497 2417 1691 2454 campum

956 2463 1141 2503 videmus
1154 2493 1165 2512 ‚
1199 2465 1272 2515 qui
1300 2462 1429 2500 editas
1454 2463 1617 2510 Austro,
1646 2459 1688 2500 h.

957 2534 1099 2560 ver-sus
1115 2519 1308 2559 Austrum
1319 2550 1329 2570 ,
1361 2519 1542 2570 adeoque
1560 2519 1597 2557 ei
1615 2533 1689 2558 ex-

955 2579 1112 2631 positus
1133 2585 1205 2618 est.
1223 2578 1338 2629 felix
1359 2579 1503 2626 limus,
1531 2576 1583 2629 ad
1605 2578 1689 2616 ser-

955 2637 1143 2675 tilitatem
1208 2636 1383 2686 faciens,
1453 2635 1688 2675 secundans.

958 2697 1054 2737 188.
1069 2697 1164 2737 189.
1194 2693 1360 2746 Magnus
1378 2699 1606 2744 auctorum,
1619 2694 1690 2746 qui

955 2752 1005 2791 de
1027 2753 1179 2792 vitibus
1203 2752 1381 2791 colendis
1398 2752 1613 2804 scripsere,
1644 2752 1687 2790 in

952 2810 1032 2849 hoc
1063 2811 1284 2860 dissensus,
1327 2825 1420 2849 cum
1450 2810 1514 2849 alii
1541 2810 1688 2849 austris

950 2868 1136 2908 infestari
1153 2869 1290 2908 vineas
1321 2869 1499 2908 tradant.
1559 2868 1688 2907 Multa

951 2928 1042 2967 loca
1083 2927 1281 2980 congessit
1316 2927 1459 2966 Cerda.
1526 2927 1688 2966 Scilicet

951 2985 1115 3039 poetain
1145 2986 1195 3025 de
1223 2986 1372 3036 vineis,
1411 2985 1455 3024 in
1484 2985 1569 3024 solo
1604 2984 1687 3025 hu-
