1768 3320
200 226 298 274 120

514 221 570 270 P.
617 218 974 270 VIRGILII
1016 213 1391 266 MARONIS

195 365 251 399 M.
286 346 407 410 Die,
443 345 636 414 quibus
655 345 710 394 in
727 343 881 394 terris
905 339 1142 407 inscripti
1161 340 1383 390 nomina
1403 355 1594 406 regum

195 421 487 470 Nascantur
504 414 689 476 flores;
729 422 782 464 et
803 410 1039 477 Phyllida
1061 408 1205 459 solus
1227 409 1442 462 habeto,
1584 416 1587 419 ’

299 502 345 539 P.
363 489 488 537 Non
508 494 766 547 nostrum,
783 483 922 532 inter
946 496 1040 541 vos
1058 487 1227 529 tantas
1249 496 1562 548 conponere
1585 477 1711 531 litis:

195 559 265 608 Et
281 555 442 606 vitula
463 564 523 606 tu
545 554 758 619 dignm,
797 562 849 603 et
869 551 969 603 hic.

1039 551 1108 600 Et
1128 550 1367 617 quisquis
1387 565 1598 601 amores

273 666 389 713 109.
426 661 539 711 *ET
567 672 764 710 VITULA
793 673 862 707 TU
882 670 1103 720 DIGNUS,
1129 669 1197 704 ΕΤ
1220 669 1335 707 mc:
1370 670 1437 705 ET
1467 669 1712 716 Qnrsoms

983 728 1239 780 AMOREs*

247 846 314 882 107
346 845 563 880 Nascuntur
598 843 696 877 multi
725 848 760 876 et
786 841 878 875 Pier.
907 848 942 875 et
966 842 1080 875 Burm.
1139 839 1211 874 Sed
1235 847 1289 874 est
1320 839 1441 885 paullo
1468 848 1549 875 ante
1570 848 1713 889 pateat.

202 893 270 928 108
294 893 379 927 Non
397 900 557 925 vestrum
578 891 676 924 inter
691 901 760 924 nos
773 888 933 922 Parrhas.
943 890 1043 922 inter
1060 889 1244 923 nosVoss.
1262 899 1316 932 pr.
1336 888 1457 923 Horat.
1475 889 1552 934 IEp

202 942 247 976 12
266 940 403 974 Nestor
418 950 630 984 componere
647 937 731 970 lites
747 937 844 970 inter
855 935 1009 969 Peliden
1017 934 1184 982 festinat
1203 942 1242 968 ec
1258 936 1358 970 inter
1379 935 1550 970 Atriden.

201 987 339 1035 dignus
357 997 407 1028 ea,
426 993 462 1018 ec
487 985 592 1018 Goth.
602 995 656 1029 pr.

201 1081 326 1119 eoque
347 1067 468 1118 magis
497 1072 656 1119 arguto,
688 1078 762 1104 nec
787 1070 925 1103 tamen

200 1125 322 1177 magis
350 1138 468 1175 vero,
507 1125 600 1164 lusu
629 1123 756 1176 possit
784 1123 925 1174 aliquis

199 1182 283 1222 huc
313 1195 508 1222 arcessere
537 1188 722 1234 cryptam
749 1180 801 1219 ad
817 1181 925 1220 Pau-

201 1241 373 1293 silypum
409 1239 452 1295 in
480 1240 714 1292 Campania,
763 1238 926 1290 eiusque

200 1299 421 1350 ingressum
448 1304 645 1336 veterem:
684 1296 796 1348 quod
830 1297 926 1336 fecit

201 1368 359 1407 quoque
376 1355 486 1393 Paoli
494 1355 661 1407 Anliqq.
685 1355 843 1393 Pateol.
857 1355 925 1393 sol.

205 1414 269 1454 11.
340 1410 490 1466 (Satius
525 1419 606 1462 est,
657 1426 750 1450 cum
784 1412 926 1452 Vossio

200 1469 386 1509 Serv-ium
408 1467 518 1522 sequi
551 1476 592 1509 et
618 1469 926 1523 Philargyrium,

201 1528 271 1579 qui
314 1526 531 1567 Asconimn
580 1534 621 1566 et
668 1528 928 1567 Cornificium

202 1598 253 1623 ex
271 1584 356 1637 ipso
378 1586 542 1638 Virgilio
563 1586 719 1625 audisse
732 1587 928 1636 referunt,

203 1642 382 1681 Coelium
413 1644 635 1695 quendam,
674 1644 930 1683 decoctorem

202 1700 490 1751 Mantuanum,
552 1702 735 1741 omnibus
755 1732 766 1752 ,
826 1715 930 1754 quae

204 1758 438 1810 possederat
459 1789 469 1808 ‚
524 1757 762 1810 divenditis,
817 1760 930 1810 nihil,

204 1815 282 1854 nisi
299 1815 446 1865 locum,
477 1829 555 1867 quo
578 1818 826 1870 sepeliretur,
857 1817 931 1857 sibi

204 1885 424 1912 reservasse
434 1888 443 1923 3
460 1872 539 1912 hoc
547 1875 676 1927 ipsum
689 1876 930 1929 sepulcrum,

206 1930 380 1982 spatium
398 1932 479 1969 sere
498 1932 623 1972 trium
650 1934 840 1973 ulnarum
862 1948 932 1972 ca-

205 1988 337 2041 piens,
369 1988 563 2041 designari
592 2005 615 2028 a
648 1992 860 2042 Damoeta,
892 1998 933 2030 et

206 2051 340 2084 totum
351 2047 528 2098 aenigma
537 2050 690 2088 versari
707 2050 748 2088 in
769 2051 932 2089 nomine

208 2101 349 2152 Coelii,
380 2103 462 2143 sive
480 2105 541 2143 Co
557 2106 631 2146 eli.
661 2106 772 2163 Wr.)
837 2111 932 2150 106.

207 2159 311 2199 Nota
335 2174 398 2199 res
422 2161 470 2199 de
499 2161 738 2215 hyacintho,
771 2165 820 2204 de
849 2179 929 2217 quo

207 2231 295 2270 sup.
319 2218 371 2256 ad
391 2218 469 2258 Ecl.
496 2220 542 2269 II,
569 2224 633 2272 18,
655 2223 699 2262 in
728 2223 841 2262 cujus
865 2224 930 2262 fo-

208 2275 269 2313 liis
285 2276 429 2328 passim
456 2277 609 2317 litteras
638 2294 681 2318 ΑΙ
704 2281 929 2333 inscriptas,

208 2332 292 2371 sive
315 2339 364 2371 ut
378 2334 448 2382 Αἵ,
469 2335 539 2384 Αἵ,
559 2336 662 2374 hezo!
692 2338 797 2376 hezo!
829 2353 930 2390 quae

213 2388 399 2442 Apollinis
427 2391 475 2429 de
495 2392 727 2445 Hyacintho
752 2397 927 2436 lamenta

209 2447 507 2499 adumbrarem,
540 2451 620 2490 sive
642 2459 690 2491 ut
705 2454 881 2503 Αἴαντος
898 2470 927 2494 s.

210 2504 340 2544 Aiacis
370 2510 514 2545 nomen
550 2522 782 2561 expressum
813 2519 927 2563 esset,

208 2568 363 2602 veteres
391 2566 676 2607 memorabant.
717 2569 774 2607 Cf.
808 2570 927 2610 Ovid.

211 2618 369 2659 Metam.
400 2621 506 2671 XIII,
539 2626 632 2665 398.
683 2627 816 2678 Reges
849 2628 928 2667 du—

210 2690 274 2716 ces
303 2678 549 2717 Graecorum
573 2694 672 2719 voce
701 2683 926 2724 Homerica.

207 2733 331 2789 Apud
383 2736 612 2776 Ciceronem
660 2738 932 2792 Agamemnon

207 2807 278 2832 rex
294 2806 446 2844 regum.
494 2791 567 2847 (De
586 2801 783 2847 utroque,
814 2798 932 2838 Aiace

208 2855 251 2890 et
259 2849 672 2904 Hyacinth0,1ntelligi
689 2853 788 2893 haec
806 2870 931 2909 posse,

209 2920 256 2947 eo
275 2907 486 2961 probatur,
508 2909 618 2960 quod
634 2911 696 2949 alii
710 2913 829 2952 etiam
837 2914 930 2953 lite-

208 2979 296 3005 ram
313 2969 351 3006 T
364 2964 405 3004 in
425 2965 493 3005 illo
504 2966 603 3005 flore
616 2970 841 3022 conspicere
857 2972 927 3010 sibi

1555 901 1590 935 p.
1606 890 1641 932 2,
1659 889 1715 925 11.

1648 936 1718 980 109,

982 1065 1059 1105 visi
1077 1071 1185 1104 sunt.
1218 1063 1301 1105 vid.
1321 1063 1435 1105 Voss.
1475 1063 1610 1118 Atque
1623 1065 1716 1118 Hy-

984 1122 1217 1174 acinthum,
1251 1123 1358 1175 regis
1390 1122 1541 1174 filium,
1579 1137 1715 1176 regem

983 1187 1026 1220 et
1059 1181 1192 1234 ipsum
1233 1180 1312 1220 dici
1352 1194 1468 1234 posse
1485 1212 1496 1231 ,
1545 1187 1717 1223 annotat

984 1239 1200 1293 Spohnius.
1237 1236 1355 1293 Wr.)
1447 1242 1545 1282 107.
1583 1239 1717 1293 Phyl-

983 1298 1234 1352 lidahquam
1251 1302 1426 1348 uterque
1455 1297 1624 1337 amicam
1643 1297 1717 1337 sibi

982 1355 1224 1396 vindicarat.
1241 1368 1282 1394 v.
1302 1357 1358 1397 76
1375 1367 1434 1407 sq.

1046 1415 1140 1455 108.
1183 1414 1282 1453 Non
1319 1420 1497 1452 nostram
1523 1413 1606 1453 scil.
1643 1419 1716 1453 est.

985 1471 1148 1511 Servius
1177 1477 1315 1510 tamen
1345 1471 1556 1510 contendit
1585 1472 1717 1511 inter-

984 1528 1246 1583 pungendum
1278 1542 1378 1567 esse:
1429 1531 1554 1569 Non.-
1604 1529 1718 1583 quasi

984 1588 1286 1639 interloquatur
1312 1586 1465 1638 Iudex,
1502 1602 1583 1626 non
1597 1618 1608 1638 ,
1637 1602 1718 1626 non

986 1645 1150 1684 habebis
1180 1645 1376 1697 Phyllida
1415 1651 1491 1684 etc.
1539 1654 1718 1701 nostrum

988 1711 1070 1753 est,
1113 1701 1322 1741 arbitrium
1339 1702 1467 1754 ferre.
1530 1703 1611 1742 Sed
1637 1703 1718 1743 hoc

989 1761 1156 1800 durum:
1186 1774 1261 1800 nec
1281 1761 1377 1809 satis
1399 1767 1536 1814 potest
1565 1761 1717 1801 confir-

987 1819 1091 1858 mari
1120 1831 1170 1857 ex
1200 1817 1371 1858 Theocr.
1404 1819 1452 1869 V,
1487 1821 1568 1861 138
1606 1815 1716 1860 παύ-

989 1881 1144 1919 σασθαι
1165 1875 1331 1930 κέλομαι
1346 1873 1415 1917 τόν
1434 1876 1621 1930 ποιμένα.

1050 1937 1146 1977 109.
1181 1943 1218 1972 et
1247 1935 1428 1987 quisquis
1453 1949 1610 1973 amores
1639 1941 1715 1974 etc.

988 1992 1043 2031 Ut
1062 1991 1165 2031 haec
1179 1992 1304 2031 verba
1321 2005 1394 2045 per
1412 2006 1453 2031 se
1472 2006 1632 2033 sensum
1651 2007 1718 2031 sa-

988 2051 1040 2090 tis
1061 2049 1226 2091 obvium
1242 2049 1442 2100 habeant,
1465 2065 1549 2090 non
1567 2057 1715 2102 tamen,

990 2108 1090 2160 quid
1110 2108 1160 2147 ad
1179 2108 1375 2159 reliquam
1395 2109 1635 2149 sententiam
1653 2110 1716 2148 fa·-

991 2168 1119 2216 ciant,
1151 2167 1200 2204 ab
1227 2167 1312 2205 ullo
1341 2166 1564 2220 interprete
1583 2168 1716 2206 moni-

987 2230 1078 2265 tum
1098 2231 1170 2263 aut
1188 2224 1342 2263 dictum
1362 2231 1443 2274 est,
1482 2238 1612 2277 neque
1634 2239 1716 2264 un-

988 2296 1109 2335 quam
1137 2282 1215 2321 dici
1234 2295 1350 2335 posse
1380 2282 1576 2322 existimo.
1633 2284 1716 2322 Re-

986 2341 1092 2379 ferre
1109 2340 1379 2392 interpretum
1409 2346 1633 2379 commenta
1659 2342 1717 2380 nil

988 2393 1156 2449 attinet3
1173 2398 1314 2450 frigere
1335 2398 1441 2437 enim
1461 2412 1506 2436 ea
1518 2413 1611 2438 cum
1629 2399 1715 2452 ipso

987 2457 1165 2495 carmine
1213 2469 1371 2494 necesse
1412 2463 1484 2496 est.
1565 2457 1717 2496 Verum

985 2515 1197 2552 Palaemon
1211 2513 1406 2552 eiusmodi
1422 2515 1632 2554 arbitrium
1651 2515 1716 2553 fa-

987 2573 1063 2622 cit,
1082 2578 1131 2611 ut
1151 2577 1371 2623 utrumque
1389 2586 1528 2625 parem
1546 2586 1628 2611 esse
1650 2572 1716 2611 di-

987 2636 1074 2680 cat,
1126 2635 1174 2669 ut
1206 2629 1304 2668 adeo
1337 2630 1462 2680 alter,
1502 2630 1714 2680 Menalcas,

986 2688 1135 2738 vitula,
1168 2687 1217 2725 ab
1235 2688 1429 2726 Damoeta
1445 2688 1487 2727 in
1505 2689 1716 2742 sponsione

989 2746 1142 2798 posita,
1172 2745 1385 2784 Damoetas
1411 2752 1545 2786 autem
1564 2746 1715 2798 poculo

988 2804 1118 2854 sagino
1138 2802 1341 2842 Menalcae
1352 2803 1493 2856 dignus
1502 2803 1632 2843 videri
1642 2803 1715 2842 de·-

988 2860 1094 2900 beat.
1133 2860 1228 2910 Iam,
1254 2874 1448 2913 quorsum
1460 2862 1617 2914 reliqua
1635 2860 1716 2900 hoc

988 2924 1029 2956 et
1047 2931 1126 2969 seq.
1157 2932 1279 2957 versu
1309 2925 1510 2972 spectent,
1550 2933 1631 2958 non
1651 2919 1715 2957 sa-

989 2975 1060 3013 cile
1091 2976 1224 3025 dicas;
1263 2989 1392 3028 neque
1422 2977 1636 3029 quicquam
1664 2990 1715 3015 ex
