<?xml version="1.0" encoding="UTF-8"?>
<!DOCTYPE html PUBLIC "-//W3C//DTD XHTML 1.0 Transitional//EN"
    "http://www.w3.org/TR/xhtml1/DTD/xhtml1-transitional.dtd">
<html xmlns="http://www.w3.org/1999/xhtml" xml:lang="en" lang="en">
 <head>
  <title>
</title>
<meta http-equiv="Content-Type" content="text/html;charset=utf-8" />
  <meta name='ocr-system' content='tesseract 3.04.00' />
  <meta name='ocr-capabilities' content='ocr_page ocr_carea ocr_par ocr_line ocrx_word'/>
</head>
<body>
  <div class='ocr_page' id='page_1' title='image "./publiusvirgilius01virguoft_0680.png"; bbox 0 0 1734 3320; ppageno 0'>
   <div class='ocr_carea' id='block_1_1' title="bbox 199 221 302 271">
    <p class='ocr_par' dir='ltr' id='par_1_1' title="bbox 199 221 302 271">
     <span class='ocr_line' id='line_1_1' title="bbox 199 221 302 271; baseline -0.01 0"><span class='ocrx_word' id='word_1_1' title='bbox 199 221 302 271; x_wconf 85' lang='lat'><strong>510</strong></span> 
     </span>
    </p>
   </div>
   <div class='ocr_carea' id='block_1_2' title="bbox 530 220 1395 272">
    <p class='ocr_par' dir='ltr' id='par_1_2' title="bbox 530 220 1395 272">
     <span class='ocr_line' id='line_1_2' title="bbox 530 220 1395 272; baseline 0.002 -3"><span class='ocrx_word' id='word_1_2' title='bbox 530 221 585 271; x_wconf 92' lang='lat' dir='ltr'><strong>P.</strong></span> <span class='ocrx_word' id='word_1_3' title='bbox 622 220 981 270; x_wconf 88' lang='lat' dir='ltr'>VIRGILII</span> <span class='ocrx_word' id='word_1_4' title='bbox 1017 220 1395 272; x_wconf 88' lang='lat' dir='ltr'><strong>MARONIS</strong></span> 
     </span>
    </p>
   </div>
   <div class='ocr_carea' id='block_1_3' title="bbox 196 346 1522 412">
    <p class='ocr_par' dir='ltr' id='par_1_3' title="bbox 196 346 1522 412">
     <span class='ocr_line' id='line_1_3' title="bbox 196 346 1522 412; baseline 0.003 -16"><span class='ocrx_word' id='word_1_5' title='bbox 196 349 456 412; x_wconf 81' lang='lat' dir='ltr'><strong>IntactOS,</strong></span> <span class='ocrx_word' id='word_1_6' title='bbox 493 355 611 411; x_wconf 78' lang='lat' dir='ltr'><strong>tua,</strong></span> <span class='ocrx_word' id='word_1_7' title='bbox 649 350 955 411; x_wconf 78' lang='lat' dir='ltr'><strong>Maecena5‚</strong></span> <span class='ocrx_word' id='word_1_8' title='bbox 992 346 1140 397; x_wconf 89' lang='lat' dir='ltr'><strong>haud</strong></span> <span class='ocrx_word' id='word_1_9' title='bbox 1163 347 1347 398; x_wconf 89' lang='lat' dir='ltr'><strong>mollia</strong></span> <span class='ocrx_word' id='word_1_10' title='bbox 1371 347 1522 401; x_wconf 88' lang='lat' dir='ltr'><strong>iussa.</strong></span> 
     </span>
    </p>
   </div>
   <div class='ocr_carea' id='block_1_4' title="bbox 200 416 1177 468">
    <p class='ocr_par' dir='ltr' id='par_1_4' title="bbox 200 416 1177 468">
     <span class='ocr_line' id='line_1_4' title="bbox 200 416 1177 468; baseline 0 0"><span class='ocrx_word' id='word_1_11' title='bbox 200 421 281 468; x_wconf 89' lang='lat' dir='ltr'><strong>Te</strong></span> <span class='ocrx_word' id='word_1_12' title='bbox 309 419 423 468; x_wconf 89' lang='lat' dir='ltr'><strong>sine</strong></span> <span class='ocrx_word' id='word_1_13' title='bbox 450 416 528 467; x_wconf 92' lang='lat' dir='ltr'><strong>nil</strong></span> <span class='ocrx_word' id='word_1_14' title='bbox 561 417 726 468; x_wconf 89' lang='lat' dir='ltr'><strong>altum</strong></span> <span class='ocrx_word' id='word_1_15' title='bbox 758 434 916 468; x_wconf 88' lang='lat' dir='ltr'><strong>mens</strong></span> <span class='ocrx_word' id='word_1_16' title='bbox 944 417 1177 468; x_wconf 84' lang='lat' dir='ltr'><strong>inchoat.</strong></span> 
     </span>
    </p>
   </div>
   <div class='ocr_carea' id='block_1_5' title="bbox 1251 420 1733 485">
    <p class='ocr_par' dir='ltr' id='par_1_5' title="bbox 1251 420 1733 485">
     <span class='ocr_line' id='line_1_5' title="bbox 1251 420 1733 485; baseline 0 -15"><span class='ocrx_word' id='word_1_17' title='bbox 1251 421 1335 470; x_wconf 90' lang='lat' dir='ltr'><strong>En</strong></span> <span class='ocrx_word' id='word_1_18' title='bbox 1348 459 1360 481; x_wconf 87' lang='lat'><strong>,</strong></span> <span class='ocrx_word' id='word_1_19' title='bbox 1399 434 1494 485; x_wconf 85' lang='lat' dir='ltr'><strong>age</strong></span> <span class='ocrx_word' id='word_1_20' title='bbox 1505 460 1519 485; x_wconf 85' lang='lat'><strong>,</strong></span> <span class='ocrx_word' id='word_1_21' title='bbox 1556 420 1733 485; x_wconf 85' lang='lat' dir='ltr'><strong>segnis</strong></span> 
     </span>
    </p>
   </div>
   <div class='ocr_carea' id='block_1_6' title="bbox 195 488 1734 629">
    <p class='ocr_par' dir='ltr' id='par_1_6' title="bbox 195 488 1734 629">
     <span class='ocr_line' id='line_1_6' title="bbox 195 488 1652 556; baseline -0.001 -16"><span class='ocrx_word' id='word_1_22' title='bbox 195 491 415 556; x_wconf 82' lang='lat' dir='ltr'>Rumpe</span> <span class='ocrx_word' id='word_1_23' title='bbox 435 504 640 548; x_wconf 83' lang='lat' dir='ltr'><strong>moras3</strong></span> <span class='ocrx_word' id='word_1_24' title='bbox 677 497 833 538; x_wconf 87' lang='lat' dir='ltr'><strong>vocat</strong></span> <span class='ocrx_word' id='word_1_25' title='bbox 853 488 1058 553; x_wconf 83' lang='lat' dir='ltr'><strong>ingenti</strong></span> <span class='ocrx_word' id='word_1_26' title='bbox 1081 489 1319 539; x_wconf 89' lang='lat' dir='ltr'><strong>clamore</strong></span> <span class='ocrx_word' id='word_1_27' title='bbox 1340 488 1652 555; x_wconf 84' lang='lat' dir='ltr'><strong>Cithaeron,</strong></span> 
     </span>
     <span class='ocr_line' id='line_1_7' title="bbox 199 558 1734 629; baseline 0 -19"><span class='ocrx_word' id='word_1_28' title='bbox 199 559 530 627; x_wconf 79' lang='lat' dir='ltr'><strong>Taygetique</strong></span> <span class='ocrx_word' id='word_1_29' title='bbox 574 574 755 624; x_wconf 81' lang='lat' dir='ltr'><strong>caneS,</strong></span> <span class='ocrx_word' id='word_1_30' title='bbox 815 558 1177 627; x_wconf 86' lang='lat' dir='ltr'><strong>domitrixque</strong></span> <span class='ocrx_word' id='word_1_31' title='bbox 1215 559 1518 627; x_wconf 85' lang='lat' dir='ltr'><strong>Epidaurus</strong></span> <span class='ocrx_word' id='word_1_32' title='bbox 1562 576 1734 629; x_wconf 87' lang='lat' dir='ltr'><strong>equo-</strong></span> 
     </span>
    </p>
   </div>
   <div class='ocr_carea' id='block_1_7' title="bbox 197 646 1581 765">
    <p class='ocr_par' dir='ltr' id='par_1_7' title="bbox 197 646 1581 765">
     <span class='ocr_line' id='line_1_8' title="bbox 991 646 1140 679; baseline -0.007 0"><span class='ocrx_word' id='word_1_33' title='bbox 991 646 1140 679; x_wconf 88' lang='lat' dir='ltr'><strong>rum·</strong></span> 
     </span>
     <span class='ocr_line' id='line_1_9' title="bbox 197 671 1581 765; baseline 0 -13"><span class='ocrx_word' id='word_1_34' title='bbox 197 702 266 753; x_wconf 89' lang='lat' dir='ltr'><strong>Et</strong></span> <span class='ocrx_word' id='word_1_35' title='bbox 287 716 387 750; x_wconf 83' lang='lat' dir='ltr'><strong>vox</strong></span> <span class='ocrx_word' id='word_1_36' title='bbox 417 698 648 749; x_wconf 88' lang='lat' dir='ltr'><strong>adsensu</strong></span> <span class='ocrx_word' id='word_1_37' title='bbox 671 714 965 748; x_wconf 89' lang='lat' dir='ltr'><strong>nemorum</strong></span> <span class='ocrx_word' id='word_1_38' title='bbox 987 671 1314 765; x_wconf 71' lang='lat' dir='ltr'><strong>ingeminata</strong></span> <span class='ocrx_word' id='word_1_39' title='bbox 1334 699 1581 764; x_wconf 87' lang='lat' dir='ltr'><strong>remugit.</strong></span> 
     </span>
    </p>
   </div>
   <div class='ocr_carea' id='block_1_8' title="bbox 1666 701 1734 753">
    <p class='ocr_par' dir='ltr' id='par_1_8' title="bbox 1666 701 1734 753">
     <span class='ocr_line' id='line_1_10' title="bbox 1666 701 1734 753; baseline -0.015 0"><span class='ocrx_word' id='word_1_40' title='bbox 1666 701 1734 753; x_wconf 85' lang='lat'><strong>45</strong></span> 
     </span>
    </p>
   </div>
   <div class='ocr_carea' id='block_1_9' title="bbox 246 840 1733 888">
    <p class='ocr_par' dir='ltr' id='par_1_9' title="bbox 246 840 1733 888">
     <span class='ocr_line' id='line_1_11' title="bbox 246 840 1733 888; baseline -0.004 -9"><span class='ocrx_word' id='word_1_41' title='bbox 246 841 295 878; x_wconf 74' lang='grc'>42</span> <span class='ocrx_word' id='word_1_42' title='bbox 319 850 441 875; x_wconf 78' lang='lat' dir='ltr'><strong>actum</strong></span> <span class='ocrx_word' id='word_1_43' title='bbox 462 841 597 875; x_wconf 89' lang='lat' dir='ltr'><strong>Zulich.</strong></span> <span class='ocrx_word' id='word_1_44' title='bbox 645 841 717 874; x_wconf 87' lang='lat' dir='ltr'><strong>Eia</strong></span> <span class='ocrx_word' id='word_1_45' title='bbox 743 852 814 887; x_wconf 85' lang='lat' dir='ltr'><strong>age</strong></span> <span class='ocrx_word' id='word_1_46' title='bbox 834 852 968 888; x_wconf 76' lang='lat' dir='ltr'><strong>segnes</strong></span> <span class='ocrx_word' id='word_1_47' title='bbox 988 840 1109 876; x_wconf 89' lang='lat' dir='ltr'><strong>Valer.</strong></span> <span class='ocrx_word' id='word_1_48' title='bbox 1136 841 1275 875; x_wconf 89' lang='lat' dir='ltr'><strong>Probus</strong></span> <span class='ocrx_word' id='word_1_49' title='bbox 1303 842 1378 874; x_wconf 82' lang='lat' dir='ltr'><strong>Art.</strong></span> <span class='ocrx_word' id='word_1_50' title='bbox 1411 840 1603 875; x_wconf 82' lang='lat' dir='ltr'><strong>Grammat.</strong></span> <span class='ocrx_word' id='word_1_51' title='bbox 1633 841 1650 873; x_wconf 89' lang='lat'>1</span> <span class='ocrx_word' id='word_1_52' title='bbox 1675 851 1733 886; x_wconf 88' lang='lat' dir='ltr'><strong>ap.</strong></span> 
     </span>
    </p>
   </div>
   <div class='ocr_carea' id='block_1_10' title="bbox 199 886 936 985">
    <p class='ocr_par' dir='ltr' id='par_1_10' title="bbox 199 886 936 985">
     <span class='ocr_line' id='line_1_12' title="bbox 199 886 936 936; baseline -0.004 -12"><span class='ocrx_word' id='word_1_53' title='bbox 199 890 321 926; x_wconf 86' lang='lat' dir='ltr'><strong>Heins.</strong></span> <span class='ocrx_word' id='word_1_54' title='bbox 373 890 499 936; x_wconf 76' lang='lat' dir='ltr'><strong>segnis</strong></span> <span class='ocrx_word' id='word_1_55' title='bbox 525 888 646 922; x_wconf 89' lang='lat' dir='ltr'><strong>Heins.</strong></span> <span class='ocrx_word' id='word_1_56' title='bbox 675 900 694 921; x_wconf 88' lang='lat' dir='ltr'><strong>e</strong></span> <span class='ocrx_word' id='word_1_57' title='bbox 721 886 936 932; x_wconf 88' lang='lat' dir='ltr'><strong>potioribus.</strong></span> 
     </span>
     <span class='ocr_line' id='line_1_13' title="bbox 199 935 507 985; baseline -0.01 -12"><span class='ocrx_word' id='word_1_58' title='bbox 199 950 380 985; x_wconf 83' lang='lat' dir='ltr'><strong>rumpere.</strong></span> <span class='ocrx_word' id='word_1_59' title='bbox 412 935 507 980; x_wconf 82' lang='lat' dir='ltr'><strong>Wr.)</strong></span> 
     </span>
    </p>
   </div>
   <div class='ocr_carea' id='block_1_11' title="bbox 197 980 512 1029">
    <p class='ocr_par' dir='ltr' id='par_1_11' title="bbox 197 980 512 1029">
     <span class='ocr_line' id='line_1_14' title="bbox 197 980 512 1029; baseline -0.01 -9"><span class='ocrx_word' id='word_1_60' title='bbox 197 986 255 1027; x_wconf 88' lang='lat' dir='ltr'><strong>fit;</strong></span> <span class='ocrx_word' id='word_1_61' title='bbox 297 980 512 1029; x_wconf 76' lang='grc' dir='ltr'>Κυθαιρτόν.</span> 
     </span>
    </p>
   </div>
   <div class='ocr_carea' id='block_1_12' title="bbox 625 981 1507 1029">
    <p class='ocr_par' dir='ltr' id='par_1_12' title="bbox 625 981 1507 1029">
     <span class='ocr_line' id='line_1_15' title="bbox 625 981 1507 1029; baseline -0.001 -11"><span class='ocrx_word' id='word_1_62' title='bbox 625 981 673 1018; x_wconf 89' lang='grc'><strong>44</strong></span> <span class='ocrx_word' id='word_1_63' title='bbox 707 983 936 1029; x_wconf 78' lang='lat' dir='ltr'><strong>domitorque</strong></span> <span class='ocrx_word' id='word_1_64' title='bbox 973 982 1109 1016; x_wconf 87' lang='lat' dir='ltr'><strong>Zulich.</strong></span> <span class='ocrx_word' id='word_1_65' title='bbox 1168 995 1347 1029; x_wconf 76' lang='lat' dir='ltr'><strong>equarum</strong></span> <span class='ocrx_word' id='word_1_66' title='bbox 1383 981 1507 1024; x_wconf 79' lang='lat' dir='ltr'><strong>Leid.;</strong></span> 
     </span>
    </p>
   </div>
   <div class='ocr_carea' id='block_1_13' title="bbox 1031 887 1734 934">
    <p class='ocr_par' dir='ltr' id='par_1_13' title="bbox 1031 887 1734 934">
     <span class='ocr_line' id='line_1_16' title="bbox 1031 887 1734 934; baseline -0.004 -11"><span class='ocrx_word' id='word_1_67' title='bbox 1031 888 1080 924; x_wconf 82' lang='lat'><strong>43</strong></span> <span class='ocrx_word' id='word_1_68' title='bbox 1104 896 1216 922; x_wconf 79' lang='lat' dir='ltr'><strong>vacat</strong></span> <span class='ocrx_word' id='word_1_69' title='bbox 1240 887 1371 921; x_wconf 89' lang='lat' dir='ltr'><strong>Medic.</strong></span> <span class='ocrx_word' id='word_1_70' title='bbox 1398 899 1419 921; x_wconf 83' lang='lat' dir='ltr'><strong>a</strong></span> <span class='ocrx_word' id='word_1_71' title='bbox 1445 898 1492 922; x_wconf 91' lang='lat' dir='ltr'><strong>m.</strong></span> <span class='ocrx_word' id='word_1_72' title='bbox 1519 900 1575 934; x_wconf 88' lang='lat' dir='ltr'><strong>pr.</strong></span> <span class='ocrx_word' id='word_1_73' title='bbox 1625 887 1734 933; x_wconf 85' lang='lat' dir='ltr'><strong>(idem</strong></span> 
     </span>
    </p>
   </div>
   <div class='ocr_carea' id='block_1_14' title="bbox 556 934 1734 982">
    <p class='ocr_par' dir='ltr' id='par_1_14' title="bbox 556 934 1734 982">
     <span class='ocr_line' id='line_1_17' title="bbox 556 934 1734 982; baseline -0.001 -13"><span class='ocrx_word' id='word_1_74' title='bbox 556 936 687 969; x_wconf 87' lang='lat' dir='ltr'><strong>Mirum</strong></span> <span class='ocrx_word' id='word_1_75' title='bbox 704 947 724 968; x_wconf 88' lang='lat' dir='ltr'><strong>a</strong></span> <span class='ocrx_word' id='word_1_76' title='bbox 738 934 822 968; x_wconf 90' lang='lat' dir='ltr'><strong>viris</strong></span> <span class='ocrx_word' id='word_1_77' title='bbox 841 934 955 969; x_wconf 87' lang='lat' dir='ltr'><strong>doctis</strong></span> <span class='ocrx_word' id='word_1_78' title='bbox 974 936 1184 981; x_wconf 79' lang='lat' dir='ltr'><strong>Cythaeron</strong></span> <span class='ocrx_word' id='word_1_79' title='bbox 1205 934 1263 969; x_wconf 86' lang='lat' dir='ltr'><strong>edi</strong></span> <span class='ocrx_word' id='word_1_80' title='bbox 1293 940 1330 968; x_wconf 89' lang='lat' dir='ltr'><strong>et</strong></span> <span class='ocrx_word' id='word_1_81' title='bbox 1357 934 1485 977; x_wconf 80' lang='lat' dir='ltr'><strong>scribi3</strong></span> <span class='ocrx_word' id='word_1_82' title='bbox 1519 934 1616 982; x_wconf 90' lang='lat' dir='ltr'><strong>quod</strong></span> <span class='ocrx_word' id='word_1_83' title='bbox 1641 934 1734 968; x_wconf 86' lang='lat' dir='ltr'><strong>male</strong></span> 
     </span>
    </p>
   </div>
   <div class='ocr_carea' id='block_1_15' title="bbox 1555 982 1733 1028">
    <p class='ocr_par' dir='ltr' id='par_1_15' title="bbox 1555 982 1733 1028">
     <span class='ocr_line' id='line_1_18' title="bbox 1555 982 1733 1028; baseline -0.006 -11"><span class='ocrx_word' id='word_1_84' title='bbox 1555 982 1733 1028; x_wconf 78' lang='lat' dir='ltr'><strong>vulgatam</strong></span> 
     </span>
    </p>
   </div>
   <div class='ocr_carea' id='block_1_16' title="bbox 200 1029 1587 1079">
    <p class='ocr_par' dir='ltr' id='par_1_16' title="bbox 200 1029 1587 1079">
     <span class='ocr_line' id='line_1_19' title="bbox 200 1029 1587 1079; baseline -0.002 -12"><span class='ocrx_word' id='word_1_85' title='bbox 200 1032 362 1079; x_wconf 87' lang='lat' dir='ltr'><strong>agnoscit</strong></span> <span class='ocrx_word' id='word_1_86' title='bbox 378 1032 494 1066; x_wconf 86' lang='lat' dir='ltr'><strong>Lutat.</strong></span> <span class='ocrx_word' id='word_1_87' title='bbox 515 1030 563 1065; x_wconf 89' lang='lat' dir='ltr'><strong>ad</strong></span> <span class='ocrx_word' id='word_1_88' title='bbox 589 1033 680 1065; x_wconf 85' lang='lat' dir='ltr'><strong>Stat.</strong></span> <span class='ocrx_word' id='word_1_89' title='bbox 704 1030 821 1064; x_wconf 87' lang='lat' dir='ltr'><strong>Theb.</strong></span> <span class='ocrx_word' id='word_1_90' title='bbox 839 1031 899 1074; x_wconf 92' lang='lat' dir='ltr'><strong>IV,</strong></span> <span class='ocrx_word' id='word_1_91' title='bbox 927 1031 1005 1066; x_wconf 75' lang='grc'>123.</span> <span class='ocrx_word' id='word_1_92' title='bbox 1042 1030 1112 1065; x_wconf 87' lang='lat' dir='ltr'><strong>vid.</strong></span> <span class='ocrx_word' id='word_1_93' title='bbox 1131 1030 1178 1065; x_wconf 84' lang='lat' dir='ltr'><strong>ad</strong></span> <span class='ocrx_word' id='word_1_94' title='bbox 1195 1031 1327 1075; x_wconf 86' lang='lat' dir='ltr'><strong>Georg.</strong></span> <span class='ocrx_word' id='word_1_95' title='bbox 1354 1030 1382 1074; x_wconf 92' lang='lat'><strong>1,</strong></span> <span class='ocrx_word' id='word_1_96' title='bbox 1406 1029 1453 1066; x_wconf 87' lang='lat'><strong>59</strong></span> <span class='ocrx_word' id='word_1_97' title='bbox 1470 1031 1587 1065; x_wconf 85' lang='lat' dir='ltr'><strong>Burm.</strong></span> 
     </span>
    </p>
   </div>
   <div class='ocr_carea' id='block_1_17' title="bbox 195 1152 943 3017">
    <p class='ocr_par' dir='ltr' id='par_1_17' title="bbox 196 1152 943 1671">
     <span class='ocr_line' id='line_1_20' title="bbox 198 1152 939 1203; baseline -0.005 -11"><span class='ocrx_word' id='word_1_98' title='bbox 198 1166 319 1192; x_wconf 91' lang='lat' dir='ltr'><strong>suum</strong></span> <span class='ocrx_word' id='word_1_99' title='bbox 341 1152 392 1191; x_wconf 93' lang='lat' dir='ltr'><strong>de</strong></span> <span class='ocrx_word' id='word_1_100' title='bbox 414 1156 696 1191; x_wconf 87' lang='lat' dir='ltr'><strong>armentorum</strong></span> <span class='ocrx_word' id='word_1_101' title='bbox 718 1163 817 1189; x_wconf 86' lang='lat' dir='ltr'><strong>cura</strong></span> <span class='ocrx_word' id='word_1_102' title='bbox 837 1163 939 1203; x_wconf 90' lang='lat' dir='ltr'><strong>pro-</strong></span> 
     </span>
     <span class='ocr_line' id='line_1_21' title="bbox 198 1210 939 1264; baseline -0.005 -14"><span class='ocrx_word' id='word_1_103' title='bbox 198 1216 469 1264; x_wconf 84' lang='lat' dir='ltr'><strong>sequuturum</strong></span> <span class='ocrx_word' id='word_1_104' title='bbox 495 1222 579 1248; x_wconf 89' lang='lat' dir='ltr'><strong>esse</strong></span> <span class='ocrx_word' id='word_1_105' title='bbox 601 1210 671 1249; x_wconf 87' lang='lat' dir='ltr'><strong>ait.</strong></span> <span class='ocrx_word' id='word_1_106' title='bbox 711 1210 939 1248; x_wconf 69' lang='lat' dir='ltr'><strong>salta-sin-</strong></span> 
     </span>
     <span class='ocr_line' id='line_1_22' title="bbox 198 1267 938 1322; baseline -0.005 -13"><span class='ocrx_word' id='word_1_107' title='bbox 198 1278 326 1309; x_wconf 80' lang='lat' dir='ltr'><strong>tactos</strong></span> <span class='ocrx_word' id='word_1_108' title='bbox 348 1300 360 1320; x_wconf 94' lang='lat'><strong>,</strong></span> <span class='ocrx_word' id='word_1_109' title='bbox 418 1274 704 1322; x_wconf 84' lang='lat' dir='ltr'><strong>argumentum</strong></span> <span class='ocrx_word' id='word_1_110' title='bbox 738 1267 938 1318; x_wconf 83' lang='lat' dir='ltr'><strong>carminis,</strong></span> 
     </span>
     <span class='ocr_line' id='line_1_23' title="bbox 198 1326 940 1381; baseline -0.005 -13"><span class='ocrx_word' id='word_1_111' title='bbox 198 1328 312 1381; x_wconf 90' lang='lat' dir='ltr'><strong>quod</strong></span> <span class='ocrx_word' id='word_1_112' title='bbox 338 1328 476 1367; x_wconf 91' lang='lat' dir='ltr'><strong>nullus</strong></span> <span class='ocrx_word' id='word_1_113' title='bbox 500 1326 637 1366; x_wconf 87' lang='lat' dir='ltr'><strong>adhuc</strong></span> <span class='ocrx_word' id='word_1_114' title='bbox 656 1327 766 1365; x_wconf 85' lang='lat' dir='ltr'><strong>inter</strong></span> <span class='ocrx_word' id='word_1_115' title='bbox 785 1326 940 1364; x_wconf 86' lang='lat' dir='ltr'><strong>Roma-</strong></span> 
     </span>
     <span class='ocr_line' id='line_1_24' title="bbox 198 1384 943 1440; baseline -0.005 -14"><span class='ocrx_word' id='word_1_116' title='bbox 198 1401 272 1427; x_wconf 92' lang='lat' dir='ltr'><strong>nos</strong></span> <span class='ocrx_word' id='word_1_117' title='bbox 288 1393 410 1440; x_wconf 86' lang='lat' dir='ltr'><strong>poeta</strong></span> <span class='ocrx_word' id='word_1_118' title='bbox 430 1386 633 1439; x_wconf 86' lang='lat' dir='ltr'><strong>attigerat.</strong></span> <span class='ocrx_word' id='word_1_119' title='bbox 663 1384 782 1423; x_wconf 73' lang='lat' dir='ltr'><strong>hand</strong></span> <span class='ocrx_word' id='word_1_120' title='bbox 795 1385 943 1423; x_wconf 83' lang='lat' dir='ltr'><strong>mollia</strong></span> 
     </span>
     <span class='ocr_line' id='line_1_25' title="bbox 196 1443 937 1496; baseline -0.005 -11"><span class='ocrx_word' id='word_1_121' title='bbox 196 1446 305 1485; x_wconf 87' lang='lat' dir='ltr'><strong>iussa</strong></span> <span class='ocrx_word' id='word_1_122' title='bbox 327 1444 370 1486; x_wconf 89' lang='lat' dir='ltr'><strong>h.</strong></span> <span class='ocrx_word' id='word_1_123' title='bbox 402 1445 530 1496; x_wconf 86' lang='lat' dir='ltr'><strong>dura,</strong></span> <span class='ocrx_word' id='word_1_124' title='bbox 570 1457 658 1483; x_wconf 89' lang='lat' dir='ltr'><strong>rem</strong></span> <span class='ocrx_word' id='word_1_125' title='bbox 687 1457 771 1482; x_wconf 89' lang='lat' dir='ltr'><strong>non</strong></span> <span class='ocrx_word' id='word_1_126' title='bbox 793 1443 937 1493; x_wconf 88' lang='lat' dir='ltr'><strong>levem,</strong></span> 
     </span>
     <span class='ocr_line' id='line_1_26' title="bbox 199 1502 938 1556; baseline -0.005 -12"><span class='ocrx_word' id='word_1_127' title='bbox 199 1504 406 1544; x_wconf 84' lang='lat' dir='ltr'><strong>difficilem</strong></span> <span class='ocrx_word' id='word_1_128' title='bbox 423 1535 435 1555; x_wconf 93' lang='lat'><strong>,</strong></span> <span class='ocrx_word' id='word_1_129' title='bbox 473 1502 737 1556; x_wconf 88' lang='lat' dir='ltr'><strong>imponentia.</strong></span> <span class='ocrx_word' id='word_1_130' title='bbox 796 1502 938 1554; x_wconf 88' lang='lat' dir='ltr'><strong>Itaque</strong></span> 
     </span>
     <span class='ocr_line' id='line_1_27' title="bbox 204 1562 940 1613; baseline -0.003 -11"><span class='ocrx_word' id='word_1_131' title='bbox 204 1566 261 1603; x_wconf 81' lang='lat' dir='ltr'><strong>Te</strong></span> <span class='ocrx_word' id='word_1_132' title='bbox 289 1565 395 1613; x_wconf 80' lang='lat' dir='ltr'><strong>sine,</strong></span> <span class='ocrx_word' id='word_1_133' title='bbox 434 1562 512 1601; x_wconf 87' lang='lat' dir='ltr'><strong>nisi</strong></span> <span class='ocrx_word' id='word_1_134' title='bbox 544 1575 591 1601; x_wconf 88' lang='lat' dir='ltr'><strong>eo</strong></span> <span class='ocrx_word' id='word_1_135' title='bbox 627 1566 817 1612; x_wconf 88' lang='lat' dir='ltr'><strong>auctore,</strong></span> <span class='ocrx_word' id='word_1_136' title='bbox 867 1574 940 1600; x_wconf 87' lang='lat' dir='ltr'><strong>seu</strong></span> 
     </span>
     <span class='ocr_line' id='line_1_28' title="bbox 198 1620 691 1671; baseline -0.002 -11"><span class='ocrx_word' id='word_1_137' title='bbox 198 1621 390 1671; x_wconf 81' lang='lat' dir='ltr'><strong>suaserit,</strong></span> <span class='ocrx_word' id='word_1_138' title='bbox 421 1634 493 1660; x_wconf 90' lang='lat' dir='ltr'><strong>seu</strong></span> <span class='ocrx_word' id='word_1_139' title='bbox 516 1620 691 1659; x_wconf 84' lang='lat' dir='ltr'><strong>iusserit.</strong></span> 
     </span>
    </p>

    <p class='ocr_par' dir='ltr' id='par_1_18' title="bbox 195 1676 943 3017">
     <span class='ocr_line' id='line_1_29' title="bbox 257 1676 937 1727; baseline -0.01 -5"><span class='ocrx_word' id='word_1_140' title='bbox 257 1679 327 1722; x_wconf 79' lang='lat'><strong>42.</strong></span> <span class='ocrx_word' id='word_1_141' title='bbox 348 1678 418 1721; x_wconf 84' lang='lat'><strong>43.</strong></span> <span class='ocrx_word' id='word_1_142' title='bbox 448 1678 659 1719; x_wconf 86' lang='lat' dir='ltr'><strong>Praeclare</strong></span> <span class='ocrx_word' id='word_1_143' title='bbox 676 1676 798 1717; x_wconf 90' lang='lat' dir='ltr'><strong>illud:</strong></span> <span class='ocrx_word' id='word_1_144' title='bbox 817 1676 937 1727; x_wconf 91' lang='lat' dir='ltr'><strong>Ades,</strong></span> 
     </span>
     <span class='ocr_line' id='line_1_30' title="bbox 199 1735 937 1792; baseline -0.005 -15"><span class='ocrx_word' id='word_1_145' title='bbox 199 1753 223 1778; x_wconf 93' lang='lat' dir='ltr'><strong>o</strong></span> <span class='ocrx_word' id='word_1_146' title='bbox 239 1738 467 1777; x_wconf 89' lang='lat' dir='ltr'><strong>Maecenas!</strong></span> <span class='ocrx_word' id='word_1_147' title='bbox 494 1735 564 1792; x_wconf 90' lang='lat' dir='ltr'><strong>(ad</strong></span> <span class='ocrx_word' id='word_1_148' title='bbox 587 1738 805 1786; x_wconf 86' lang='lat' dir='ltr'><strong>absentem,</strong></span> <span class='ocrx_word' id='word_1_149' title='bbox 825 1741 937 1788; x_wconf 88' lang='lat' dir='ltr'><strong>puta,</strong></span> 
     </span>
     <span class='ocr_line' id='line_1_31' title="bbox 200 1794 937 1850; baseline -0.005 -14"><span class='ocrx_word' id='word_1_150' title='bbox 200 1797 359 1836; x_wconf 86' lang='lat' dir='ltr'><strong>dictum</strong></span> <span class='ocrx_word' id='word_1_151' title='bbox 397 1810 420 1834; x_wconf 89' lang='lat' dir='ltr'><strong>a</strong></span> <span class='ocrx_word' id='word_1_152' title='bbox 450 1794 589 1850; x_wconf 86' lang='lat' dir='ltr'><strong>poeta)</strong></span> <span class='ocrx_word' id='word_1_153' title='bbox 630 1808 683 1833; x_wconf 82' lang='lat' dir='ltr'><strong>ex</strong></span> <span class='ocrx_word' id='word_1_154' title='bbox 716 1807 763 1833; x_wconf 85' lang='lat' dir='ltr'><strong>eo</strong></span> <span class='ocrx_word' id='word_1_155' title='bbox 804 1800 937 1843; x_wconf 88' lang='lat' dir='ltr'><strong>ornat,</strong></span> 
     </span>
     <span class='ocr_line' id='line_1_32' title="bbox 199 1852 937 1908; baseline -0.005 -14"><span class='ocrx_word' id='word_1_156' title='bbox 199 1855 316 1908; x_wconf 89' lang='lat' dir='ltr'><strong>quasi</strong></span> <span class='ocrx_word' id='word_1_157' title='bbox 338 1868 497 1905; x_wconf 87' lang='lat' dir='ltr'><strong>rerum,</strong></span> <span class='ocrx_word' id='word_1_158' title='bbox 530 1868 629 1906; x_wconf 90' lang='lat' dir='ltr'><strong>quas</strong></span> <span class='ocrx_word' id='word_1_159' title='bbox 657 1853 845 1892; x_wconf 87' lang='lat' dir='ltr'><strong>dicturus</strong></span> <span class='ocrx_word' id='word_1_160' title='bbox 873 1852 937 1902; x_wconf 90' lang='lat' dir='ltr'><strong>sit,</strong></span> 
     </span>
     <span class='ocr_line' id='line_1_33' title="bbox 198 1911 940 1963; baseline -0.005 -10"><span class='ocrx_word' id='word_1_161' title='bbox 198 1914 323 1954; x_wconf 86' lang='lat' dir='ltr'><strong>turba</strong></span> <span class='ocrx_word' id='word_1_162' title='bbox 344 1913 481 1963; x_wconf 88' lang='lat' dir='ltr'><strong>instet,</strong></span> <span class='ocrx_word' id='word_1_163' title='bbox 512 1926 599 1963; x_wconf 91' lang='lat' dir='ltr'><strong>nec,</strong></span> <span class='ocrx_word' id='word_1_164' title='bbox 623 1917 673 1950; x_wconf 89' lang='lat' dir='ltr'><strong>ut</strong></span> <span class='ocrx_word' id='word_1_165' title='bbox 691 1911 831 1950; x_wconf 85' lang='lat' dir='ltr'><strong>multis</strong></span> <span class='ocrx_word' id='word_1_166' title='bbox 847 1923 940 1950; x_wconf 90' lang='lat' dir='ltr'><strong>eum</strong></span> 
     </span>
     <span class='ocr_line' id='line_1_34' title="bbox 200 1969 939 2025; baseline -0.007 -13"><span class='ocrx_word' id='word_1_167' title='bbox 200 1978 363 2023; x_wconf 83' lang='lat' dir='ltr'><strong>exoret,</strong></span> <span class='ocrx_word' id='word_1_168' title='bbox 394 1972 590 2025; x_wconf 87' lang='lat' dir='ltr'><strong>patiatur.</strong></span> <span class='ocrx_word' id='word_1_169' title='bbox 652 1969 766 2010; x_wconf 85' lang='lat' dir='ltr'><strong>Vidit</strong></span> <span class='ocrx_word' id='word_1_170' title='bbox 796 1969 939 2008; x_wconf 80' lang='lat' dir='ltr'><strong>cerda.</strong></span> 
     </span>
     <span class='ocr_line' id='line_1_35' title="bbox 198 2028 941 2071; baseline -0.005 -1"><span class='ocrx_word' id='word_1_171' title='bbox 198 2033 325 2071; x_wconf 73' lang='lat' dir='ltr'><strong>Nune</strong></span> <span class='ocrx_word' id='word_1_172' title='bbox 349 2039 486 2069; x_wconf 72' lang='lat' dir='ltr'><strong>nostra</strong></span> <span class='ocrx_word' id='word_1_173' title='bbox 512 2043 671 2068; x_wconf 76' lang='lat' dir='ltr'><strong>serenus</strong></span> <span class='ocrx_word' id='word_1_174' title='bbox 701 2028 806 2066; x_wconf 77' lang='lat' dir='ltr'><strong>Orsa</strong></span> <span class='ocrx_word' id='word_1_175' title='bbox 827 2030 941 2067; x_wconf 70' lang='lat' dir='ltr'><strong>iuves</strong></span> 
     </span>
     <span class='ocr_line' id='line_1_36' title="bbox 198 2086 940 2143; baseline -0.007 -14"><span class='ocrx_word' id='word_1_176' title='bbox 198 2090 333 2130; x_wconf 84' lang='lat' dir='ltr'><strong>valer.</strong></span> <span class='ocrx_word' id='word_1_177' title='bbox 351 2089 412 2128; x_wconf 86' lang='lat' dir='ltr'><strong>Fl.</strong></span> <span class='ocrx_word' id='word_1_178' title='bbox 431 2089 450 2128; x_wconf 95' lang='lat' dir='ltr'>I</span> <span class='ocrx_word' id='word_1_179' title='bbox 474 2103 537 2143; x_wconf 89' lang='lat' dir='ltr'><strong>pr.</strong></span> <span class='ocrx_word' id='word_1_180' title='bbox 557 2087 610 2126; x_wconf 90' lang='lat' dir='ltr'><strong>ad</strong></span> <span class='ocrx_word' id='word_1_181' title='bbox 630 2086 940 2125; x_wconf 71' lang='lat' dir='ltr'><strong>Caesarem&#39;Ve-</strong></span> 
     </span>
     <span class='ocr_line' id='line_1_37' title="bbox 199 2144 939 2202; baseline -0.005 -15"><span class='ocrx_word' id='word_1_182' title='bbox 199 2148 444 2202; x_wconf 89' lang='lat' dir='ltr'><strong>spasianum.</strong></span> <span class='ocrx_word' id='word_1_183' title='bbox 496 2146 626 2197; x_wconf 87' lang='lat' dir='ltr'><strong>Vulgo</strong></span> <span class='ocrx_word' id='word_1_184' title='bbox 647 2146 705 2184; x_wconf 88' lang='lat' dir='ltr'><strong>ita</strong></span> <span class='ocrx_word' id='word_1_185' title='bbox 725 2144 939 2198; x_wconf 82' lang='lat' dir='ltr'><strong>accipitur,</strong></span> 
     </span>
     <span class='ocr_line' id='line_1_38' title="bbox 198 2203 941 2259; baseline -0.005 -13"><span class='ocrx_word' id='word_1_186' title='bbox 198 2213 248 2246; x_wconf 88' lang='lat' dir='ltr'><strong>ut</strong></span> <span class='ocrx_word' id='word_1_187' title='bbox 273 2212 395 2259; x_wconf 89' lang='lat' dir='ltr'><strong>poeta</strong></span> <span class='ocrx_word' id='word_1_188' title='bbox 422 2218 463 2244; x_wconf 89' lang='lat' dir='ltr'><strong>se</strong></span> <span class='ocrx_word' id='word_1_189' title='bbox 482 2205 616 2258; x_wconf 87' lang='lat' dir='ltr'><strong>ipsum</strong></span> <span class='ocrx_word' id='word_1_190' title='bbox 646 2203 880 2256; x_wconf 81' lang='lat' dir='ltr'><strong>alloquatur</strong></span> <span class='ocrx_word' id='word_1_191' title='bbox 900 2209 941 2242; x_wconf 87' lang='lat' dir='ltr'><strong>et</strong></span> 
     </span>
     <span class='ocr_line' id='line_1_39' title="bbox 199 2262 941 2318; baseline -0.005 -14"><span class='ocrx_word' id='word_1_192' title='bbox 199 2265 364 2304; x_wconf 83' lang='lat' dir='ltr'><strong>excitet.</strong></span> <span class='ocrx_word' id='word_1_193' title='bbox 426 2262 510 2318; x_wconf 88' lang='lat' dir='ltr'><strong>(Sic</strong></span> <span class='ocrx_word' id='word_1_194' title='bbox 538 2264 701 2302; x_wconf 91' lang='lat' dir='ltr'><strong>Ruaeus</strong></span> <span class='ocrx_word' id='word_1_195' title='bbox 729 2268 770 2301; x_wconf 88' lang='lat' dir='ltr'><strong>et</strong></span> <span class='ocrx_word' id='word_1_196' title='bbox 791 2262 941 2313; x_wconf 81' lang='lat' dir='ltr'><strong>Cerda3</strong></span> 
     </span>
     <span class='ocr_line' id='line_1_40' title="bbox 199 2319 941 2376; baseline -0.005 -13"><span class='ocrx_word' id='word_1_197' title='bbox 199 2337 301 2375; x_wconf 89' lang='lat' dir='ltr'><strong>quos</strong></span> <span class='ocrx_word' id='word_1_198' title='bbox 323 2335 483 2374; x_wconf 88' lang='lat' dir='ltr'><strong>sequor.</strong></span> <span class='ocrx_word' id='word_1_199' title='bbox 518 2320 639 2376; x_wconf 87' lang='lat' dir='ltr'><strong>Wr.)</strong></span> <span class='ocrx_word' id='word_1_200' title='bbox 689 2319 837 2374; x_wconf 86' lang='lat' dir='ltr'><strong>Accipe</strong></span> <span class='ocrx_word' id='word_1_201' title='bbox 858 2321 941 2359; x_wconf 91' lang='lat' dir='ltr'><strong>sal-</strong></span> 
     </span>
     <span class='ocr_line' id='line_1_41' title="bbox 198 2379 941 2433; baseline -0.004 -12"><span class='ocrx_word' id='word_1_202' title='bbox 198 2388 283 2421; x_wconf 91' lang='lat' dir='ltr'><strong>tem</strong></span> <span class='ocrx_word' id='word_1_203' title='bbox 317 2381 428 2420; x_wconf 89' lang='lat' dir='ltr'><strong>dicta</strong></span> <span class='ocrx_word' id='word_1_204' title='bbox 455 2393 532 2433; x_wconf 87' lang='lat' dir='ltr'><strong>pro</strong></span> <span class='ocrx_word' id='word_1_205' title='bbox 564 2380 746 2432; x_wconf 86' lang='lat' dir='ltr'><strong>vulgari:</strong></span> <span class='ocrx_word' id='word_1_206' title='bbox 787 2379 941 2419; x_wconf 91' lang='lat' dir='ltr'><strong>Verum</strong></span> 
     </span>
     <span class='ocr_line' id='line_1_42' title="bbox 195 2438 942 2493; baseline -0.004 -15"><span class='ocrx_word' id='word_1_207' title='bbox 195 2440 254 2478; x_wconf 77' lang='lat' dir='ltr'><strong>ad</strong></span> <span class='ocrx_word' id='word_1_208' title='bbox 290 2439 421 2493; x_wconf 88' lang='lat' dir='ltr'><strong>ipsam</strong></span> <span class='ocrx_word' id='word_1_209' title='bbox 448 2451 536 2478; x_wconf 87' lang='lat' dir='ltr'><strong>rem</strong></span> <span class='ocrx_word' id='word_1_210' title='bbox 566 2438 844 2477; x_wconf 90' lang='lat' dir='ltr'><strong>accedendum</strong></span> <span class='ocrx_word' id='word_1_211' title='bbox 881 2443 942 2476; x_wconf 89' lang='lat' dir='ltr'><strong>est</strong></span> 
     </span>
     <span class='ocr_line' id='line_1_43' title="bbox 199 2494 943 2547; baseline -0.003 -11"><span class='ocrx_word' id='word_1_212' title='bbox 199 2498 285 2536; x_wconf 84' lang='lat' dir='ltr'><strong>sine</strong></span> <span class='ocrx_word' id='word_1_213' title='bbox 323 2511 451 2536; x_wconf 87' lang='lat' dir='ltr'><strong>mora.</strong></span> <span class='ocrx_word' id='word_1_214' title='bbox 520 2494 590 2538; x_wconf 79' lang='lat'><strong>43.</strong></span> <span class='ocrx_word' id='word_1_215' title='bbox 626 2505 747 2535; x_wconf 70' lang='lat' dir='ltr'><strong>vocat</strong></span> <span class='ocrx_word' id='word_1_216' title='bbox 784 2498 943 2547; x_wconf 74' lang='lat' dir='ltr'><strong>ingenti</strong></span> 
     </span>
     <span class='ocr_line' id='line_1_44' title="bbox 200 2554 939 2595; baseline -0.001 0"><span class='ocrx_word' id='word_1_217' title='bbox 200 2557 375 2595; x_wconf 85' lang='lat' dir='ltr'><strong>clamore</strong></span> <span class='ocrx_word' id='word_1_218' title='bbox 409 2554 638 2594; x_wconf 75' lang='lat' dir='ltr'><strong>Cithaeron.</strong></span> <span class='ocrx_word' id='word_1_219' title='bbox 710 2554 939 2594; x_wconf 88' lang='lat' dir='ltr'><strong>Haerebam</strong></span> 
     </span>
     <span class='ocr_line' id='line_1_45' title="bbox 198 2613 933 2664; baseline -0.004 -11"><span class='ocrx_word' id='word_1_220' title='bbox 198 2614 244 2653; x_wconf 87' lang='lat' dir='ltr'><strong>in</strong></span> <span class='ocrx_word' id='word_1_221' title='bbox 279 2614 502 2653; x_wconf 85' lang='lat' dir='ltr'><strong>adiuncto:</strong></span> <span class='ocrx_word' id='word_1_222' title='bbox 551 2614 709 2664; x_wconf 79' lang='lat' dir='ltr'><strong>ingenti</strong></span> <span class='ocrx_word' id='word_1_223' title='bbox 742 2613 933 2651; x_wconf 84' lang='lat' dir='ltr'><strong>clamore.</strong></span> 
     </span>
     <span class='ocr_line' id='line_1_46' title="bbox 200 2669 937 2720; baseline -0.004 -9"><span class='ocrx_word' id='word_1_224' title='bbox 200 2671 266 2712; x_wconf 87' lang='lat' dir='ltr'><strong>Ad</strong></span> <span class='ocrx_word' id='word_1_225' title='bbox 284 2686 419 2711; x_wconf 90' lang='lat' dir='ltr'><strong>sacros</strong></span> <span class='ocrx_word' id='word_1_226' title='bbox 431 2669 725 2710; x_wconf 87' lang='lat' dir='ltr'><strong>Bacchantium</strong></span> <span class='ocrx_word' id='word_1_227' title='bbox 742 2670 937 2720; x_wconf 79' lang='lat' dir='ltr'><strong>ululatus,</strong></span> 
     </span>
     <span class='ocr_line' id='line_1_47' title="bbox 199 2728 936 2779; baseline -0.001 -9"><span class='ocrx_word' id='word_1_228' title='bbox 199 2744 240 2771; x_wconf 86' lang='lat' dir='ltr'><strong>v.</strong></span> <span class='ocrx_word' id='word_1_229' title='bbox 271 2744 304 2770; x_wconf 90' lang='lat' dir='ltr'><strong>c.</strong></span> <span class='ocrx_word' id='word_1_230' title='bbox 336 2729 457 2770; x_wconf 84' lang='lat' dir='ltr'><strong>Ovid.</strong></span> <span class='ocrx_word' id='word_1_231' title='bbox 484 2728 580 2768; x_wconf 89' lang='lat' dir='ltr'><strong>Met.</strong></span> <span class='ocrx_word' id='word_1_232' title='bbox 600 2729 678 2779; x_wconf 90' lang='lat' dir='ltr'><strong>III,</strong></span> <span class='ocrx_word' id='word_1_233' title='bbox 709 2731 806 2771; x_wconf 86' lang='lat'><strong>702.</strong></span> <span class='ocrx_word' id='word_1_234' title='bbox 838 2731 936 2778; x_wconf 86' lang='lat'><strong>703,</strong></span> 
     </span>
     <span class='ocr_line' id='line_1_48' title="bbox 199 2785 939 2829; baseline -0.007 0"><span class='ocrx_word' id='word_1_235' title='bbox 199 2789 352 2829; x_wconf 80' lang='lat' dir='ltr'><strong>referre</strong></span> <span class='ocrx_word' id='word_1_236' title='bbox 381 2787 462 2827; x_wconf 87' lang='lat' dir='ltr'><strong>hoc</strong></span> <span class='ocrx_word' id='word_1_237' title='bbox 493 2801 578 2827; x_wconf 88' lang='lat' dir='ltr'><strong>non</strong></span> <span class='ocrx_word' id='word_1_238' title='bbox 603 2786 709 2825; x_wconf 89' lang='lat' dir='ltr'><strong>licet.</strong></span> <span class='ocrx_word' id='word_1_239' title='bbox 768 2785 835 2825; x_wconf 83' lang='lat' dir='ltr'><strong>Ad</strong></span> <span class='ocrx_word' id='word_1_240' title='bbox 869 2799 939 2825; x_wconf 89' lang='lat' dir='ltr'><strong>ar-</strong></span> 
     </span>
     <span class='ocr_line' id='line_1_49' title="bbox 200 2846 939 2898; baseline -0.007 -11"><span class='ocrx_word' id='word_1_241' title='bbox 200 2854 340 2888; x_wconf 83' lang='lat' dir='ltr'><strong>menta</strong></span> <span class='ocrx_word' id='word_1_242' title='bbox 370 2846 491 2898; x_wconf 87' lang='lat' dir='ltr'><strong>vulgo</strong></span> <span class='ocrx_word' id='word_1_243' title='bbox 518 2846 726 2894; x_wconf 85' lang='lat' dir='ltr'><strong>referunt,</strong></span> <span class='ocrx_word' id='word_1_244' title='bbox 767 2857 939 2895; x_wconf 88' lang='lat' dir='ltr'><strong>eumque</strong></span> 
     </span>
     <span class='ocr_line' id='line_1_50' title="bbox 200 2902 939 2959; baseline -0.004 -15"><span class='ocrx_word' id='word_1_245' title='bbox 200 2906 363 2959; x_wconf 81' lang='lat' dir='ltr'><strong>pascuis</strong></span> <span class='ocrx_word' id='word_1_246' title='bbox 389 2904 565 2945; x_wconf 82' lang='lat' dir='ltr'><strong>nobilem</strong></span> <span class='ocrx_word' id='word_1_247' title='bbox 594 2916 677 2941; x_wconf 93' lang='lat' dir='ltr'><strong>esse</strong></span> <span class='ocrx_word' id='word_1_248' title='bbox 707 2902 838 2941; x_wconf 84' lang='lat' dir='ltr'><strong>edunt</strong></span> <span class='ocrx_word' id='word_1_249' title='bbox 867 2902 939 2941; x_wconf 92' lang='lat' dir='ltr'><strong>In-</strong></span> 
     </span>
     <span class='ocr_line' id='line_1_51' title="bbox 201 2960 941 3017; baseline -0.008 -13"><span class='ocrx_word' id='word_1_250' title='bbox 201 2970 415 3017; x_wconf 86' lang='lat' dir='ltr'><strong>terpretes.</strong></span> <span class='ocrx_word' id='word_1_251' title='bbox 442 2962 499 3001; x_wconf 85' lang='lat' dir='ltr'><strong>De</strong></span> <span class='ocrx_word' id='word_1_252' title='bbox 511 2962 640 3001; x_wconf 89' lang='lat' dir='ltr'><strong>altero</strong></span> <span class='ocrx_word' id='word_1_253' title='bbox 655 2960 736 3000; x_wconf 89' lang='lat' dir='ltr'><strong>hoc</strong></span> <span class='ocrx_word' id='word_1_254' title='bbox 754 2960 941 3014; x_wconf 86' lang='lat' dir='ltr'><strong>equidem</strong></span> 
     </span>
    </p>
   </div>
   <div class='ocr_carea' id='block_1_18' title="bbox 205 3019 939 3073">
    <p class='ocr_par' dir='ltr' id='par_1_19' title="bbox 205 3019 939 3073">
     <span class='ocr_line' id='line_1_52' title="bbox 205 3019 939 3073; baseline -0.008 -10"><span class='ocrx_word' id='word_1_255' title='bbox 205 3022 466 3073; x_wconf 81' lang='lat' dir='ltr'><strong>dubitabam3</strong></span> <span class='ocrx_word' id='word_1_256' title='bbox 494 3019 628 3060; x_wconf 89' lang='lat' dir='ltr'><strong>multo</strong></span> <span class='ocrx_word' id='word_1_257' title='bbox 657 3019 805 3072; x_wconf 85' lang='lat' dir='ltr'><strong>magis,</strong></span> <span class='ocrx_word' id='word_1_258' title='bbox 834 3032 939 3071; x_wconf 90' lang='lat' dir='ltr'><strong>quo-</strong></span> 
     </span>
    </p>
   </div>
   <div class='ocr_carea' id='block_1_19' title="bbox 994 1150 1734 3075">
    <p class='ocr_par' dir='ltr' id='par_1_20' title="bbox 994 1150 1734 3075">
     <span class='ocr_line' id='line_1_53' title="bbox 998 1150 1734 1203; baseline -0.001 -14"><span class='ocrx_word' id='word_1_259' title='bbox 998 1150 1122 1189; x_wconf 89' lang='lat' dir='ltr'><strong>modo</strong></span> <span class='ocrx_word' id='word_1_260' title='bbox 1144 1153 1287 1203; x_wconf 78' lang='lat' dir='ltr'><strong>ingens</strong></span> <span class='ocrx_word' id='word_1_261' title='bbox 1304 1151 1461 1190; x_wconf 83' lang='lat' dir='ltr'><strong>elamor</strong></span> <span class='ocrx_word' id='word_1_262' title='bbox 1476 1150 1530 1190; x_wconf 87' lang='lat' dir='ltr'><strong>ad</strong></span> <span class='ocrx_word' id='word_1_263' title='bbox 1549 1155 1734 1189; x_wconf 88' lang='lat' dir='ltr'><strong>armenta</strong></span> 
     </span>
     <span class='ocr_line' id='line_1_54' title="bbox 998 1208 1734 1262; baseline -0.003 -13"><span class='ocrx_word' id='word_1_264' title='bbox 998 1209 1184 1249; x_wconf 83' lang='lat' dir='ltr'><strong>revocari</strong></span> <span class='ocrx_word' id='word_1_265' title='bbox 1208 1214 1363 1262; x_wconf 71' lang='lat' dir='ltr'><strong>posset,</strong></span> <span class='ocrx_word' id='word_1_266' title='bbox 1404 1209 1476 1262; x_wconf 90' lang='lat' dir='ltr'><strong>qui</strong></span> <span class='ocrx_word' id='word_1_267' title='bbox 1492 1214 1653 1248; x_wconf 76' lang='lat' dir='ltr'><strong>.eontra</strong></span> <span class='ocrx_word' id='word_1_268' title='bbox 1683 1208 1734 1247; x_wconf 90' lang='lat' dir='ltr'><strong>de</strong></span> 
     </span>
     <span class='ocr_line' id='line_1_55' title="bbox 1000 1267 1734 1322; baseline -0.001 -15"><span class='ocrx_word' id='word_1_269' title='bbox 1000 1268 1218 1308; x_wconf 85' lang='lat' dir='ltr'><strong>venatione</strong></span> <span class='ocrx_word' id='word_1_270' title='bbox 1253 1268 1403 1322; x_wconf 88' lang='lat' dir='ltr'><strong>passim</strong></span> <span class='ocrx_word' id='word_1_271' title='bbox 1431 1281 1455 1306; x_wconf 82' lang='lat' dir='ltr'><strong>a</strong></span> <span class='ocrx_word' id='word_1_272' title='bbox 1485 1267 1616 1321; x_wconf 87' lang='lat' dir='ltr'><strong>poetis</strong></span> <span class='ocrx_word' id='word_1_273' title='bbox 1644 1267 1734 1306; x_wconf 89' lang='lat' dir='ltr'><strong>sre-</strong></span> 
     </span>
     <span class='ocr_line' id='line_1_56' title="bbox 998 1325 1734 1379; baseline -0.001 -14"><span class='ocrx_word' id='word_1_274' title='bbox 998 1332 1250 1379; x_wconf 85' lang='lat' dir='ltr'><strong>quentatur:</strong></span> <span class='ocrx_word' id='word_1_275' title='bbox 1291 1326 1395 1366; x_wconf 84' lang='lat' dir='ltr'><strong>cons.</strong></span> <span class='ocrx_word' id='word_1_276' title='bbox 1431 1325 1505 1366; x_wconf 89' lang='lat' dir='ltr'><strong>inf.</strong></span> <span class='ocrx_word' id='word_1_277' title='bbox 1536 1325 1652 1377; x_wconf 77' lang='lat'>4135</span> <span class='ocrx_word' id='word_1_278' title='bbox 1693 1331 1734 1364; x_wconf 85' lang='lat' dir='ltr'><strong>et</strong></span> 
     </span>
     <span class='ocr_line' id='line_1_57' title="bbox 998 1382 1733 1439; baseline 0 -16"><span class='ocrx_word' id='word_1_279' title='bbox 998 1391 1227 1437; x_wconf 90' lang='lat' dir='ltr'><strong>sequuntur</strong></span> <span class='ocrx_word' id='word_1_280' title='bbox 1268 1386 1443 1437; x_wconf 82' lang='lat' dir='ltr'><strong>Taygeti</strong></span> <span class='ocrx_word' id='word_1_281' title='bbox 1480 1382 1580 1439; x_wconf 82' lang='lat' dir='ltr'><strong>(vid.</strong></span> <span class='ocrx_word' id='word_1_282' title='bbox 1622 1398 1733 1437; x_wconf 85' lang='lat' dir='ltr'><strong>supr.</strong></span> 
     </span>
     <span class='ocr_line' id='line_1_58' title="bbox 999 1441 1734 1498; baseline 0.001 -17"><span class='ocrx_word' id='word_1_283' title='bbox 999 1444 1142 1496; x_wconf 88' lang='lat' dir='ltr'><strong>Georg.</strong></span> <span class='ocrx_word' id='word_1_284' title='bbox 1161 1443 1211 1494; x_wconf 91' lang='lat' dir='ltr'><strong>II,</strong></span> <span class='ocrx_word' id='word_1_285' title='bbox 1232 1441 1336 1498; x_wconf 85' lang='lat'>488)</span> <span class='ocrx_word' id='word_1_286' title='bbox 1368 1457 1511 1493; x_wconf 80' lang='lat' dir='ltr'><strong>canes,</strong></span> <span class='ocrx_word' id='word_1_287' title='bbox 1555 1442 1667 1495; x_wconf 89' lang='lat' dir='ltr'><strong>quod</strong></span> <span class='ocrx_word' id='word_1_288' title='bbox 1693 1448 1734 1482; x_wconf 86' lang='lat' dir='ltr'><strong>et</strong></span> 
     </span>
     <span class='ocr_line' id='line_1_59' title="bbox 996 1500 1733 1555; baseline 0.001 -14"><span class='ocrx_word' id='word_1_289' title='bbox 996 1501 1132 1555; x_wconf 90' lang='lat' dir='ltr'><strong>ipsum</strong></span> <span class='ocrx_word' id='word_1_290' title='bbox 1170 1502 1224 1541; x_wconf 82' lang='lat' dir='ltr'><strong>ad</strong></span> <span class='ocrx_word' id='word_1_291' title='bbox 1263 1500 1525 1541; x_wconf 80' lang='lat' dir='ltr'><strong>venationem</strong></span> <span class='ocrx_word' id='word_1_292' title='bbox 1565 1507 1733 1555; x_wconf 85' lang='lat' dir='ltr'><strong>spectat.</strong></span> 
     </span>
     <span class='ocr_line' id='line_1_60' title="bbox 997 1561 1734 1600; baseline -0.001 0"><span class='ocrx_word' id='word_1_293' title='bbox 997 1561 1153 1600; x_wconf 87' lang='lat' dir='ltr'><strong>Tradet</strong></span> <span class='ocrx_word' id='word_1_294' title='bbox 1181 1566 1318 1600; x_wconf 91' lang='lat' dir='ltr'><strong>autem</strong></span> <span class='ocrx_word' id='word_1_295' title='bbox 1351 1565 1392 1598; x_wconf 84' lang='lat' dir='ltr'><strong>et</strong></span> <span class='ocrx_word' id='word_1_296' title='bbox 1420 1574 1568 1599; x_wconf 88' lang='lat' dir='ltr'><strong>canum</strong></span> <span class='ocrx_word' id='word_1_297' title='bbox 1595 1574 1734 1599; x_wconf 88' lang='lat' dir='ltr'><strong>curam</strong></span> 
     </span>
     <span class='ocr_line' id='line_1_61' title="bbox 996 1618 1733 1671; baseline -0.001 -12"><span class='ocrx_word' id='word_1_298' title='bbox 996 1633 1037 1659; x_wconf 87' lang='lat' dir='ltr'><strong>v.</strong></span> <span class='ocrx_word' id='word_1_299' title='bbox 1062 1618 1159 1662; x_wconf 83' lang='lat'><strong>404.</strong></span> <span class='ocrx_word' id='word_1_300' title='bbox 1220 1619 1399 1658; x_wconf 85' lang='lat' dir='ltr'><strong>Ouwens</strong></span> <span class='ocrx_word' id='word_1_301' title='bbox 1428 1619 1474 1658; x_wconf 89' lang='lat' dir='ltr'><strong>in</strong></span> <span class='ocrx_word' id='word_1_302' title='bbox 1495 1619 1613 1658; x_wconf 88' lang='lat' dir='ltr'><strong>Noct.</strong></span> <span class='ocrx_word' id='word_1_303' title='bbox 1632 1618 1733 1671; x_wconf 88' lang='lat' dir='ltr'><strong>Hag.</strong></span> 
     </span>
     <span class='ocr_line' id='line_1_62' title="bbox 996 1676 1734 1731; baseline -0.008 -9"><span class='ocrx_word' id='word_1_304' title='bbox 996 1691 1036 1731; x_wconf 78' lang='lat' dir='ltr'><strong>p-</strong></span> <span class='ocrx_word' id='word_1_305' title='bbox 1058 1678 1156 1721; x_wconf 85' lang='lat'><strong>583.</strong></span> <span class='ocrx_word' id='word_1_306' title='bbox 1178 1676 1263 1721; x_wconf 83' lang='lat'><strong>584</strong></span> <span class='ocrx_word' id='word_1_307' title='bbox 1283 1676 1422 1717; x_wconf 83' lang='lat' dir='ltr'><strong>multis</strong></span> <span class='ocrx_word' id='word_1_308' title='bbox 1442 1677 1637 1731; x_wconf 83' lang='lat' dir='ltr'><strong>exemplis</strong></span> <span class='ocrx_word' id='word_1_309' title='bbox 1657 1677 1734 1717; x_wconf 89' lang='lat' dir='ltr'><strong>do-</strong></span> 
     </span>
     <span class='ocr_line' id='line_1_63' title="bbox 997 1736 1734 1789; baseline -0.001 -14"><span class='ocrx_word' id='word_1_310' title='bbox 997 1736 1102 1786; x_wconf 81' lang='lat' dir='ltr'><strong>cuit,</strong></span> <span class='ocrx_word' id='word_1_311' title='bbox 1143 1742 1328 1775; x_wconf 88' lang='lat' dir='ltr'><strong>armenta</strong></span> <span class='ocrx_word' id='word_1_312' title='bbox 1357 1741 1399 1774; x_wconf 85' lang='lat' dir='ltr'><strong>et</strong></span> <span class='ocrx_word' id='word_1_313' title='bbox 1429 1749 1565 1789; x_wconf 86' lang='lat' dir='ltr'><strong>greges</strong></span> <span class='ocrx_word' id='word_1_314' title='bbox 1590 1736 1633 1775; x_wconf 93' lang='lat' dir='ltr'><strong>in</strong></span> <span class='ocrx_word' id='word_1_315' title='bbox 1664 1736 1734 1775; x_wconf 87' lang='lat' dir='ltr'><strong>Ci-</strong></span> 
     </span>
     <span class='ocr_line' id='line_1_64' title="bbox 995 1793 1734 1847; baseline 0.001 -14"><span class='ocrx_word' id='word_1_316' title='bbox 995 1793 1194 1834; x_wconf 87' lang='lat' dir='ltr'><strong>thaerone</strong></span> <span class='ocrx_word' id='word_1_317' title='bbox 1209 1807 1380 1834; x_wconf 85' lang='lat' dir='ltr'><strong>errasse:</strong></span> <span class='ocrx_word' id='word_1_318' title='bbox 1401 1808 1482 1846; x_wconf 88' lang='lat' dir='ltr'><strong>qua</strong></span> <span class='ocrx_word' id='word_1_319' title='bbox 1496 1795 1547 1834; x_wconf 88' lang='lat' dir='ltr'><strong>de</strong></span> <span class='ocrx_word' id='word_1_320' title='bbox 1559 1808 1604 1834; x_wconf 90' lang='lat' dir='ltr'><strong>re</strong></span> <span class='ocrx_word' id='word_1_321' title='bbox 1619 1794 1734 1847; x_wconf 89' lang='lat' dir='ltr'><strong>equi-</strong></span> 
     </span>
     <span class='ocr_line' id='line_1_65' title="bbox 999 1852 1734 1904; baseline 0.001 -13"><span class='ocrx_word' id='word_1_322' title='bbox 999 1852 1094 1892; x_wconf 90' lang='lat' dir='ltr'><strong>dem</strong></span> <span class='ocrx_word' id='word_1_323' title='bbox 1128 1867 1213 1893; x_wconf 91' lang='lat' dir='ltr'><strong>non</strong></span> <span class='ocrx_word' id='word_1_324' title='bbox 1248 1853 1512 1904; x_wconf 83' lang='lat' dir='ltr'><strong>dubitabam3</strong></span> <span class='ocrx_word' id='word_1_325' title='bbox 1554 1853 1734 1892; x_wconf 86' lang='lat' dir='ltr'><strong>occurrit</strong></span> 
     </span>
     <span class='ocr_line' id='line_1_66' title="bbox 998 1910 1734 1965; baseline 0.003 -16"><span class='ocrx_word' id='word_1_326' title='bbox 998 1912 1106 1951; x_wconf 90' lang='lat' dir='ltr'><strong>enim</strong></span> <span class='ocrx_word' id='word_1_327' title='bbox 1145 1925 1210 1951; x_wconf 85' lang='lat' dir='ltr'><strong>res</strong></span> <span class='ocrx_word' id='word_1_328' title='bbox 1244 1911 1287 1950; x_wconf 90' lang='lat' dir='ltr'><strong>in</strong></span> <span class='ocrx_word' id='word_1_329' title='bbox 1319 1911 1467 1951; x_wconf 70' lang='lat' dir='ltr'><strong>fabulis</strong></span> <span class='ocrx_word' id='word_1_330' title='bbox 1495 1910 1734 1965; x_wconf 86' lang='lat' dir='ltr'><strong>Amphionis</strong></span> 
     </span>
     <span class='ocr_line' id='line_1_67' title="bbox 999 1969 1734 2023; baseline 0 -15"><span class='ocrx_word' id='word_1_331' title='bbox 999 1983 1046 2008; x_wconf 90' lang='lat' dir='ltr'><strong>ac</strong></span> <span class='ocrx_word' id='word_1_332' title='bbox 1064 1969 1183 2009; x_wconf 88' lang='lat' dir='ltr'><strong>Zethi</strong></span> <span class='ocrx_word' id='word_1_333' title='bbox 1200 1975 1241 2008; x_wconf 89' lang='lat' dir='ltr'><strong>et</strong></span> <span class='ocrx_word' id='word_1_334' title='bbox 1261 1969 1408 2023; x_wconf 90' lang='lat' dir='ltr'><strong>Oedipi</strong></span> <span class='ocrx_word' id='word_1_335' title='bbox 1416 1985 1427 2022; x_wconf 79' lang='lat'>3</span> <span class='ocrx_word' id='word_1_336' title='bbox 1451 1970 1523 2009; x_wconf 87' lang='lat' dir='ltr'><strong>sed</strong></span> <span class='ocrx_word' id='word_1_337' title='bbox 1539 1970 1734 2010; x_wconf 89' lang='lat' dir='ltr'><strong>nobilita-</strong></span> 
     </span>
     <span class='ocr_line' id='line_1_68' title="bbox 996 2029 1734 2082; baseline 0.003 -16"><span class='ocrx_word' id='word_1_338' title='bbox 996 2034 1081 2067; x_wconf 87' lang='lat' dir='ltr'><strong>tem</strong></span> <span class='ocrx_word' id='word_1_339' title='bbox 1098 2042 1344 2081; x_wconf 89' lang='lat' dir='ltr'><strong>pascuorum</strong></span> <span class='ocrx_word' id='word_1_340' title='bbox 1361 2029 1642 2082; x_wconf 82' lang='lat' dir='ltr'><strong>exemplorum</strong></span> <span class='ocrx_word' id='word_1_341' title='bbox 1655 2042 1734 2068; x_wconf 82' lang='lat' dir='ltr'><strong>usu</strong></span> 
     </span>
     <span class='ocr_line' id='line_1_69' title="bbox 999 2085 1733 2138; baseline 0.003 -13"><span class='ocrx_word' id='word_1_342' title='bbox 999 2086 1246 2126; x_wconf 86' lang='lat' dir='ltr'><strong>declaratam</strong></span> <span class='ocrx_word' id='word_1_343' title='bbox 1271 2085 1570 2138; x_wconf 83' lang='lat' dir='ltr'><strong>desiderabam,</strong></span> <span class='ocrx_word' id='word_1_344' title='bbox 1608 2093 1658 2126; x_wconf 89' lang='lat' dir='ltr'><strong>ut</strong></span> <span class='ocrx_word' id='word_1_345' title='bbox 1683 2087 1733 2127; x_wconf 88' lang='lat' dir='ltr'><strong>ab</strong></span> 
     </span>
     <span class='ocr_line' id='line_1_70' title="bbox 999 2145 1734 2199; baseline 0.001 -15"><span class='ocrx_word' id='word_1_346' title='bbox 999 2158 1045 2184; x_wconf 88' lang='lat' dir='ltr'><strong>ea</strong></span> <span class='ocrx_word' id='word_1_347' title='bbox 1083 2145 1304 2185; x_wconf 86' lang='lat' dir='ltr'><strong>Cithaeron</strong></span> <span class='ocrx_word' id='word_1_348' title='bbox 1339 2152 1483 2199; x_wconf 89' lang='lat' dir='ltr'><strong>poetae</strong></span> <span class='ocrx_word' id='word_1_349' title='bbox 1516 2146 1734 2185; x_wconf 88' lang='lat' dir='ltr'><strong>memorari</strong></span> 
     </span>
     <span class='ocr_line' id='line_1_71' title="bbox 997 2204 1733 2258; baseline 0 -15"><span class='ocrx_word' id='word_1_350' title='bbox 997 2211 1135 2258; x_wconf 89' lang='lat' dir='ltr'><strong>posset</strong></span> <span class='ocrx_word' id='word_1_351' title='bbox 1146 2219 1221 2257; x_wconf 93' lang='lat' dir='ltr'><strong>pro</strong></span> <span class='ocrx_word' id='word_1_352' title='bbox 1237 2204 1546 2257; x_wconf 85' lang='lat' dir='ltr'><strong>quibuscunque</strong></span> <span class='ocrx_word' id='word_1_353' title='bbox 1559 2204 1733 2258; x_wconf 80' lang='lat' dir='ltr'><strong>pascuis.</strong></span> 
     </span>
     <span class='ocr_line' id='line_1_72' title="bbox 999 2262 1734 2303; baseline 0 -1"><span class='ocrx_word' id='word_1_354' title='bbox 999 2263 1225 2302; x_wconf 88' lang='lat' dir='ltr'><strong>Clamorem</strong></span> <span class='ocrx_word' id='word_1_355' title='bbox 1259 2262 1385 2302; x_wconf 88' lang='lat' dir='ltr'><strong>boum</strong></span> <span class='ocrx_word' id='word_1_356' title='bbox 1426 2270 1470 2302; x_wconf 90' lang='lat' dir='ltr'><strong>et</strong></span> <span class='ocrx_word' id='word_1_357' title='bbox 1514 2277 1734 2303; x_wconf 89' lang='lat' dir='ltr'><strong>vaccarum</strong></span> 
     </span>
     <span class='ocr_line' id='line_1_73' title="bbox 999 2321 1733 2375; baseline 0.001 -15"><span class='ocrx_word' id='word_1_358' title='bbox 999 2335 1234 2372; x_wconf 85' lang='lat' dir='ltr'><strong>occurrere,</strong></span> <span class='ocrx_word' id='word_1_359' title='bbox 1261 2335 1346 2362; x_wconf 90' lang='lat' dir='ltr'><strong>non</strong></span> <span class='ocrx_word' id='word_1_360' title='bbox 1364 2322 1486 2375; x_wconf 89' lang='lat' dir='ltr'><strong>magis</strong></span> <span class='ocrx_word' id='word_1_361' title='bbox 1504 2321 1733 2361; x_wconf 84' lang='lat' dir='ltr'><strong>inficiabar:</strong></span> 
     </span>
     <span class='ocr_line' id='line_1_74' title="bbox 1000 2380 1734 2433; baseline -0.001 -14"><span class='ocrx_word' id='word_1_362' title='bbox 1000 2386 1043 2419; x_wconf 88' lang='lat' dir='ltr'><strong>at</strong></span> <span class='ocrx_word' id='word_1_363' title='bbox 1082 2383 1239 2433; x_wconf 78' lang='lat' dir='ltr'><strong>ingenti</strong></span> <span class='ocrx_word' id='word_1_364' title='bbox 1272 2380 1448 2419; x_wconf 85' lang='lat' dir='ltr'><strong>clamore</strong></span> <span class='ocrx_word' id='word_1_365' title='bbox 1485 2380 1574 2433; x_wconf 89' lang='lat' dir='ltr'><strong>quis</strong></span> <span class='ocrx_word' id='word_1_366' title='bbox 1607 2380 1734 2419; x_wconf 88' lang='lat' dir='ltr'><strong>boves</strong></span> 
     </span>
     <span class='ocr_line' id='line_1_75' title="bbox 1000 2437 1733 2491; baseline -0.001 -14"><span class='ocrx_word' id='word_1_367' title='bbox 1000 2438 1210 2491; x_wconf 76' lang='lat' dir='ltr'><strong>designet?</strong></span> <span class='ocrx_word' id='word_1_368' title='bbox 1266 2438 1467 2478; x_wconf 90' lang='lat' dir='ltr'><strong>Decedam</strong></span> <span class='ocrx_word' id='word_1_369' title='bbox 1503 2444 1641 2478; x_wconf 79' lang='lat' dir='ltr'><strong>tamen</strong></span> <span class='ocrx_word' id='word_1_370' title='bbox 1683 2437 1733 2477; x_wconf 88' lang='lat' dir='ltr'><strong>de</strong></span> 
     </span>
     <span class='ocr_line' id='line_1_76' title="bbox 1000 2497 1734 2550; baseline -0.003 -14"><span class='ocrx_word' id='word_1_371' title='bbox 1000 2497 1189 2550; x_wconf 85' lang='lat' dir='ltr'><strong>opinione</strong></span> <span class='ocrx_word' id='word_1_372' title='bbox 1210 2509 1300 2535; x_wconf 88' lang='lat' dir='ltr'><strong>mea</strong></span> <span class='ocrx_word' id='word_1_373' title='bbox 1317 2511 1364 2536; x_wconf 86' lang='lat' dir='ltr'><strong>ea</strong></span> <span class='ocrx_word' id='word_1_374' title='bbox 1384 2497 1435 2536; x_wconf 87' lang='lat' dir='ltr'><strong>de</strong></span> <span class='ocrx_word' id='word_1_375' title='bbox 1455 2510 1613 2546; x_wconf 86' lang='lat' dir='ltr'><strong>caussa,</strong></span> <span class='ocrx_word' id='word_1_376' title='bbox 1639 2497 1734 2548; x_wconf 88' lang='lat' dir='ltr'><strong>quia</strong></span> 
     </span>
     <span class='ocr_line' id='line_1_77' title="bbox 996 2555 1732 2608; baseline -0.003 -14"><span class='ocrx_word' id='word_1_377' title='bbox 996 2561 1293 2608; x_wconf 86' lang='lat' dir='ltr'><strong>argumentum,</strong></span> <span class='ocrx_word' id='word_1_378' title='bbox 1317 2555 1429 2607; x_wconf 88' lang='lat' dir='ltr'><strong>quod</strong></span> <span class='ocrx_word' id='word_1_379' title='bbox 1443 2561 1582 2595; x_wconf 88' lang='lat' dir='ltr'><strong>versat</strong></span> <span class='ocrx_word' id='word_1_380' title='bbox 1597 2561 1732 2608; x_wconf 87' lang='lat' dir='ltr'><strong>poeta,</strong></span> 
     </span>
     <span class='ocr_line' id='line_1_78' title="bbox 994 2612 1733 2665; baseline 0 -13"><span class='ocrx_word' id='word_1_381' title='bbox 994 2627 1080 2652; x_wconf 91' lang='lat' dir='ltr'><strong>non</strong></span> <span class='ocrx_word' id='word_1_382' title='bbox 1109 2620 1196 2652; x_wconf 87' lang='lat' dir='ltr'><strong>tam</strong></span> <span class='ocrx_word' id='word_1_383' title='bbox 1223 2612 1276 2651; x_wconf 90' lang='lat' dir='ltr'><strong>ad</strong></span> <span class='ocrx_word' id='word_1_384' title='bbox 1298 2613 1578 2664; x_wconf 87' lang='lat' dir='ltr'><strong>venationem,</strong></span> <span class='ocrx_word' id='word_1_385' title='bbox 1610 2626 1733 2665; x_wconf 87' lang='lat' dir='ltr'><strong>quam</strong></span> 
     </span>
     <span class='ocr_line' id='line_1_79' title="bbox 995 2671 1732 2725; baseline 0 -16"><span class='ocrx_word' id='word_1_386' title='bbox 995 2671 1049 2710; x_wconf 85' lang='lat' dir='ltr'><strong>ad</strong></span> <span class='ocrx_word' id='word_1_387' title='bbox 1083 2677 1268 2711; x_wconf 88' lang='lat' dir='ltr'><strong>armenta</strong></span> <span class='ocrx_word' id='word_1_388' title='bbox 1310 2677 1468 2725; x_wconf 86' lang='lat' dir='ltr'><strong>spectat</strong></span> <span class='ocrx_word' id='word_1_389' title='bbox 1485 2702 1497 2722; x_wconf 95' lang='lat'><strong>,</strong></span> <span class='ocrx_word' id='word_1_390' title='bbox 1550 2671 1732 2723; x_wconf 85' lang='lat' dir='ltr'><strong>adeoque</strong></span> 
     </span>
     <span class='ocr_line' id='line_1_80' title="bbox 995 2728 1731 2783; baseline 0 -15"><span class='ocrx_word' id='word_1_391' title='bbox 995 2729 1121 2768; x_wconf 87' lang='lat' dir='ltr'><strong>boves</strong></span> <span class='ocrx_word' id='word_1_392' title='bbox 1135 2729 1179 2768; x_wconf 93' lang='lat' dir='ltr'><strong>in</strong></span> <span class='ocrx_word' id='word_1_393' title='bbox 1191 2728 1434 2782; x_wconf 82' lang='lat' dir='ltr'><strong>Cithaerone</strong></span> <span class='ocrx_word' id='word_1_394' title='bbox 1450 2729 1731 2783; x_wconf 84' lang='lat' dir='ltr'><strong>requiruntur,</strong></span> 
     </span>
     <span class='ocr_line' id='line_1_81' title="bbox 996 2787 1731 2839; baseline 0 -13"><span class='ocrx_word' id='word_1_395' title='bbox 996 2793 1047 2826; x_wconf 89' lang='lat' dir='ltr'><strong>ut</strong></span> <span class='ocrx_word' id='word_1_396' title='bbox 1067 2801 1166 2827; x_wconf 84' lang='lat' dir='ltr'><strong>mox</strong></span> <span class='ocrx_word' id='word_1_397' title='bbox 1185 2787 1291 2839; x_wconf 79' lang='lat' dir='ltr'><strong>equi.</strong></span> <span class='ocrx_word' id='word_1_398' title='bbox 1338 2787 1524 2828; x_wconf 84' lang='lat' dir='ltr'><strong>Alterum</strong></span> <span class='ocrx_word' id='word_1_399' title='bbox 1544 2801 1644 2828; x_wconf 89' lang='lat' dir='ltr'><strong>vero</strong></span> <span class='ocrx_word' id='word_1_400' title='bbox 1665 2790 1731 2826; x_wconf 87' lang='lat' dir='ltr'><strong>in-</strong></span> 
     </span>
     <span class='ocr_line' id='line_1_82' title="bbox 994 2846 1732 2897; baseline 0.001 -14"><span class='ocrx_word' id='word_1_401' title='bbox 994 2847 1112 2897; x_wconf 80' lang='lat' dir='ltr'><strong>genti</strong></span> <span class='ocrx_word' id='word_1_402' title='bbox 1126 2846 1300 2885; x_wconf 85' lang='lat' dir='ltr'><strong>clamore</strong></span> <span class='ocrx_word' id='word_1_403' title='bbox 1319 2846 1376 2885; x_wconf 88' lang='lat' dir='ltr'><strong>sic</strong></span> <span class='ocrx_word' id='word_1_404' title='bbox 1389 2846 1559 2897; x_wconf 86' lang='lat' dir='ltr'><strong>tuebor,</strong></span> <span class='ocrx_word' id='word_1_405' title='bbox 1580 2852 1630 2885; x_wconf 88' lang='lat' dir='ltr'><strong>ut</strong></span> <span class='ocrx_word' id='word_1_406' title='bbox 1646 2858 1732 2885; x_wconf 88' lang='lat' dir='ltr'><strong>non</strong></span> 
     </span>
     <span class='ocr_line' id='line_1_83' title="bbox 999 2902 1730 2954; baseline 0.001 -13"><span class='ocrx_word' id='word_1_407' title='bbox 999 2903 1054 2942; x_wconf 84' lang='lat' dir='ltr'><strong>ad</strong></span> <span class='ocrx_word' id='word_1_408' title='bbox 1079 2902 1364 2944; x_wconf 86' lang='lat' dir='ltr'><strong>Cithaeronem</strong></span> <span class='ocrx_word' id='word_1_409' title='bbox 1388 2905 1519 2944; x_wconf 86' lang='lat' dir='ltr'><strong>solum</strong></span> <span class='ocrx_word' id='word_1_410' title='bbox 1546 2905 1730 2954; x_wconf 87' lang='lat' dir='ltr'><strong>reseram,</strong></span> 
     </span>
     <span class='ocr_line' id='line_1_84' title="bbox 997 2962 1731 3016; baseline 0 -15"><span class='ocrx_word' id='word_1_411' title='bbox 997 2974 1143 3001; x_wconf 82' lang='lat' dir='ltr'><strong>verum</strong></span> <span class='ocrx_word' id='word_1_412' title='bbox 1162 2962 1216 3001; x_wconf 84' lang='lat' dir='ltr'><strong>ad</strong></span> <span class='ocrx_word' id='word_1_413' title='bbox 1239 2963 1394 3014; x_wconf 88' lang='lat' dir='ltr'><strong>omnia,</strong></span> <span class='ocrx_word' id='word_1_414' title='bbox 1424 2975 1527 3016; x_wconf 87' lang='lat' dir='ltr'><strong>quae</strong></span> <span class='ocrx_word' id='word_1_415' title='bbox 1552 2975 1731 3014; x_wconf 83' lang='lat' dir='ltr'><strong>sequun-</strong></span> 
     </span>
     <span class='ocr_line' id='line_1_85' title="bbox 998 3020 1731 3075; baseline -0.001 -15"><span class='ocrx_word' id='word_1_416' title='bbox 998 3025 1089 3060; x_wconf 86' lang='lat' dir='ltr'><strong>tur:</strong></span> <span class='ocrx_word' id='word_1_417' title='bbox 1117 3020 1269 3075; x_wconf 87' lang='lat' dir='ltr'><strong>ingenti</strong></span> <span class='ocrx_word' id='word_1_418' title='bbox 1295 3021 1470 3062; x_wconf 85' lang='lat' dir='ltr'><strong>clamore</strong></span> <span class='ocrx_word' id='word_1_419' title='bbox 1495 3026 1646 3063; x_wconf 83' lang='lat' dir='ltr'><strong>vocant</strong></span> <span class='ocrx_word' id='word_1_420' title='bbox 1665 3031 1731 3059; x_wconf 88' lang='lat' dir='ltr'><strong>me</strong></span> 
     </span>
    </p>
   </div>
  </div>
 </body>
</html>
