1734 3320
221 223 712 276 GEoRGIGoN
746 225 890 276 Lm.
918 226 1007 289 lv,
1039 214 1325 283 181—19'9
1434 237 1536 286 623

33 360 43 416 ᾗ
85 350 283 416 ngiuS‚¹
303 359 394 400 aut
419 349 649 400 credunt
673 350 830 401 coelo
856 350 1263 406 adventantibus
1283 357 1465 422 Euris;

45 419 119 473 ed
138 420 341 471 circum
362 428 508 471 tutae
533 420 633 472 sub
658 421 948 472 moenibus
967 422 1116 472 urbis
1145 436 1429 492 aquantur,

82 507 376 559 cursusque
398 490 578 541 brevis
601 488 834 555 tentant,
874 501 928 542 et
949 509 1109 560 saepe
1134 493 1368 561 lapillos,

26 590 28 592 v
53 570 76 612 t
98 560 321 626 cymbae
345 560 616 612 instabiles
639 559 808 612 fluctu
831 562 1057 613 iactante
1081 563 1382 631 saburram,
1436 571 1535 621 195

0 670 3 674 .
26 631 254 690 ,01111011
289 629 374 681 his
397 648 514 681 sese
538 649 639 699 per
662 632 836 682 inania
863 633 1045 683 nubila
1068 633 1277 687 librant.

32 700 165 756 ,lum
189 700 327 752 adeo
354 701 613 768 placuisse
640 703 827 769 apibus
849 703 1118 754 mirabere
1143 722 1384 771 morem,

0 765 170 967 {iod
198 776 397 839 'neque
446 772 739 823 concubitu
782 772 1097 839 indulgent,
1154 792 1256 825 nec
1305 793 1534 845 corpora

12 884 16 894 ,v
797 860 852 893 se
892 860 989 894 nes

0 943 14 985 4..
87 913 364 963 Venerem
389 912 633 977 solvunt,
670 922 759 963 aut
780 859 923 964 fetigis
948 913 1155 965 nixibus
1182 913 1375 966 edunt:

77 1010 190 1058 198.
230 1007 391 1069 Quon
406 1021 508 1056 mzc

15 1142 24 1154 ³
50 1134 120 1170 192
144 1133 250 1167 haud
277 1134 436 1168 credunt
460 1134 562 1168 Leid.
591 1135 715 1168 Frauc.
765 1135 1047 1170 advenientibus
1074 1136 1185 1170 Goth.
1208 1148 1263 1182 pr.
1360 1135 1428 1171 193
1456 1134 1531 1169 Sed

0 1181 110 1224 v“tatae
127 1181 263 1214 circum
282 1182 406 1215 Franc.
451 1195 523 1230 pro
541 1181 730 1223 moenibus
750 1182 918 1216 Priscian.
938 1184 1039 1226 VIII,
1074 1184 1138 1217 sed
1164 1183 1342 1228 vulgatum
1369 1181 1531 1227 agnoscit

0 1226 141 1265 Nonius
157 1228 359 1270 Marcellus,
385 1228 564 1263 Prisciauo
582 1228 771 1274 antiquior,
797 1229 831 1262 in
853 1232 988 1276 aquari
1004 1231 1097 1275 apud
1118 1230 1240 1264 Heius.
1274 1231 1342 1275 (—
1365 1230 1443 1265 194.
1462 1242 1530 1263 ex—

0 1270 135 1318 ssussus
144 1274 276 1309 Medic.
292 1289 312 1310 a
328 1289 373 1310 m.
392 1289 466 1322 pr.;
486 1276 580 1310 idern
601 1284 793 1323 temptant,
812 1277 876 1310 sed
895 1290 1002 1322 supra
1020 1291 1054 1311 m
1070 1278 1175 1311 litera
1191 1291 1216 1311 n
1236 1278 1391 1319 miniata,
1417 1283 1452 1310 et
1465 1288 1529 1309 su—

0 1329 67 1369 pra
82 1335 109 1371 p
126 1328 296 1369 punctum
315 1323 471 1357 eiusdem
490 1323 619 1357 coloris
635 1323 769 1358 visitur.
800 1323 896 1368 Wr.)
970 1325 1038 1360 195
1063 1324 1211 1359 cumbae
1222 1325 1349 1358 Medic.
1367 1337 1386 1358 a
1409 1337 1454 1357 m.
1473 1335 1528 1369 pr.

0 1369 142 1414 fflGud.
176 1369 325 1415 cymbae
344 1370 481 1416 reliqui.
508 1369 674 1416 (stabiles
684 1371 825 1414 Medic„
851 1371 915 1404 sed
934 1372 973 1405 ιή
995 1384 1100 1417 supra
1118 1372 1298 1417 scriptum.
1328 1373 1385 1406 W
1379 1372 1424 1416 r.)
1460 1383 1529 1404 su-

0 1412 292 1459 burram-Medic.
311 1430 331 1451 a
349 1430 395 1451 m.
417 1430 472 1463 pr.
495 1424 531 1452 et
550 1418 607 1459 al.‚
633 1425 693 1451 aut
711 1417 894 1452 suburam.
970 1420 1037 1454 196
1061 1420 1102 1453 Izi
1121 1431 1201 1453 sese
1218 1418 1318 1452 Leid.
1366 1420 1400 1452 is
1418 1430 1529 1465 saepe

0 1463 92 1501 flud.
112 1475 181 1511 pro
199 1476 274 1507 var.
288 1464 372 1498 lect.
420 1464 569 1499 vibrant
595 1466 735 1510 Menag.
756 1465 818 1499 alt.
915 1467 983 1501 198
1009 1467 1115 1510 Quod
1138 1478 1256 1512 neque
1281 1467 1456 1499 Romanus
1477 1464 1528 1509 (iu

0 1519 2 1521 ’
24 1521 71 1545 uo
92 1523 113 1545 a
132 1524 166 1546 v.
183 1511 231 1548 36
250 1512 296 1546 ad
317 1513 381 1548 181
402 1512 525 1546 lacuna
547 1512 635 1555 erat)
655 1523 732 1546 cum
752 1513 840 1546 aliis.
868 1513 975 1559 (quod
993 1513 1134 1559 recepi;
1161 1513 1230 1547 vid.
1250 1515 1294 1555 Q.
1304 1515 1349 1546 V.
1368 1513 1528 1555 XXXII,

0 1522 36 1602 ἓ.
59 1563 97 1592 et
115 1560 151 1595 2.
182 1560 238 1593 W
233 1559 277 1603 r.)
327 1558 518 1594 cone-abito
534 1559 679 1592 Mentel.
697 1572 752 1605 pr.
801 1561 941 1607 (segnis
960 1560 1101 1601 Medic„
1136 1566 1383 1606 praecesserat
1403 1559 1440 1592 in
1460 1571 1528 1593 eo-
1558 1586 1561 1590 ,

0 1601 82 1649 dem
108 1605 312 1653 indulgens
336 1618 357 1640 a
387 1619 433 1640 m.
465 1619 519 1651 pr.
558 1606 654 1648 Wr.)
750 1607 818 1643 199
843 1606 986 1641 nisibus
1013 1608 1103 1641 Gud.
1137 1619 1158 1640 a
1184 1619 1229 1640 m.
1258 1619 1327 1640 sec.
1374 1605 1529 1640 nexibus

0 1651 133 1691 Hedic-
165 1653 257 1687 Gud.
278 1666 299 1687 a
320 1666 366 1687 m.
393 1666 448 1699 pr.
480 1660 517 1687 et
545 1654 615 1687 duo
639 1653 740 1687 Leid.
770 1667 848 1688 cum
878 1655 979 1688 Rom.
1004 1654 1086 1700 .(sic
1107 1654 1212 1688 etiam
1239 1654 1344 1687 Hafa.
1372 1657 1412 1687 A.
1431 1654 1469 1686 B.
1491 1659 1529 1686 et

0 1692 98 1746 Lips.
116 1700 203 1742 obl„
226 1712 294 1735 nec
316 1700 463 1742 dubito,
490 1701 573 1746 quin
589 1713 632 1734 ex
650 1700 728 1735 aliis
750 1701 870 1743 libris,
896 1702 1099 1746 diligentius
1126 1701 1294 1746 inspectis
1316 1701 1411 1733 idem
1437 1711 1527 1733 eno-

0 1746 71 1785 tnri
88 1747 260 1802 potuerit.
308 1749 354 1781 Et
372 1746 528 1782 nexibus
549 1760 652 1793 quum
673 1747 799 1794 optimi
827 1749 912 1782 libri
930 1755 1117 1790 tueantur,
1151 1748 1388 1782 obediendum
1414 1746 1527 1780 videri

12 1794 114 1828 '‘ossu
130 1795 258 1828 horum
283 1795 501 1829 auctoritati.
549 1795 706 1829 Verbum
728 1796 822 1828 enim
846 1798 946 1830 necti
963 1796 1000 1829 in
1024 1808 1064 1830 re
1082 1797 1246 1829 Venerea
1264 1795 1380 1828 locum
1397 1794 1525 1827 habet:

56 1841 102 1876 'd.
134 1844 175 1875 A.
206 1844 246 1875 A.
275 1843 326 1885 Π,
349 1842 450 1878 484.:
476 1843 643 1884 „Haeret
670 1843 844 1876 adulterio
873 1854 950 1876 cum
971 1855 1056 1876 cane
1081 1855 1195 1876 nexa
1219 1842 1352 1876 canis.“
1400 1842 1526 1886 Neque

0 1889 214 1932 ,ven-endum,
259 1901 306 1930 ne
333 1889 414 1923 talis
444 1901 514 1923 vox
549 1889 680 1934 pudori
710 1890 895 1923 castissimi
922 1896 1052 1935 poetae
1082 1889 1231 1930 officiat3
1266 1900 1382 1934 neque
1408 1889 1527 1921 obstat

0 1935 127 1978 fidunt,
151 1947 370 1982 consequeus
388 1948 455 1982 pro
472 1936 726 1977 antecedente3
751 1949 864 1983 neque
885 1945 962 1978 aut,
987 1937 1033 1970 de
1054 1948 1123 1982 quo
1144 1936 1214 1970 vid.
1235 1937 1279 1978 Q.
1292 1938 1337 1970 V.
1348 1936 1526 1978 XXXVI,

0 1977 58 2021 11.
104 1983 249 2017 Retinui
274 1990 394 2018 tamen
423 1983 589 2026 nixibus,
628 1984 799 2017 suadente
828 1984 906 2029 ipsa
936 1984 1123 2018 sententia.
1171 1985 1264 2017 Nam
1285 1995 1389 2027 quum
1417 1983 1526 2016 verba

0 2031 152 2075 π.198.
188 2043 337 2077 „neque
364 2030 558 2065 concubitu
588 2031 811 2077 1'ndulgent“
835 2031 872 2063 in
892 2031 1091 2064 universum
1110 2030 1398 2064 consuetudinem
1418 2029 1524 2075 maris

0 2076 78 2114 'uun
99 2077 231 2112 femina
248 2077 465 2123 significent,
502 2078 574 2110 eius
598 2078 651 2111 rei
669 2078 770 2111 notio
794 2078 924 2111 deinde
949 2078 985 2110 iu
1016 2078 1101 2111 duas
1129 2076 1301 2110 scinditur
1319 2083 1439 2120 partes
1460 2076 1525 2118 ita,

0 2128 42 2159 ut
67 2123 151 2159 illa:
186 2137 285 2167 „nec
309 2137 467 2171 corpora
494 2125 533 2157 in
564 2126 744 2158 Venerem
765 2125 965 2166 solvunt,“
1009 2125 1054 2158 de
1071 2124 1247 2165 maribus,
1262 2150 1265 2151 ⁷
1280 2123 1388 2156 haec:
1424 2136 1525 2164 „nec

0 2168 102 2220 setus
116 2170 444 2213 nixibus-edunt,“
470 2171 515 2205 de
532 2171 672 2205 feminis
694 2172 867 2205 dicantur.
915 2173 1003 2206 Voc.
1026 2171 1118 2205 enim
1135 2183 1254 2204 nexus·
1274 2170 1319 2203 ad
1338 2176 1523 2214 utrumque

0 2220 120 2253 flexum
145 2218 371 2252 referendum
400 2225 516 2260 esset,
549 2219 644 2264 quod
670 2231 794 2264 parum
819 2225 938 2262 aptam
964 2225 1168 2264 gratamque
1194 2218 1343 2250 inferret
1371 2216 1523 2250 orationi

0 2264 148 2314 appiam.
179 2267 236 2300 W
230 2265 274 2310 r.)
316 2262 454 2300 Eadem
471 2265 656 2300 diversitas
676 2266 771 2312 apud
791 2266 891 2300 Ovid.
911 2267 997 2300 Met.
1015 2267 1090 2308 IX,
1113 2265 1196 2308 294,
1227 2269 1374 2298 notante
1393 2265 1522 2307 Burm.,

0 2313 64 2348 ned
87 2319 124 2347 et
143 2313 230 2348 alibi
250 2324 367 2359 saepe.

0 2429 137 2485 mog).
200 2433 294 2473 192.
324 2431 488 2470 credunt
511 2433 618 2470 coelo
632 2462 644 2481 ,
680 2431 734 2470 fi-
853 2434 946 2474 197.
976 2431 1086 2471 Inter
1106 2431 1243 2484 plures
1267 2436 1452 2470 veterum
1471 2429 1522 2468 de

0 2488 93 2529 aem
108 2488 262 2529 habent
275 2503 416 2529 sereno
436 2490 557 2530 caelo.
587 2488 736 2532 194—-
791 2504 918 2540 apum
935 2492 1191 2541 generatione
1210 2489 1416 2541 opiniones
1434 2494 1522 2527 erat

1 2549 100 2597 =196.
141 2548 415 2588 Observatum
466 2547 547 2587 hoc
583 2547 734 2597 multis,
792 2547 911 2585 etiam
923 2546 1043 2597 haec,
1082 2561 1167 2586 non
1193 2547 1299 2599 gigni
1317 2560 1391 2585 nec
1412 2546 1521 2586 nasei

0 2617 95 2659 apes
116 2605 288 2646 adverso
317 2613 441 2646 vento
471 2607 655 2646 volantes
670 2606 735 2644 la-
791 2618 882 2655 eas,
922 2606 993 2644 sed
1022 2618 1073 2643 ex
1112 2605 1279 2644 floribus
1307 2605 1394 2657 legi.
1436 2604 1520 2643 vid.

0 2662 109 2717 pillis
127 2677 168 2703 se
190 2678 375 2714 onerare,
409 2678 459 2703 ne
476 2679 499 2703 a
515 2671 641 2703 vento
660 2664 734 2703 ab·
790 2663 959 2702 Aristot.
990 2663 1042 2702 H.
1066 2662 1113 2702 A.
1140 2663 1197 2713 V,
1220 2665 1273 2705 21
1295 2677 1306 2713 3
1355 2662 1459 2700 adde
1486 2675 1519 2700 c.

0 2720 225 2774 fipiantur,
264 2723 307 2761 in
331 2722 395 2761 his
429 2722 593 2762 Aristot.
612 2722 664 2761 H.
684 2721 733 2761 A.
793 2724 860 2764 19.
890 2724 960 2764 22.
987 2721 1085 2760 Plin.
1125 2721 1206 2770 XI,
1236 2724 1310 2771 16,
1340 2725 1432 2758 sect.
1453 2722 1519 2761 16.

0 2777 73 2829 IX,
95 2778 163 2822 40.
183 2779 336 2820 Aelian.
358 2781 410 2819 H.
433 2780 480 2820 A.
498 2781 526 2830 Ι,
549 2784 614 2822 11.
630 2781 732 2819 Plin.
789 2780 907 2818 Nunc
935 2780 1134 2832 reginam,
1174 2779 1293 2830 vulgo
1320 2792 1396 2830 pro
1427 2789 1519 2828 rege

0 2836 72 2887 XI,
96 2840 163 2880 10.
193 2838 357 2890 cymbae
375 2838 600 2888 instabiles,
630 2839 733 2878 levi-
789 2837 987 2887 habitam,
1019 2850 1271 2876 communem
1287 2835 1422 2887 stirpis
1442 2847 1518 2872 au-

0 2898 86 2935 tate
106 2896 237 2934 oneris
258 2895 514 2935 fluctuantes.
563 2895 637 2949 (De
652 2911 734 2936 1111-
791 2901 945 2934 ctorem
972 2909 1017 2933 ac
1034 2900 1262 2948 parentem,
1304 2893 1388 2931 ovis
1405 2891 1519 2943 pari-

0 2953 122 2993 meris
138 2967 198 2992 VS.
215 2955 310 2995 196.
330 2953 486 2993 dictum
495 2954 546 3003 Q.
567 2954 614 2994 V.
626 2955 733 3004 XIII,
791 2953 913 2992 undis
930 2953 1056 2992 solam
1074 2964 1227 3000 vacare,
1248 2956 1341 3002 post
1359 2951 1518 2988 Swam-

0 3012 43 3062 2,
62 3010 102 3050 d.
138 3012 209 3051 W
202 3008 258 3064 r.)
791 3011 1042 3050 merdammii
1071 3015 1110 3048 et
1140 3007 1374 3048 Reaumurii
1396 3005 1458 3061 (T.
1482 3006 1515 3046 V
