1768 3320
217 257 319 305 290
569 252 624 302 Ρ.
661 250 1018 303 VIRGILII
1053 249 1431 301 MARONIS

216 376 502 429 Panditur:
535 377 650 445 ipse
669 376 766 427 tibi
788 377 896 427 iam
920 375 1138 426 brachia
1166 375 1434 426 contrahit
1454 376 1649 428 ardens

220 448 500 515 ScorpiOS‚
539 456 593 497 et
616 447 755 498 coeli
773 448 908 498 iusta
927 447 1047 515 plus
1066 455 1218 514 parte
1238 446 1479 515 reliquit:
1674 450 1755 503 ‚35

218 517 499 586 Quidquid
523 517 650 583 eriS‚
689 523 840 582 (nam
868 527 923 568 te
946 534 1048 567 nec
1068 526 1286 584 sperant
1307 520 1526 568 Tartara
1547 533 1753 584 regem,

216 594 330 642 Nec
349 589 447 639 tibi
469 588 731 654 regnandi
753 588 931 638 veniat
952 597 1065 637 tam
1086 587 1200 637 dira
1224 587 1444 655 cupido:

218 660 473 724 Quamvis
498 659 705 724 Elysios
731 660 960 709 miretur
983 659 1204 708 Graecia
1231 674 1467 725 campm,

214 735 327 783 Nec
348 731 575 797 repetita
598 730 752 797 sequi
774 739 926 780 curet
945 729 1268 795 Proserpina
1290 733 1550 794 matrem)

214 804 293 853 Da
332 799 547 851 facilem
587 817 804 850 cursum
818 842 832 866 ‚
881 808 1042 867 atque
1076 798 1368 849 audacibus
1413 797 1591 849 adnue
1624 814 1751 848 coe—

1014 870 1134 937 ptis,
1684 872 1753 921 40

287 959 368 1006 36.
406 968 550 1015 ER1s3
587 967 702 1002 ΝΛΜ
774 966 1008 1001 SPERENT
1118 957 1199 1004 39.
1236 965 1490 1013 MATREM3

262 1081 310 1119 34
334 1082 523 1116 Panditur
550 1081 628 1128 ipse
657 1080 770 1126 iungit
791 1079 957 1115 Servius.¹
979 1080 1064 1126 (vid.
1086 1082 1129 1123 Q.
1151 1081 1197 1115 V.
1216 1080 1349 1123 XVIII,
1371 1081 1405 1122 2,
1424 1079 1459 1123 5,
1474 1078 1510 1126 β.
1542 1077 1639 1124 Wr.)
1688 1077 1756 1113 tibi

216 1143 302 1165 nam
319 1131 411 1165 ven.
509 1129 556 1164 35
582 1130 756 1176 Scorpios
774 1128 897 1162 Heius.
931 1140 950 1162 e
978 1128 1108 1162 Medic.
1139 1134 1176 1161 et
1204 1127 1249 1161 al.
1298 1128 1476 1174 Scorpius>=
1501 1126 1620 1172 vulgo.
1694 1126 1755 1160 lus

215 1179 317 1211 iusta
337 1177 411 1211 Erf.
446 1175 565 1222 (etiam
585 1177 618 1212 2.
639 1178 695 1213 11.
721 1182 756 1209 et
774 1176 879 1210 Hafn.
900 1178 940 1210 A.
959 1177 997 1210 B.
1029 1175 1126 1220 IVr.)
1177 1175 1328 1221 reliquit
1344 1174 1473 1209 Medic.
1498 1186 1574 1208 cum
1600 1175 1655 1208 Gu
1682 1199 1691 1208 .
1718 1180 1754 1206 et

214 1226 355 1269 Menag.
377 1224 459 1262 alt..
493 1223 533 1257 it.
552 1225 655 1257 Rom.
674 1222 805 1266 Pierii,
838 1223 946 1257 Goth.
972 1235 1027 1271 pr.
1057 1229 1092 1256 et
1110 1222 1183 1256 Erf.
1216 1229 1253 1256 et
1273 1221 1460 1255 videbatur
1480 1221 1568 1264 hoc,
1604 1233 1647 1255 ex
1673 1220 1753 1255 ele-

217 1272 336 1318 gantia
363 1271 528 1316 poeticae
555 1270 741 1312 dictionis,
775 1270 1018 1317 recipiendum
1048 1282 1148 1312 esse,
1180 1281 1248 1314 pro
1276 1268 1413 1314 vulgari
1435 1269 1626 1315 relinquit.
1661 1268 1753 1315 (hoc

214 1327 332 1353 tamen
350 1325 491 1352 tuentur
506 1319 612 1352 Voss.
635 1325 670 1352 et
688 1318 787 1353 Iahn.
836 1317 977 1352 Retinui
997 1318 1166 1364 reliquit,
1192 1328 1264 1350 non
1283 1323 1321 1350 ut
1341 1315 1550 1361 elegantius,
1574 1316 1639 1349 sed
1657 1315 1753 1362 quod

214 1366 285 1400 iam
302 1367 431 1400 sactum
452 1365 628 1410 significet
649 1364 757 1406 illud,
793 1365 891 1411 quod
907 1366 1014 1399 modo
1035 1363 1114 1398 fieri
1131 1376 1198 1409 per
1215 1365 1387 1398 Praesens
1407 1364 1595 1398 contrahit
1612 1363 1753 1397 indica-

214 1421 290 1447 tum
310 1414 437 1447 fuerat.
470 1413 564 1458 Wr.)
614 1412 835 1457 Interpolate
855 1419 911 1446 est
931 1421 972 1446 ut
991 1425 1020 1446 c.
1040 1432 1085 1437 —
1106 1412 1296 1458 relinquat
1313 1411 1352 1444 in
1370 1410 1536 1445 Arundel.
1615 1412 1663 1448 36
1686 1410 1754 1444 Hic

214 1474 334 1495 versus
352 1460 389 1494 in
407 1462 537 1494 Moret.
555 1467 641 1506 post
659 1473 692 1493 v.
714 1461 761 1496 38
783 1460 981 1505 legebatur.
1032 1459 1194 1505 Quiquid
1211 1459 1284 1492 erit
1309 1459 1418 1492 Goth.
1440 1471 1494 1504 pr.
1544 1458 1616 1492 Sed
1634 1458 1753 1502 Quid-

216 1509 305 1555 quid
326 1513 401 1546 eris
429 1516 482 1542 est
501 1519 589 1553 pro,
615 1508 791 1553 Quisquis
818 1508 912 1541 deus
932 1508 1016 1541 eris.
1065 1508 1138 1541 iam
1164 1514 1202 1539 te
1222 1505 1332 1539 Pierii
1357 1506 1522 1551 Longob.
1570 1518 1638 1549 nec
1663 1517 1753 1553 spe—-

217 1564 306 1589 rant
327 1557 429 1590 Rom.
465 1568 513 1589 ne
531 1562 687 1602 sperant
703 1554 833 1588 Medic.
855 1567 876 1588 a
893 1567 939 1588 m.
960 1567 1028 1600 pr„
1054 1554 1118 1587 sed
1138 1552 1373 1587 immutatum:
1399 1565 1467 1587 nec
1484 1561 1646 1600 sperent.
1671 1554 1753 1598 (nec

217 1611 366 1649 sperent
396 1609 449 1635 est
471 1602 585 1635 altera
611 1601 719 1635 lectio
740 1601 910 1643 Medicei;
945 1608 982 1635 et
998 1613 1146 1643 vereor,
1171 1612 1216 1633 ne
1238 1600 1391 1645 genuina
1425 1599 1470 1633 sit
1493 1612 1561 1634 nec
1578 1608 1752 1647 sper-anm

216 1662 306 1695 quae
328 1662 430 1695 quam
447 1649 551 1683 facile
570 1649 607 1682 iu
625 1662 693 1683 nec
712 1657 862 1695 sperent
880 1649 1032 1682 transire
1050 1647 1220 1695 potuerit,
1245 1647 1366 1682 statim
1384 1646 1607 1693 intelligitur.
1657 1649 1752 1695 Spe—

143 1698 146 1700 ’
216 1705 305 1731 rant
327 1697 430 1730 etiam
453 1696 532 1730 Ald.
560 1702 644 1729 tert.
668 1696 964 1730 emendatissima.

1013 1698 1136 1741 Itaque
1149 1721 1158 1737 ,
1184 1707 1261 1729 cum
1280 1702 1469 1741 utrumque
1487 1706 1526 1728 se
1550 1693 1644 1728 tueri
1661 1706 1752 1740 pos-

216 1743 282 1786 sit,
305 1750 424 1777 tamen
446 1751 619 1791 sperant,
645 1750 683 1776 ut
704 1743 869 1788 gravius,
893 1743 1061 1789 praetuli.
1104 1744 1161 1778 W
1156 1742 1202 1785 r.)
1251 1755 1327 1776 non
1355 1750 1393 1776 te
1419 1750 1588 1789 spectent
1608 1754 1676 1776 nec
1695 1741 1750 1775 ed.

215 1792 308 1825 Ven.
356 1799 534 1838 spernent
550 1802 638 1824 unus
658 1790 775 1824 Mead.
796 1796 832 1825 et
852 1790 908 1824 ed.
927 1790 1090 1825 Norimb.

217 1837 328 1872 Goth.
349 1850 420 1872 sec.

216 1934 273 1972 les
304 1948 344 1986 p.
365 1933 450 1977 275
472 1931 574 1988 ειη)
626 1933 842 1973 Enimvero
865 1934 954 1973 sus-

216 1991 302 2030 ficit
339 1992 392 2030 ad
418 1998 562 2045 poetae
600 1999 800 2042 mentem,
841 1992 954 2044 quod

217 2050 267 2089 ab
283 2050 400 2089 initio
424 2051 644 2103 posuimus.
706 2050 851 2090 Chelae
876 2065 953 2090 au-

215 2114 298 2147 tem
334 2117 557 2161 sequentes,
604 2109 671 2149 vel
706 2109 803 2162 quia
828 2111 954 2148 Scor-

215 2166 307 2220 pius
337 2167 492 2220 Virgini
523 2181 546 2205 a
583 2173 696 2220 tergo
732 2173 817 2217 est,
858 2165 955 2222 (hoc

215 2238 380 2276 verum;
421 2225 479 2264 ita
525 2228 639 2278 sequi
678 2225 729 2264 de
756 2225 954 2265 sideribus

217 2283 409 2322 sollenne.
445 2281 564 2337 Wr.)
596 2284 662 2323 vel
686 2284 844 2336 poetico
868 2284 955 2338 epi—

216 2340 345 2391 theto,
376 2347 425 2379 ut
442 2340 618 2380 hederae
635 2341 789 2381 flexiles
808 2342 955 2381 dicun-

216 2404 288 2438 tur
332 2412 530 2451 sequaceS.
579 2400 724 2438 ardens
765 2401 956 2453 Scorpius

216 2463 426 2508 tamquam
450 2457 579 2508 sidus3
608 2457 689 2497 hoc
707 2458 955 2512 simplicissi-

217 2529 342 2555 mum.
380 2517 488 2553 iusta
510 2515 610 2566 plus
638 2525 757 2567 parte
791 2517 955 2569 elegan-

217 2579 302 2623 ter,
334 2573 387 2612 ad
407 2573 563 2625 signum
580 2574 742 2613 maioris
758 2588 953 2614 reveren-

217 2630 299 2670 tiae
329 2632 439 2684 plus,
479 2644 602 2682 quam
629 2632 781 2671 iustum
809 2647 856 2671 ac
878 2646 954 2672 ne-

219 2701 326 2727 cesse
372 2694 481 2738 erat,
533 2689 582 2727 de
630 2690 720 2728 loco
771 2690 952 2730 decessit.

218 2746 307 2786 Alio
325 2746 447 2786 modo
468 2746 604 2786 locum
623 2746 736 2786 hunc
755 2749 952 2787 tractavit

219 2805 270 2845 de
279 2804 521 2858 Vespasiano
542 2804 674 2843 Valer.
692 2805 752 2844 Fl.
772 2806 801 2855 I,
826 2809 878 2848 16
893 2819 950 2858 sq.

219 2877 314 2902 cum
332 2866 419 2902 iam
431 2863 591 2914 genitor
606 2862 755 2901 lucebis
773 2862 826 2901 ab
843 2865 954 2902 omni

211 2929 333 2974 parte
346 2921 438 2973 poli
458 2933 543 2972 sqq.

278 2981 333 3022 36
352 3001 411 3009 —
429 2981 496 3021 39.
526 2977 737 3030 Exquisita
758 2978 954 3019 orationis

210 3037 482 3077 >conversione
523 3036 718 3090 ¹exprimit
763 3029 954 3076 ultimum

1180 1789 1228 1826 37
1252 1797 1329 1824 tam
1350 1801 1466 1823 saeva
1482 1788 1618 1823 Zulich.
1654 1789 1752 1823 dura

1009 1933 1131 1973 illud:
1156 1947 1208 1973 an
1225 1932 1365 1973 inferis
1389 1932 1463 1972 diis
1480 1932 1657 1972 adscribi
1677 1945 1751 1972 ve-

1010 1992 1059 2031 lit
1083 2009 1091 2031 :
1128 1991 1174 2031 id
1214 1991 1326 2044 quod
1369 1998 1583 2031 aversatur
1616 1997 1750 2045 poeta.

1020 2052 1195 2089 Tartara
1216 2050 1382 2089 omnino
1402 2064 1479 2103 pro
1496 2050 1597 2090 locis
1611 2049 1750 2088 inferis

1013 2108 1120 2147 dixit
1140 2139 1151 2159 ,
1192 2123 1278 2148 non
1312 2108 1497 2162 proprie3
1538 2107 1751 2148 substituit

1011 2167 1149 2220 paullo
1189 2173 1284 2220 post
1318 2181 1480 2219 campos
1514 2166 1670 2219 Elysios
1706 2166 1751 2204 in

1011 2225 1238 2265 inferorum
1255 2231 1371 2278 parte
1394 2225 1504 2264 sitos.
1565 2226 1634 2267 38.
1664 2224 1751 2263 Etsi

1014 2298 1037 2322 a
1056 2284 1218 2322 Graecis
1243 2283 1373 2337 poetis
1394 2283 1524 2322 multa
1541 2282 1751 2336 praeclara

1014 2342 1065 2380 de
1091 2342 1191 2381 locis
1221 2341 1358 2381 inseris
1371 2371 1382 2392 ,
1423 2341 1608 2381 nominat
1637 2354 1751 2380 nunc

1013 2415 1182 2452 campos
1216 2401 1396 2452 Εζγείοε,
1436 2405 1605 2438 narrata
1630 2405 1750 2450 sunt;

1014 2460 1157 2497 mirari
1171 2464 1231 2496 est
1254 2458 1470 2507 celebrare,
1501 2457 1639 2497 multis
1652 2471 1751 2497 ver-

1012 2516 1074 2555 bis
1108 2528 1266 2555 ornare.
1333 2518 1400 2558 39.
1440 2517 1608 2555 Nec—
1629 2524 1749 2566 caret,

1012 2573 1136 2623 nolit,
1167 2573 1358 2613 noluerit.
1380 2586 1419 2612 v.
1439 2573 1578 2612 Burm.
1609 2573 1751 2613 Videri

1011 2637 1146 2685 potest
1163 2631 1341 2670 fabulam
1362 2630 1413 2669 de
1423 2631 1664 2684 Proserpina
1680 2630 1763 2671 re-'

1012 2689 1164 2741 spicere
1186 2719 1197 2739 ‚
1239 2702 1342 2740 quae
1374 2703 1486 2728 nunc
1521 2690 1747 2742 ignoratur.

1010 2748 1112 2786 Nam
1136 2746 1178 2785 in
1205 2746 1364 2799 vulgari
1391 2748 1627 2787 narratione
1643 2748 1748 2787 Pro-

1011 2805 1171 2857 serpina
1197 2803 1329 2844 invita
1354 2818 1377 2842 a
1404 2805 1578 2844 Plutone
1593 2806 1748 2845 retine-

1010 2868 1100 2912 -tur;
1132 2867 1170 2900 et
1191 2869 1368 2902 comesta
1378 2863 1473 2902 mali
1492 2864 1634 2903 Punici
1652 2878 1747 2916 gra-

1011 2934 1066 2959 na
1084 2919 1167 2959 huc
1185 2920 1256 2959 vix
1275 2921 1420 2960 referri
1436 2928 1617 2974 possunt.
1663 2920 1748 2961 Nisi

1013 2978 1072 3016 sic
1090 2978 1227 3031 potius
1245 2986 1367 3032 poeta
1389 2979 1545 3018 dictum
1565 2993 1647 3019 esse
1669 2993 1747 3019 vo·-

1012 3035 1091 3075 lujt
1110 3051 1119 3075 :
1181 3036 1262 3076 Nec
1315 3038 1557 3091 Proserpina
1612 3051 1744 3089 nunc,
