1768 3320
0 232 47 344 ᾖ.
335 224 341 234 ’
358 242 364 247 ·’
279 224 861 322 WOS
897 229 1203 280 DIGESTA
1347 296 1350 299 Δ
1470 252 1598 287 cxxv

11 358 152 411 5642
171 356 412 415 mma
431 358 663 411 &geniture
682 357 804 406 deos;
837 360 924 396 iure
942 373 1082 398 omma
1102 358 1210 398 bella
1234 361 1361 401 Geme
1381 365 1455 402 sub
1471 368 1581 405 Assa

232 420 241 426 ”
251 428 261 468 j
273 415 445 458 m
463 415 650 455 resident.

144 493 161 502 >⁴
154 474 261 526 2&
267 473 384 528 hunc
413 486 567 513 annum
595 473 775 512 Caesaris
802 474 853 512 de
879 474 1050 528 imperio
1079 475 1323 528 deponendo
1346 477 1486 518 habita
1506 494 1597 522 cum

59 533 240 589 Agrippa
269 538 313 573 et
341 527 575 572 Maecenate
601 532 846 571 consultatio
867 532 1059 585 pertinet.
1082 534 1166 573 vid.
1185 534 1260 574 Dio
1278 537 1346 574 LII
1361 551 1424 590 pr.
1485 539 1598 587 Quas

0 615 18 658 Ε,
0 549 228 651 {Virgilio
248 605 309 635 ea
335 591 382 632 in
410 605 456 631 re
486 597 625 644 partes
654 589 844 630 dederint
870 592 996 644 inepti
1015 592 1303 643 Grammatici,
1332 595 1417 635 vid.
1443 596 1487 635 in
1513 599 1598 638 Do-

0 662 23 696 ”’
60 658 159 692 ⁰⁸1⁰
175 649 371 750 ΙςΪοῖὃοιιῒ
400 706 608 760 superiore
634 720 765 757 anno,
809 713 919 746 certe
942 713 1037 746 ante
1063 707 1206 748 Ianum
1231 709 1437 762 clausum,
1467 713 1598 754 Dacos

0 696 83 1006 ἓ
57 775 193 808 mnf
214 767 368 822 Istrum
394 780 489 807 cum
515 765 742 815 Bastarnis,
781 765 928 804 Moesis
956 772 998 804 et
1013 766 1100 805 aliis
1116 768 1277 821 populis
1297 769 1404 809 bello
1425 742 1597 812 adortus

0 1252 62 1405 ἰ

0 1423 9 1497 i

58 827 220 867 eratM.
242 827 433 876 Crassus,
464 824 515 863 de
536 837 617 876 qua
647 823 907 877 expeditione
925 824 1008 864 vid.
1035 825 1106 864 Dio
1124 826 1187 876 LI,
1205 829 1275 868 22.
1294 830 1351 869 23
1365 842 1449 881 sqq.
1480 831 1597 870 Unde

56 895 203 926 versun
222 883 379 937 Virgilii
400 883 551 922 ductus
572 883 643 921 Ge.
668 881 718 933 ΙΙ,
748 882 835 925 497
865 891 939 921 aut
963 886 1172 923 coniurato
1190 885 1431 925 descendens
1448 890 1596 928 Dacus

55 943 112 984 'ab
128 945 246 989 [ατο.
287 942 322 981 A
348 942 404 982 M.
427 940 605 980 Antonio
637 940 690 979 ad
718 941 952 981 societatem
978 947 1020 980 et
1048 942 1199 982 auxilia
1239 943 1408 984 ferenda
1435 948 1595 999 pellecti

57 1003 223 1042 fuerant
246 1001 315 1041 isti
341 997 504 1055 populi5
548 1013 630 1051 quo
650 1000 805 1038 sactum
826 1012 910 1038 esse
923 1000 1109 1051 videtur,
1140 1008 1190 1040 ut
1206 1002 1247 1040 in
1271 1002 1372 1042 fines
1392 1004 1595 1046 Romanos

55 1060 212 1101 infestis
240 1073 341 1100 mox
375 1059 498 1098 armis
520 1058 793 1097 incurrerent.
866 1058 1138 1111 Triumphum
1168 1060 1257 1098 de
1246 1060 1295 1099 iis
1322 1062 1403 1114 egit
1428 1064 1481 1102 Cn
1483 1078 1594 1104 assus

56 1119 111 1159 lv
139 1119 243 1159 Non.
273 1118 350 1159 Iul.
379 1120 478 1160 726.
536 1116 616 1155 Pro
639 1116 757 1155 Dacis
791 1116 1114 1168 magnificentius
1149 1118 1282 1158 visum
1318 1122 1451 1173 poetis
1471 1123 1594 1162 Getas

0 1206 16 1245 ἒ,
54 1177 287 1218 nominare:
316 1182 367 1216 ut
393 1175 493 1215 Aen.
522 1174 608 1224 vll,
639 1174 737 1224 604,
762 1174 833 1213 ubi
852 1175 936 1214 vid.
956 1175 1051 1215 Not.
1075 1176 1219 1216 Hor.at
1238 1177 1317 1217 Od.
1336 1179 1404 1230 lv,
1430 1182 1497 1231 15,
1515 1185 1590 1232 223

56 1243 179 1290 atque
196 1236 317 1278 etiam
334 1233 528 1288 scythas:
559 1233 691 1272 carm.
711 1242 812 1272 saec.
832 1234 901 1276 55.

666 1323 990 1376 U.C..726

258 1423 450 1470 Caesar
482 1420 782 1468 Octavianus
815 1420 897 1468 VI.
971 1420 1042 1468 M.
1071 1420 1310 1485 Agr-ilipa
1334 1424 1406 1473 II.

439 1521 486 1551 a.
514 1503 566 1551 C.
589 1504 671 1551 28.
753 1503 951 1566 Virgilii
978 1503 1047 1552 42
1066 1531 1123 1539 -
1141 1504 1223 1552 43.

169 1597 404 1652 Apollinis
391 1611 434 1636 ιιι
457 1596 611 1635 Palatio
643 1594 841 1648 templum
872 1609 965 1634 cum
992 1595 1237 1636 bibliotheca
1263 1597 1409 1636 Caesar
1422 1600 1590 1652 perfecit

0 1680 34 1711 „
53 1665 96 1698 et
122 1657 340 1698 dedicavit.
397 1655 535 1694 Ludos
563 1653 750 1693 Actiacos
789 1654 1132 1706 quinquennales,
1171 1662 1341 1708 propter
1374 1656 1590 1697 victoriam

0 1755 4 1759 .
51 1715 285 1757 Actiacam
274 1728 353 1754 lam
373 1719 468 1753 ante
487 1713 686 1762 decretos,
710 1726 802 1751 cum
821 1711 998 1766 Agrippa
1018 1712 1218 1757 exhibuit.
1277 1714 1395 1754 'lunc
1412 1717 1590 1769 gymnici

0 1762 4 1810 ἐ’
51 1788 215 1829 quoque
238 1773 328 1813 ludi
345 1773 426 1812 acti
443 1778 553 1812 sunt.
611 1771 686 1810 Dio
702 1771 801 1820 LIII,
826 1774 863 1813 1.
1501 1789 1506 1794 ’

131 1833 253 1873 -Hos
274 1830 396 1871 ludos
418 1830 679 1883 adumbravit
697 1835 820 1882 poeta
844 1829 953 1868 sub
940 1843 1015 1879 ns,
1045 1843 1148 1881 quos
1175 1829 1353 1869 Aeneam
1384 1845 1502 1870 suum
1525 1833 1588 1871 sa·-

0 1884 9 1924 s!
50 1893 109 1933 eit
126 1891 342 1940 instituere
362 1888 463 1929 Aen.
491 1889 558 1938 111,
577 1890 665 1930 280
693 1888 898 1940 Actiaque
926 1887 1073 1927 Iliacis·
1090 1888 1336 1927 celebramus
1364 1889 1500 1929 littora
1518 1892 1587 1929 lu-

17 1947 128 1990 dis.
159 1951 358 1989 Exercent
380 1950 548 2000 patrias
580 1947 666 1985 oleo
684 1945 842 1986 labente
866 1947 1103 1998 palaestras
1124 1947 1295 1985 Nudati
1311 1949 1423 1986 soc-ci.

660 2038 723 2088 U.
762 2038 820 2088 C.
855 2041 973 2089 727.
1154 2081 1163 2089 ,

41 2159 46 2161 -
224 2120 415 2191 caesar
444 2133 746 2180 Octavianus
774 2133 887 2180 VII.
957 2133 1029 2180 M.
1055 2133 1295 2196 Agrippa
1319 2133 1420 2182 ῙῙῙ.

57 2202 81 2226 ⁴³
343 2226 347 2229 ·
426 2233 474 2264 a
509 2216 562 2264 C
590 2218 675 2265 27
755 2214 953 2277 Virgilii
973 2215 1215 2263 43—44.

170 2299 324 2340 Caesar:
343 2313 393 2336 ex
411 2306 506 2335 anie
523 2298 631 2335 diem
658 2298 784 2335 XVI
793 2296 896 2334 Kal.
920 2294 1153 2344 Februarii,
1184 2299 1379 2335 sententia
1398 2298 1454 2336 L.
1479 2299 1586 2335 Mur

0 2365 5 2374 ”
36 2359 158 2407 nulii
172 2354 350 2406 Ρίαηοίζ
387 2371 415 2394 α
432 2364 575 2394 senam
598 2357 813 2407 ceterisque
839 2356 905 2391 cia
899 2353 994 2391 chus
1022 2352 1229 2405 Augustus
1252 2355 1490 2406 appellatus
1509 2364 1580 2403 est,

48 2429 133 2460 nese
155 2417 397 2467 septimum,
420 2422 458 2452 et
475 2415 545 2451 M.
574 2416 633 2453 V
615 2427 778 2465 ιρςαηιο
796 2414 994 2463 Agrippa
1012 2415 1171 2450 ternum
1188 2412 1441 2451 Consulibus.
1478 2414 1585 2452 Gen-
1615 2425 1620 2432 “

0 2443 24 2507 ᾗ
48 2470 210 2513 edi-inus
234 2487 271 2513 c.
302 2476 371 2515 22.
399 2472 485 2511 vid.
510 2472 584 2511 Dio
612 2471 709 2520 LIII,
742 2474 793 2512 16
824 2471 959 2521 ibique
987 2470 1145 2509 Fabi-ic.
1203 2471 1368 2510 Romuli
1392 2485 1541 2510 nomen
1561 2486 1584 2510 a

6 2524 257 2574 nonnullis
278 2531 557 2584 propositum,
592 2536 633 2568 et
661 2530 711 2568 ab
736 2529 824 2582 ipso
855 2528 1036 2581 Augusto
1058 2542 1314 2581 magnopere
1325 2543 1410 2568 esse
1426 2531 1585 2583 appeti-

5 2625 21 2644 ,
49 2595 157 2640 tum,
187 2590 284 2628 satis
312 2595 485 2628 constat.
511 2588 594 2627 vid.
620 2588 694 2627 Dio
720 2587 817 2626 ibid.
844 2589 1011 2626 Sueton.
1041 2586 1142 2639 Aug.
1163 2590 1204 2628 7.
1260 2587 1402 2639 Itaque
1420 2601 1583 2627 versum

50 2647 194 2701 Georg.
221 2648 287 2697 III,
321 2651 381 2689 27
405 2648 645 2699 metor-isque
668 2660 787 2684 arma
821 2646 983 2696 Quirini
1011 2644 1109 2683 hinc
1125 2645 1482 2712 interpretandum
1502 2660 1584 2685 esse

51 2705 283 2745 existimant
311 2705 393 2745 viri
420 2705 550 2758 docti3
590 2704 718 2756 quod
728 2704 761 2742 si
789 2711 901 2743 recte
927 2704 1132 2753 facerent,
1167 2704 1239 2742 etsi
1265 2704 1385 2743 nimis
1405 2705 1506 2743 levis
1526 2711 1585 2743 est

7 2761 19 2770 '
50 2763 119 2801 illa
140 2764 331 2819 suspicio,
361 2770 522 2816 pateret
541 2776 592 2801 ex
614 2762 715 2810 hoc,
749 2762 945 2814 Georgica
962 2763 1107 2811 serius,
1136 2775 1258 2813 quam
1280 2761 1364 2804 724
1384 2763 1582 2812 absoluta,

51 2821 192 2860 saltem
224 2821 334 2860 edita
363 2828 405 2860 et
430 2822 597 2874 vulgata
623 2821 756 2859 fuisse.
803 2821 998 2872 Namque
1026 2792 1128 2858 illu⁷d
1156 2821 1450 2859 nonnullorum
1469 2835 1581 2859 com-

50 2885 254 2928 mentum,
283 2880 334 2917 de
352 2880 536 2919 versibus
564 2879 691 2917 serius
712 2885 790 2917 et
773 2879 950 2918 secunda
980 2878 1114 2929 aliqua
1148 2891 1290 2916 lecens
1293 2879 1383 2917 ioue
1408 2879 1580 2926 insonis,

50 2935 164 2987 quod
185 2937 247 2975 sm
252 2942 290 2974 te
307 2950 358 2975 ex
377 2937 539 2976 Donato
567 2935 610 2990 ᾗ.
629 2938 684 2979 50
704 2937 879 2989 petitum
898 2943 975 2986 est,
1007 2950 1090 2974 non
1107 2935 1328 2975 admodum
1350 2951 1400 2988 pl
1403 2937 1580 2974 obamus.

50 2994 183 3034 Multo
199 2995 334 3034 minus
351 2994 553 3034 Harduini
582 2995 738 3033 somnia
763 3009 839 3034 nos
857 2995 1075 3044 tenebunt,
1107 3008 1200 3032 cum
1218 2994 1260 3032 in
1278 2994 1461 3045 reliquis,
1492 3001 1581 3031 tum
