1734 3320
138 179 241 226 376

484 174 540 224 Ρ.
576 171 939 224 VIRGILII
982 170 1362 222 MARONIS

140 301 300 365 Signa
322 298 533 351 dabant.
586 299 810 362 Quoties
832 297 1131 365 Cyclopum
1154 295 1421 347 effervere
1439 297 1495 347 in
1517 313 1670 363 agros

137 370 385 423 Vidimus
403 369 706 419 undantem
726 369 896 435 ruptis
914 366 1225 417 fornacibus
1248 370 1495 432 Aetnam,

136 441 615 506 Flammarumque
641 439 832 505 globos
856 436 1254 506 liquefactaque
1281 437 1502 488 volvere
1531 443 1669 490 saxa!

137 515 434 564 Armorum
454 511 694 560 sonitum
717 518 835 559 toto
861 509 1149 560 Germania
1173 507 1327 558 coelo

136 581 344 642 Audiit·
382 579 607 630 insolitis
626 587 970 630 tremuerunt
987 578 1227 628 motibus
1246 578 1424 645 Alpes.

1567 580 1671 630 475

137 656 256 705 Vox
279 668 499 719 quoque
516 667 617 717 per
634 650 785 700 lucos
805 649 964 714 volgo
995 648 1236 698 exaudita
1259 648 1486 713 silentiS,

137 725 360 788 Ingens;
401 730 454 771 et
479 720 758 770 simulacra
778 719 959 769 modis
985 718 1237 785 pallentia
1261 718 1410 768 miris

137 794 261 846 Visa
283 791 382 842 sub
411 791 703 840 obscurum
730 791 927 852 noctis3
964 788 1316 856 pecudesque
1336 789 1611 857 loquutae,

138 862 454 931 Infandum!
492 861 684 910 sistunt
704 877 914 925 amnes,
950 864 1237 926 terraeque
1260 858 1569 922 dehiscunt3

137 935 207 985 Et
235 941 504 983 maestum
535 930 831 981 inlacrimat
862 929 1079 997 templis
1114 930 1274 996 ebur,
1320 946 1552 999 aeraque
1583 945 1671 979 su-

936 999 1078 1050 dant.
1569 1003 1672 1053 480

210 1089 326 1137 476.
365 1098 599 1134 SILEN'ns
636 1085 674 1136 Ι.
749 1087 864 1136 478.
901 1096 1216 1145 LOQUUTAE3

186 1202 257 1239 472
280 1205 432 1237 Aetnan
452 1202 584 1235 Moret.
604 1213 659 1246 pr.

752 1200 823 1237 474
846 1203 995 1236 sonitus
1013 1202 1152 1247 Menag.
1173 1213 1242 1235 sec.
1267 1200 1377 1235 Goth.
1399 1213 1469 1235 sec.
1494 1207 1531 1234 et
1552 1201 1672 1236 Schol.

139 1250 292 1285 Juvenal.
314 1254 387 1295 Qat.
403 1250 471 1291 XI,
490 1250 568 1284 111.
594 1248 726 1282 inferre
743 1249 817 1283 vult
834 1250 1013 1283 tonitrum
1034 1249 1180 1284 Wakef.
1202 1248 1249 1282 ad
1264 1249 1407 1282 Lucret.
1423 1250 1468 1292 II,
1484 1248 1542 1284 48.
1567 1251 1672 1284 soni—
1712 1258 1715 1260 ’

140 1307 218 1332 tum
236 1311 280 1331 ex
298 1306 377 1331 toto
396 1299 525 1331 Venet.
572 1297 698 1330 sonitu
720 1297 829 1330 Goth.
849 1309 904 1343 pr.

138 1345 223 1379 lich.
272 1343 457 1379 montibu-s·
480 1343 610 1377 Medic.
640 1357 659 1377 a
689 1356 735 1378 m.
767 1356 823 1389 pr.
847 1356 925 1377 cum
947 1343 1047 1386 aliis,
1081 1343 1186 1377 etiam
1212 1344 1387 1377 Romanus
1410 1355 1431 1377 a
1450 1357 1494 1377 m.
1514 1355 1585 1378 sec.

998 1296 1069 1332 475
1095 1298 1299 1330 timuerunt
1318 1297 1449 1330 Moret.
1470 1308 1525 1341 pr.
1546 1303 1584 1330 et
1600 1299 1674 1330 Zu-

1623 1345 1675 1390 (et

139 1396 237 1427 Serv.
257 1392 386 1426 Dresd.
419 1391 514 1436 Wr.)
564 1391 696 1424 Probat
715 1398 751 1425 et
776 1391 922 1437 reponit
937 1390 1123 1425 montibus
1138 1391 1283 1426 Wakef.
1304 1390 1412 1424 modo
1438 1390 1672 1437 apposuisset,

140 1440 226 1485 quid
250 1440 321 1474 sint
348 1439 493 1473 insoliti
517 1439 684 1472 montes?

142 1547 267 1569 omnes
287 1535 427 1579 Menag.
447 1546 502 1579 pr.

775 1439 847 1474 476
871 1447 927 1472 est
950 1439 1084 1472 audita
1108 1439 1195 1483 Reg.

139 1487 269 1522 Medic.
317 1487 460 1520 Comma
478 1485 516 1519 in
541 1486 611 1519 fine
638 1498 759 1519 versus
784 1486 925 1527 addidi;
951 1485 1021 1519 vid.
1044 1487 1087 1527 Q.
1105 1486 1150 1520 V.
1172 1486 1270 1528 XIII,
1289 1487 1323 1527 2,
1343 1485 1377 1518 d.
1407 1486 1507 1531 Wr.)

1229 1450 1285 1484 ap.
1311 1437 1456 1471 Martia.
1507 1439 1675 1484 (silente-s·

1602 1485 1674 1522 479

590 1533 662 1569 480
687 1534 859 1567 lacrimat
874 1533 983 1567 Pierii
1005 1533 1199 1577 Oblongus.
1226 1533 1336 1578 (quod
1355 1532 1445 1566 male
1464 1533 1557 1567 tueri
1574 1534 1674 1569 Vos—

141 1582 229 1616 sium
248 1581 297 1616 ait
314 1582 421 1615 Lenz.
444 1581 491 1614 ad
514 1584 599 1616 Stat.
618 1580 700 1616 silv.
721 1582 748 1624 Ι,
766 1582 799 1624 2,
821 1581 901 1616 124.
924 1581 980 1615 ed.
1000 1580 1116 1614 Hand.
1130 1580 1225 1614 laud.
1246 1581 1290 1614 ab
1310 1580 1409 1614 Iahn.
1441 1581 1537 1627 Wr.)

199 1676 297 1720 470.
329 1677 478 1717 Oblata
504 1683 643 1718 tamen
664 1683 760 1717 sunt
778 1691 880 1730 pro-

145 1737 253 1789 digia
274 1737 403 1775 omnis
421 1736 576 1788 ge'neris
595 1736 663 1775 illo
683 1742 878 1789 tempore.

149 1795 321 1834 Obscem·
351 1807 491 1843 canes,
534 1795 704 1833 ominosi
720 1825 730 1845 ,
774 1795 880 1832 mala

141 1852 447 1906 portendentes,
465 1858 515 1891 ut
534 1855 787 1903 importunae
804 1866 879 1891 νο-

142 1912 294 1960 lucres,
328 1911 512 1961 odiosae,
543 1911 757 1960 molestae,
783 1910 880 1949 mali

144 1969 288 2008 ominis
314 1975 450 2008 cantu.
518 1967 617 2011 471.
648 1969 777 2021 Igitur
802 1969 878 2008 ali-

144 2027 302 2080 quoties
327 2026 461 2066 Aetna
489 2027 560 2066 illo
590 2041 697 2066 anno
720 2028 879 2079 ignibus

144 2091 310 2125 arserat.
368 2086 482 2125 Esset
498 2084 697 2125 hactenus
718 2092 882 2139 reperta

145 2158 285 2183 caussa
302 2144 477 2196 caliginis
495 2144 623 2183 totius
649 2144 755 2183 anni.
799 2144 881 2183 Ae-

145 2202 317 2241 stuantis
328 2201 482 2241 Aetnae
496 2202 650 2255 explosi
666 2203 775 2255 ignes
784 2217 882 2242 ver-

143 2260 206 2299 bis
242 2274 265 2298 a
300 2266 542 2313 tempestate
580 2261 704 2300 maris
743 2262 882 2314 petitis

146 2318 447 2358 describuntur.
525 2319 702 2358 Omnino
747 2320 881 2358 undae

145 2376 317 2415 flammis
358 2377 611 2416 tribuuntux.
687 2378 882 2431 Exempla

147 2434 220 2474 dat
232 2434 373 2473 Cerda.
403 2435 628 2487 liquefacta
646 2450 767 2486 saxa,
787 2437 883 2487 quia

146 2506 277 2532 massa
296 2499 387 2531 tum
412 2493 635 2544 liquescens
662 2503 761 2532 mox
776 2494 882 2547 lapi-

148 2550 286 2589 descit.
345 2551 417 2589 Est
459 2565 560 2602 quae
604 2552 726 2604 vulgo
757 2554 884 2591 Lava

147 2609 391 2662 appellatur:
433 2609 480 2647 cf.
499 2609 597 2648 Aen.
616 2610 683 2660 ΙΙΙ,
708 2610 813 2660 576,
843 2616 885 2648 et

148 2668 280 2706 Carm.
302 2665 445 2705 Aetna.

206 2723 304 2767 474.
327 2723 452 2763 Arma
469 2725 511 2763 in
533 2725 641 2763 caelo
660 2725 747 2764 visa
768 2738 884 2776 saepe

147 2789 316 2823 narrata
354 2789 477 2833 sunt3
520 2796 632 2821 nunc
667 2797 690 2820 a
727 2781 884 2821 Rheno.

148 2842 322 2881 Videtur
356 2840 391 2878 ei
421 2840 698 2893 superstitioni
736 2855 884 2879 aurora

148 2900 318 2938 borealis
339 2898 530 2950 originem
554 2898 721 2937 dedisse.
763 2897 884 2950 Alpes

149 2971 266 3011 saepe
297 2957 508 2997 tremuisse
535 2956 688 2996 Plinius
723 2958 884 2996 notavit

935 1677 1005 1717 lib.
1033 1677 1093 1727 ΙΙ,
1127 1682 1223 1715 sect.
1255 1678 1337 1728 825
1386 1676 1559 1728 mirum,
1595 1676 1675 1717 hoc

935 1735 1167 1789 prodigium
1196 1748 1308 1773 nunc
1342 1749 1437 1774 raro
1475 1736 1674 1775 nuntiari:

937 1794 1094 1847 saepius
1118 1794 1168 1832 de
1190 1792 1424 1846 Apennini&
1485 1794 1550 1832 An
1569 1795 1675 1833 sorte

937 1859 1095 1892 veteres
1115 1851 1252 1904 glaciei
1267 1852 1455 1904 perennis
1474 1852 1612 1891 ruinas
1635 1859 1676 1892 et

935 1924 1173 1964 percussum
1197 1909 1292 1949 inde
1319 1910 1451 1949 solum
1475 1917 1517 1949 et
1542 1924 1675 1950 aerem
1694 1924 1698 1926 ’

934 1983 1010 2022 pro
1032 1975 1166 2007 terrae
1186 1975 1303 2007 motu
1323 1967 1531 2009 habuere?

995 2025 1093 2069 477.
1116 2028 1339 2065 simulacra
1358 2028 1507 2066 mirum
1525 2028 1569 2067 in
1583 2042 1676 2067 mo-

940 2085 1039 2125 dum
1058 2086 1266 2136 pallentia
1295 2098 1316 2123 e
1343 2086 1503 2125 Lucret.
1530 2086 1562 2136 I,
1591 2085 1674 2130 124

939 2149 1036 2182 sunt
1054 2143 1344 2183 defunctorum
1361 2145 1541 2184 umbrae.
1570 2145 1674 2184 conf.

940 2202 1082 2241 Cerda.
1129 2202 1332 2241 Mentibus
1348 2201 1564 2242 hominum
1584 2217 1676 2241 ma-

938 2275 1017 2313 gno
1039 2260 1288 2299 imminentis
1308 2261 1547 2301 calamitatis
1562 2267 1676 2302 metu

939 2319 1139 2372 percussis
1163 2325 1325 2372 spectra
1351 2320 1508 2359 obiecta
1530 2332 1612 2358 esse
1632 2320 1676 2358 in

938 2377 1037 2416 locis
1062 2377 1175 2427 solis,
1205 2391 1290 2416 non
1316 2377 1491 2417 insolens
1516 2391 1581 2417 res
1601 2384 1673 2417 est.

939 2435 1038 2475 Mox
1067 2434 1152 2477 478
1188 2435 1317 2475 intell.
1347 2435 1464 2476 boves
1495 2436 1672 2474 vocales.

940 2493 1024 2533 vid.
1071 2493 1218 2532 TibuJJ.
1245 2493 1303 2543 ΙΙ,
1343 2494 1394 2543 5,
1433 2495 1501 2536 78.
1569 2494 1675 2533 Tum

940 2554 1084 2589 sistunt
1102 2566 1241 2589 amnes
1259 2564 1313 2599 se,
1339 2551 1579 2590 consistunt.
1609 2551 1676 2591 Ad

940 2622 1028 2648 rem
1048 2609 1156 2647 refer
1175 2608 1320 2648 Horat.
1343 2609 1474 2648 carm.
1495 2610 1526 2660 Ι,
1549 2613 1591 2660 2,
1621 2613 1673 2652 13

942 2680 1026 2718 sqq.
1057 2668 1102 2707 V
1098 2666 1246 2704 fidimus
1252 2668 1422 2718 flavum
1438 2667 1675 2707 Tiberim—-

941 2724 1037 2763 inde
1063 2724 1259 2763 miraculo
1289 2732 1408 2764 aucto
1437 2726 1491 2764 ad
1518 2727 1676 2765 fontem

941 2788 1162 2822 recurrunt
1180 2796 1335 2822 amnes:
1362 2797 1502 2823 caussa
1520 2784 1676 2823 adiecta

942 2847 1003 2879 est
1013 2840 1056 2878 in
1073 2849 1198 2878 terrae
1216 2841 1440 2892 dehiscunt,
1461 2843 1544 2882 scil.
1560 2848 1675 2881 motu

942 2912 989 2936 ac
1009 2898 1127 2937 ruina
1146 2899 1232 2948 soli,
1251 2913 1331 2951 qua
1352 2901 1542 2954 obseptus
1558 2900 1675 2940 fluvii

941 2970 1082 2995 cursus
1102 2962 1174 2995 est.
1208 2955 1436 3011 (sistunt—
1452 2959 1673 3008 dehiscunt,
