1768 3320
222 228 289 274 88

538 221 594 269 Ρ.
639 213 993 268 VIRGILII
1039 208 1419 262 MARONIS

223 346 455 400 Instituit
471 370 483 406 ς
518 348 630 396 Pan
649 351 794 393 curat
812 341 923 390 ovis
943 338 1234 402 oviumque
1252 334 1546 400 magistros,

222 423 335 470 Nec
351 425 405 465 te
426 415 700 482 poeniteat
723 411 925 462 calamo
950 407 1155 457 trivisse
1179 403 1458 457 labellum:

224 491 368 539 Haec
390 485 580 535 eadem
597 492 657 533 ut
670 483 840 545 sciret,
863 478 992 547 quid
1011 492 1123 526 non
1142 473 1740 539 faciebatAmyntas?35

225 555 461 609 Estmihi
484 553 778 620 disparibus
801 558 1007 616 septem
1031 553 1287 612 conpacta
1311 545 1493 594 cicutis
1614 548 1622 552 ’

228 626 446 687 Fistula,
482 628 766 676 Damoetas
788 620 933 669 dono
955 616 1090 667 mihi
1109 632 1271 683 quam
1290 613 1440 665 dedit
1458 614 1603 680 olim,

227 699 296 748 Et
317 695 443 745 dixit
460 694 718 744 moriens:
754 699 807 739 te
830 704 974 738 nunc
995 686 1159 736 habet
1179 686 1274 734 ista
1290 684 1602 737 secundum.

228 765 366 817 Dixit
381 769 689 821 Damoetas3
728 758 914 809 invidit
932 756 1120 807 stultus
1139 758 1406 820 Amyntas,

230 839 508 886 Praeterea
532 832 656 902 duo,
694 846 794 883 nec
812 837 923 879 tuta
942 827 1077 876 mihi
1094 824 1465 892 vallereperti,

1677 829 1744 877 40

233 904 500 972 Capreoli‚
536 901 725 969 sparsis
745 900 903 949 etiam
920 914 1063 947 nunc
1081 895 1309 963 pellibus
1326 894 1464 959 albo,

303 1015 381 1060 38.
420 1021 725 1056 SECUNDUM:

280 1138 325 1173 33
349 1137 533 1170 ministros
546 1136 669 1169 Franc.

744 1130 789 1167 41
814 1130 921 1164 Pierii
934 1129 1045 1163 Vatic.
1058 1127 1313 1162 vetustissimus
1332 1126 1591 1173 distinguebat:
1609 1129 1749 1176 sparsis

235 1186 344 1217 etiam
372 1196 471 1217 nunc
499 1181 669 1228 pellibus.
719 1177 821 1212 ambo
852 1179 948 1212 Bina
975 1177 1034 1211 die
1062 1177 1216 1209 siccant.
1267 1173 1369 1209 ambo
1396 1176 1492 1210 Bina
1519 1176 1579 1210 die
1609 1177 1748 1210 siccant

235 1230 344 1264 Goth.
367 1242 420 1274 pr.
469 1229 525 1263 Sic
546 1235 582 1262 et
600 1228 635 1261 in
654 1225 828 1260 nonnullis
846 1225 968 1259 Heius.
1017 1223 1088 1258 Sed
1111 1221 1215 1257 ambo
1243 1222 1416 1264 otiosum,
1449 1229 1533 1268 post
1563 1223 1648 1257 duo.
1677 1222 1749 1256 vid.

234 1279 347 1310 Burm.
398 1277 608 1320 (etiamnum
637 1275 759 1318 fragm.
782 1273 892 1313 Mor.;
917 1270 1020 1312 male,
1041 1276 1081 1304 ut
1099 1270 1143 1303 de
1168 1281 1208 1303 re
1229 1269 1429 1314 praesenti3
1449 1276 1546 1304 recte
1566 1281 1652 1303 vero
1685 1271 1749 1304 Ge.

234 1325 295 1365 IV,
329 1323 426 1365 135„
460 1330 499 1355 ut
527 1323 571 1355 de
596 1334 634 1354 re
668 1319 883 1365 praeterita;
918 1319 988 1352 hoc
1018 1324 1072 1351 est
1095 1316 1240 1351 damals
1259 1317 1373 1359 noch,
1398 1316 1506 1361 illud,
1531 1318 1752 1360 etiamnunc,

239 1373 325 1404 ietzt
346 1371 449 1403 noclz.
474 1369 556 1404 Vid.
581 1381 670 1414 quae
689 1366 810 1400 notavi
831 1367 877 1401 ad
898 1369 985 1401 Aen.
1005 1366 1032 1408 I,
1049 1363 1131 1401 365.
1162 1363 1256 1409 Wr.)

235 1475 333 1515 mihi
354 1475 429 1514 eris
445 1475 488 1514 in
510 1475 675 1513 saltibus
697 1486 856 1526 gregem
886 1485 963 1525 pa-

236 1534 383 1584 scenti;
403 1540 443 1572 et
462 1534 587 1572 saltus
607 1531 802 1572 contrarii
822 1530 963 1585 pratiS,

236 1592 279 1631 in
306 1592 448 1643 quibus
475 1592 582 1630 viret
610 1590 798 1629 hibiscus.
857 1589 967 1628 Haec

237 1650 410 1688 Vossius
435 1650 505 1689 W
498 1647 545 1703 r.)
606 1651 672 1690 33.
698 1648 846 1686 Ovium
871 1661 965 1684 ma-

236 1709 355 1758 gistri
371 1712 467 1745 sunt
484 1712 675 1759 pastoreS,
707 1701 898 1746 οἰοπόλοι.
918 1709 968 1742 ut

239 1765 321 1803 Eel.
350 1764 425 1814 III,
456 1767 532 1806 101
567 1764 682 1802 Idem
707 1778 823 1801 amor
846 1763 965 1800 exitio

236 1823 375 1874 pecori
403 1823 634 1874 pecorisque
675 1823 868 1873 magistro
882 1850 892 1869 ,
927 1825 968 1858 et

242 1879 346 1918 alibi.
377 1880 442 1917 Sic
459 1882 596 1931 gregis
614 1881 807 1930 magister
821 1879 853 1916 T
855 1877 967 1916 ibull.

241 1938 289 1986 II,
311 1936 350 1986 5,
375 1936 442 1979 35.
464 1939 603 1988 pecori
620 1939 852 1989 pecorisque
875 1950 968 1973 ma-

241 1996 379 2046 gistris
402 1995 519 2034 Ovid.
542 1995 650 2034 Fast.
668 1995 733 2044 IV,
753 1993 837 2036 747
853 2000 894 2032 et
914 1993 970 2032 sic

243 2065 370 2105 saepe.

302 2109 368 2151 34.
399 2111 488 2148 Nec·
510 2118 546 2147 te
569 2111 793 2161 poeniteat,
823 2110 968 2162 pigeat,

244 2168 456 2206 molestum
466 2167 653 2206 videatur
676 2174 746 2207 aut
765 2182 911 2220 parum
929 2173 969 2205 te

247 2226 421 2277 dignum.
435 2225 796 2275 cf.Tibu1].I‚4‚47.
820 2224 970 2278 (Wun-

247 2283 345 2322 derl.
366 2282 465 2320 haee
491 2283 547 2321 ita
578 2283 738 2335 accipit:
784 2297 892 2333 „nec
914 2290 968 2333 te,

246 2347 295 2379 ut
313 2340 504 2390 arbitror,
535 2341 810 2392 poenitebit;“
839 2342 971 2380 minus

248 2397 467 2437 commode.
525 2398 580 2436 De
597 2398 638 2436 vi
658 2399 772 2437 verbi
789 2413 815 2451 p
827 2412 879 2437 oe
891 2399 972 2437 ni-

248 2463 362 2494 tere
390 2455 543 2494 conqui
576 2462 709 2508 potest
739 2457 972 2508 Heusinger.

249 2514 301 2552 ad
320 2513 398 2551 Cic.
424 2513 498 2551 Off.
516 2513 545 2562 Ι,
570 2516 605 2554 1.
617 2514 793 2553 Lambin.
808 2514 860 2552 ad
873 2515 972 2553 Hor.

249 2575 331 2610 Sat.
366 2571 395 2619 I,
426 2573 463 2619 6,
494 2572 560 2612 89.
586 2573 736 2609 trivisse
764 2571 970 2622 labellum,

247 2629 343 2680 quja
369 2634 557 2666 movetur
603 2628 655 2666 ad
680 2629 794 2667 labra
826 2643 975 2668 canen-

187 2715 191 2721 ι
249 2687 314 2726 tis.
346 2683 434 2738 Sp.)
482 2686 548 2727 35.
580 2686 678 2736 quid
693 2700 772 2723 non
784 2686 973 2737 faciebat

249 2744 382 2782 omnia
399 2741 492 2781 fecit
502 2772 511 2790 ,
533 2741 633 2780 nihil
648 2743 891 2783 intentatum
906 2758 973 2783 re-

249 2802 443 2853 linquens.
474 2800 580 2838 Nota
589 2801 772 2839 formula.
785 2802 973 2853 Corydon

248 2859 372 2910 igitur
401 2863 525 2896 cantu
550 2856 707 2895 fistulae
734 2859 975 2899 excellebat:

250 2917 412 2969 eiusque
426 2915 524 2954 artis
534 2915 712 2953 aemulus
722 2922 808 2953 erat
819 2915 973 2969 Amyn—

251 2982 325 3014 tas.
379 2976 445 3017 36.
475 2974 614 3010 cic-mis
631 2986 704 3025 pro
723 2973 871 3012 cannis.
893 2975 974 3013 Ecl.

1021 1470 1068 1520 V,
1101 1470 1168 1513 85.
1199 1470 1398 1523 Expressa
1418 1469 1580 1522 quidem
1610 1470 1711 1510 haec
1729 1483 1753 1508 a

1021 1528 1179 1578 multis,
1210 1528 1306 1567 satis
1323 1527 1522 1580 ingeniose
1547 1535 1685 1569 tamen
1703 1529 1752 1567 ab

1022 1600 1106 1626 uno
1126 1586 1249 1640 Popio
1279 1587 1437 1625 Pastor.
1466 1587 1513 1638 Π,
1541 1589 1608 1637 89,
1631 1587 1664 1626 si
1679 1601 1753 1626 ex-

1022 1644 1176 1698 pendas
1206 1658 1252 1683 ac
1277 1658 1482 1697 compares
1518 1658 1658 1685 versus
1684 1644 1753 1687 43.

1025 1701 1094 1744 44.
1123 1724 1183 1732 -—
1214 1701 1299 1756 (38.
1333 1704 1388 1740 Te
1404 1717 1511 1741 nunc
1529 1700 1651 1742 habel
1677 1704 1754 1742 illa

1022 1761 1262 1810 secundum,
1304 1759 1508 1812 dignitatis
1533 1760 1614 1800 hoc
1643 1761 1755 1800 iudi-

1025 1819 1144 1858 cium.
1185 1819 1268 1857 Ecl.
1285 1818 1334 1868 V,
1355 1820 1424 1860 48.
1445 1832 1522 1871 sq.:
1552 1819 1667 1869 „Nec
1686 1833 1755 1858 ca-

1023 1877 1138 1916 lamis
1151 1877 1279 1915 solum
1293 1876 1539 1929 aequiparas,
1570 1877 1640 1916 sed
1656 1891 1757 1917 voce

1025 1935 1272 1987 magistrum.
1323 1935 1549 1974 Fortunate
1564 1949 1678 1989 puer,
1708 1942 1758 1974 tu

1026 2007 1138 2032 nune
1156 1993 1232 2032 eris
1254 1993 1356 2032 alter
1388 1993 1437 2032 ab
1462 1993 1572 2032 illo.“
1600 2016 1660 2024 —
1689 1997 1756 2036 39.

1027 2053 1150 2090 Dixit
1186 2053 1412 2090 ‚Damoetas
1426 2061 1446 2089 :¹
1488 2065 1570 2091 non
1607 2059 1758 2091 temere

1026 2122 1175 2148 nomen
1209 2108 1449 2162 repetitum,
1497 2110 1653 2148 accedit
1693 2110 1758 2149 di·-

1026 2167 1155 2220 gnitas
1183 2180 1234 2205 ex
1262 2181 1433 2220 persona
1458 2167 1670 2220 loquentis,
1709 2174 1759 2207 ut

1026 2225 1133 2264 vidit
1148 2225 1321 2264 Vossius.
1357 2223 1469 2279 lsVr.)

1086 2282 1154 2325 40.
1185 2284 1218 2323 Ε
1247 2282 1416 2322 Theocr.
1443 2283 1515 2333 XI,
1536 2282 1592 2325 40
1613 2297 1670 2335 sq.
1694 2283 1757 2334 111,

1029 2340 1085 2383 34
1110 2355 1166 2392 sq.
1186 2356 1258 2380 nec
1273 2349 1361 2380 tuta
1380 2341 1484 2379 mihi
1499 2341 1608 2380 valle
1625 2356 1759 2390 reper-

1029 2401 1072 2449 ti,
1093 2399 1350 2438 commendat
1368 2399 1522 2438 donum
1539 2413 1563 2437 a
1583 2398 1761 2438 difficul-

1029 2463 1135 2507 tate3
1173 2457 1353 2511 periculo
1380 2471 1403 2495 a
1432 2457 1526 2497 feris
1555 2463 1760 2496 contemto

1032 2528 1194 2568 capreas
1236 2515 1309 2554 has
1350 2515 1550 2554 silvestres
1589 2521 1760 2568 ceperat.

1032 2574 1136 2612 conf.
1159 2572 1277 2612 Ovid.
1304 2572 1400 2612 Met.
1419 2573 1540 2621 XIII,
1573 2571 1658 2615 834
1689 2586 1760 2624 sq„

1033 2645 1112 2683 quo
1134 2637 1224 2670 toto
1239 2631 1328 2670 loco
1347 2630 1454 2670 hanc
1462 2630 1649 2683 Eclogam
1669 2637 1762 2670 ante

1035 2689 1173 2728 oculos
1204 2688 1361 2729 habuit.
1420 2688 1550 2728 Ovem
1567 2689 1761 2742 praebere

1029 2747 1157 2785 ubera
1193 2746 1406 2800 capreolis,
1457 2747 1640 2799 exemplo
1678 2760 1763 2786 non

1031 2811 1153 2844 caret.
1208 2804 1276 2846 41.
1297 2806 1450 2856 sparsis
1460 2804 1635 2856 pellibus
1651 2804 1759 2853 albo,

1030 2868 1079 2900 ut
1099 2862 1279 2902 maculae
1298 2862 1449 2901 suerint
1472 2863 1595 2901 albae.
1633 2863 1765 2901 Ducta

1030 2933 1096 2958 res
1122 2934 1141 2958 e
1174 2920 1341 2959 Theocr.
1371 2920 1451 2969 XI,
1480 2919 1549 2969 41,
1579 2920 1650 2959 ubi
1679 2919 1762 2959 vid.

1033 2977 1286 3029 disputantes
1325 2978 1459 3030 Intpp.
1495 2979 1619 3016 ettam
1658 2992 1763 3016 muzc
