1734 3320
258 220 744 280 GEORofflo‘N
778 221 922 272 LIB.
953 220 1031 285 Π,
1067 225 1360 276 376—385

1476 228 1581 278 463

0 352 8 357 ’
31 349 325 414 Caeditur,
363 357 417 399 et
438 356 648 399 veteres
670 347 862 398 ineunt
882 348 1164 414 proscenia
1186 346 1327 413 ludi,

43 419 399 489 Praemiaque
416 419 643 484 ingeniis
664 433 831 485 pagos
855 426 908 467 et
929 418 1163 485 compita
1186 419 1390 468 circum

46 488 600 557 Thesidae'posuereg
638 497 798 556 atque
823 488 965 538 inter
986 487 1182 555 pocula
1205 487 1330 539 laeti

41 557 298 612 Mollibus
320 559 376 609 in
396 559 560 626 pratis
579 567 775 609 unctos
799 557 1006 609 saluere
1027 575 1128 626 per
1145 567 1306 611 utreS.

41 633 154 682 Nec
176 646 294 681 non
306 629 554 694 Ausonii,
584 629 746 679 Troia
767 645 898 695 gens
921 629 1101 693 missa,
1141 628 1323 679 coloni

1474 631 1577 682 385

87 771 160 808 382
181 771 355 851 ingentes
371 770 431 806 vel
450 770 615 818 ingentis
633 769 741 815 vulgo
762 769 909 811 lectum3
934 768 1011 803 scil.
1031 768 1232 811 Thesidae,
1258 768 1329 803 etsi
1344 766 1487 803 Pierius
1504 768 1574 803 iam

43 817 228 852 commend

250 825 352 852 verat
378 817 547 858 alterum3
583 817 630 851 ad
647 817 742 863 quod
769 816 1011 863 recipiendum
1030 816 1169 850 mireris
1194 816 1378 851 Heinsium
1401 816 1468 851 hic
1483 817 1575 851 adeo

40 865 200 899 timidum
216 864 337 899 fuisse.
385 865 555 920 Ingeniis
572 864 735 910 reposuit
751 866 965 898 Burmannus
986 876 1029 897 ex
1046 863 1295 910 antiquissimis
1316 863 1444 906 Pierii,
1484 863 1576 898 Phi-

39 912 175 958 largyn

39 959 104 994 ubi
117 972 150 995 v.
167 960 312 995 Wakef.

165 912 220 954 ”ο·,
254 913 333 948 cod.
358 915 506 955 Ursini,
538 919 575 946 et
603 912 659 945 ed.
684 913 776 946 Ven.
823 912 882 946 Sic
912 912 1054 946 Lucret.
1084 913 1126 953 11,
1153 912 1195 947 11
1221 920 1366 946 certare
1393 913 1574 959 ingenio:

406 957 479 996 384
494 959 652 993 saluere
668 959 905 993 vetustissima
922 959 1113 1004 scriptura3
1138 958 1218 1001 alii,
1244 965 1282 992 ut
1302 958 1575 1004 pronuntiatum

39 1006 109 1041 iam
128 1006 213 1041 olim
226 1032 237 1049 ,
261 1006 407 1041 saliere.
454 1006 535 1041 vide
562 1006 597 1040 h.
616 1006 641 1040 l.
664 1006 787 1040 Heins.
807 1013 842 1040 et
862 1008 977 1040 Burm.
1005 1009 1082 1040 Sec.
1104 1006 1149 1040 ad
1164 1005 1311 1040 Anthol.
1328 1007 1408 1040 Lat.
1428 1018 1471 1053 p.
1491 1006 1573 1042 540.

40 1055 212 1100 (saluere,
238 1054 336 1100 quod
355 1054 461 1089 etiam
482 1053 518 1086 in
538 1052 650 1088 Paris.
670 1055 717 1095 7.‚
740 1053 841 1099 prior
850 1054 958 1088 lectio
976 1053 1142 1096 Medicei,
1165 1053 1277 1088 altera
1294 1054 1431 1088 saliere
1450 1067 1458 1095 ;
1483 1053 1573 1087 illud

39 1101 146 1136 etiam
162 1101 400 1144 Terentiano,
423 1100 519 1134 hunc
535 1113 586 1135 vs.
608 1099 783 1143 afferenti,
807 1101 964 1136 restituit
985 1103 1129 1135 Santen.
1150 1112 1186 1146 p.
1214 1100 1272 1136 47.
1302 1101 1400 1147 Wr.)

1500 1100 1572 1138 385

38 1161 64 1183 a
89 1150 204 1183 Troia
220 1148 322 1183 Leid.
371 1157 410 1183 et
434 1149 548 1182 Troia
565 1147 697 1193 Regius
712 1148 857 1183 Martin.

38 1255 96 1294 Ea
122 1254 173 1294 de
209 1263 349 1295 caussa
387 1267 509 1308 caper
543 1254 588 1294 in
625 1253 775 1294 Bacchi

36 1313 159 1353 sacris
174 1313 428 1364 immolatur,
466 1319 529 1363 et,
569 1326 661 1352 cum
682 1312 775 1352 hir-

37 1385 110 1411 cus
131 1372 252 1411 semel
279 1371 439 1412 Baccho
456 1385 567 1411 sacer
586 1379 700 1421 esset,
730 1371 775 1410 in

35 1436 174 1471 vetere
215 1430 424 1483 tragoedia
470 1428 774 1468 Atheniensium

35 1502 157 1542 caper
172 1489 304 1542 poetis
319 1489 545 1542 praemium
565 1494 654 1527 erat
673 1502 774 1541 pro-

34 1547 226 1600 positum,
256 1545 425 1602 (scilicet
443 1559 562 1599 quem
572 1546 649 1599 ipsi
673 1560 772 1585 mox

34 1604 202 1645 honoris
227 1619 366 1645 caussa
387 1605 463 1645 deo
484 1603 767 1658 immolabant)

34 1665 213 1702 carmine
243 1666 316 1716 qai
345 1666 502 1716 tragico
529 1664 652 1703 vilem
681 1677 770 1701 oer-

33 1724 138 1761 tavit
159 1721 207 1761 ob
223 1722 382 1761 hiscum
403 1722 546 1761 Horat.
559 1720 649 1760 Art.
670 1723 768 1763 220.

33 1781 84 1820 cf.
115 1780 262 1819 Tibull.
292 1780 341 1830 H,
377 1785 414 1831 1,
444 1780 500 1823 55
527 1786 568 1818 et
585 1779 642 1818 ibi
659 1779 768 1829 Not„

31 1851 107 1877 nec
126 1853 210 1878 non
229 1837 395 1878 hircinis
412 1838 584 1892 pellibus
603 1837 673 1892 (ex
686 1837 767 1876 im-

31 1897 193 1936 molatis
223 1895 373 1951 hircis)
407 1903 522 1936 utres
555 1896 675 1946 facti,
722 1895 765 1934 in

31 1969 134 2008 quos
180 1955 267 1995 oleo
306 1955 498 1994 inunctos
542 1954 764 1993 adsilirent.

32 2013 150 2064 Tum,
171 2013 284 2066 quod
303 2020 447 2067 poetae
461 2013 610 2053 licebat
628 2013 672 2051 in
693 2026 765 2051 or-

27 2078 176 2116 natum
217 2072 467 2125 captandum
520 2070 762 2124 exspatiari,

31 2130 236 2182 quomodo
257 2144 308 2169 ex
327 2131 577 2169 Graecorum
598 2129 676 2168 illis
697 2142 765 2166 sa-

31 2188 111 2227 cris
145 2188 291 2227 Latina
331 2187 512 2227 eiusdem
550 2187 612 2226 dei
650 2200 765 2225 sacra

29 2246 248 2296 fluxerint,
296 2251 598 2285 commemorat.
665 2244 767 2283 Illu-

29 2304 126 2343 stris
154 2305 269 2345 locus
301 2311 384 2355 est3
422 2304 576 2356 singula
605 2302 766 2342 videbi-

29 2375 133 2402 mus,
193 2361 247 2417 (A
265 2362 510 2401 mactatione
531 2361 642 2414 capri
665 2361 765 2400 Dio-

29 2421 145 2474 nysia
157 2421 267 2474 apud
287 2422 462 2460 Graecos
484 2420 677 2473 originem
694 2433 765 2458 ac-

30 2480 191 2532 cepisse,
221 2480 420 2532 simulque
435 2479 555 2518 ludos
574 2478 763 2528 scenicos,

31 2537 103 2589 qui
119 2539 221 2578 festo
239 2538 309 2578 illo
341 2538 496 2576 etiam
526 2543 634 2575 tum
663 2536 761 2575 ede-

29 2594 204 2647 bantur,
245 2596 354 2636 canit
373 2595 572 2648 Virgilius.
609 2596 681 2635 W
674 2593 762 2649 cli.)

89 2656 186 2696 381.
216 2663 363 2694 veteres
390 2655 480 2693 ludi
510 2656 648 2692 ineunt
658 2667 763 2705 pro-

29 2714 186 2762 scenia,
215 2726 304 2765 pro,
329 2712 436 2762 olim,
467 2711 643 2763 antiquis
654 2717 764 2750 tem-

28 2769 216 2822 poribus,
246 2770 335 2809 ludi
351 2771 400 2809 in‘
420 2783 578 2809 scenam
594 2769 763 2819 inducti,

28 2828 145 2877 facti,
166 2827 337 2867 exhibiti
354 2834 460 2867 sunt.
485 2830 758 2880 proscenium,

27 2886 191 2938 proprie
219 2892 313 2924 ante
339 2898 499 2925 scenam
526 2899 668 2925 versus
691 2899 763 2925 or-

29 2942 245 2993 chestram,
261 2943 466 2996 pulpitum
482 2943 669 2994 habebat,
680 2958 762 2995 quo

28 2999 185 3041 actores
203 3000 451 3055 prodibant,
479 3000 522 3040 h.
545 3002 571 3041 1.
597 3002 761 3040 omnino

831 1270 907 1310 pro
940 1268 1059 1294 scena
1093 1255 1281 1308 positum.
1339 1256 1438 1298 382.
1472 1256 1571 1298 383.

838 1314 1060 1364 Thesidae,
1088 1313 1365 1364 Athenienses,
1391 1328 1570 1365 posuere

824 1375 1039 1425 praemia,
1069 1386 1144 1425 pro
1163 1372 1357 1426 praemio,
1385 1371 1568 1423 hircum,

831 1432 1006 1483 ingeniis
1020 1461 1031 1480 ,
1064 1430 1106 1470 h.
1125 1431 1276 1484 poetis,
1306 1433 1465 1470 circum
1480 1446 1569 1483 pa-

827 1503 906 1541 gos
928 1498 966 1527 et
985 1492 1179 1541 compita.
1231 1490 1336 1528 Nota
1358 1489 1408 1528 de
1430 1489 1569 1542 jprima

828 1548 889 1586 rei
913 1547 1091 1585 scenicae
1120 1547 1271 1600 origine
1298 1547 1453 1587 sabula.
1483 1547 1567 1588 vid.

828 1605 990 1645 Horatii
1016 1606 1104 1645 Art.
1136 1606 1222 1650 275
1253 1619 1336 1658 sq.,
1376 1619 1486 1658 quae
1514 1606 1569 1646 ad

826 1664 1017 1717 Dionysia
1034 1664 1201 1714 ruralia,
1219 1661 1269 1705 τὰ
1289 1659 1376 1705 κατ’
1396 1660 1566 1719 α’γροΰς,

825 1736 900 1776 per
931 1736 1072 1775 pagoS,
1109 1723 1252 1774 utique
1290 1723 1496 1775 pertinet:
1544 1736 1567 1762 e

827 1794 1000 1833 quorum
1016 1793 1160 1834 genere
1179 1794 1273 1820 cum
1291 1781 1341 1819 ab
1356 1780 1481 1820 initio
1501 1794 1567 1820 es-

825 1845 916 1877 sent
949 1836 999 1879 τᾶ
1026 1838 1072 1880 ἐν
1097 1839 1299 1892 Λίμναις,
1330 1853 1361 1879 s.
1386 1841 1566 1879 Lenaea

826 1895 1005 1951 (diversa
1022 1896 1187 1949 quidem
1216 1903 1258 1936 et
1279 1896 1382 1936 haec
1400 1911 1426 1936 a
1452 1900 1566 1937 Dio-

821 1957 949 2008 nysiis
978 1955 1162 2006 urbanis,
1201 1968 1273 1995 seu
1298 1955 1561 2011 maionibus),

822 2013 951 2052 auctis
985 2019 1123 2052 tamen
1154 2014 1267 2053 urbis
1305 2015 1476 2067 opibus,
1517 2028 1565 2053 ea

820 2071 1080 2124 praecipuam
1109 2072 1383 2111 celebritatem
1414 2086 1564 2112 ctonse-

821 2135 951 2181 quuta
971 2136 1067 2168 sunt
1079 2159 1089 2179 ,
1119 2135 1168 2168 ut
1187 2129 1349 2169 diversa
1364 2131 1491 2183 plane
1506 2130 1563 2170 *ab

821 2187 1026 2226 ruralibus
1048 2186 1237 2226 habenda
1256 2188 1359 2238 sint,
1394 2195 1448 2228 ut
1467 2202 1562 2228 cum

821 2245 1043 2297 exquisitae
1055 2245 1265 2284 doetrinae
1275 2247 1390 2300 copia
1406 2261 1428 2285 a
1436 2246 1464 2286 d
1475 2246 1562 2286 He-

822 2302 1010 2356 sychium
1037 2303 1091 2342 ad
1121 2303 1324 2356 liquidum
1358 2304 1561 2359 per-duxit

821 2361 1114 2412 Ruhnkenius,
1142 2362 1187 2401 in
1203 2361 1308 2416 App.

880 2418 978 2464 384.
1007 2416 1318 2475 Ἀσκωλιασμὸς,
1338 2421 1381 2460 in
1397 2421 1560 2474 Diony-

820 2477 890 2517 siis
918 2478 1104 2531 paganiS‚
1143 2483 1229 2528 τοῖς
1257 2475 1354 2520 κατ’
1387 2476 1557 2535 ἆγροῦς,

820 2536 1022 2587 sollennis,
1041 2536 1155 2575 lusus
1170 2537 1416 2587 notissimus,
1437 2551 1559 2590 quem

821 2595 942 2633 etiam
991 2595 1034 2634 in
1063 2594 1195 2648 lapide
1228 2595 1340 2649 apud
1383 2596 1557 2636 Gorium

820 2653 1006 2705 Inscript.
1034 2651 1190 2693 Etrusc.
1221 2654 1266 2693 T.
1297 2654 1357 2704 Π,
1383 2668 1424 2707 p.
1460 2655 1555 2705 105,

820 2711 997 2765 conspici
1017 2724 1134 2764 posse
1164 2711 1247 2750 iam
1271 2711 1411 2752 Burni.
1431 2718 1555 2753 nota-

817 2769 900 2820 vit,
931 2775 973 2808 et
1001 2782 1120 2821 quem
1150 2771 1299 2823 passim
1327 2772 1370 2808 in
1387 2771 1554 2822 gemmis

818 2833 859 2866 et
880 2828 1150 2867 marmoribus
1169 2827 1397 2867 exhibitum
1412 2827 1553 2867 videas

819 2883 919 2939 (vid.
949 2886 1118 2925 Gorium
1146 2886 1270 2925 Inscr.
1300 2886 1459 2924 Eia-use.
1477 2885 1503 2924 l.
1523 2885 1551 2925 l.

816 2942 935 2982 Adde
965 2958 1006 2983 v.
1033 2958 1067 2983 c.
1099 2943 1260 2982 Gorlaei
1301 2941 1550 2995 Dactylioth.

817 3001 863 3041 T.
883 3002 931 3053 H,
954 3017 993 3042 n.
1006 2999 1122 3055 508).
1161 3002 1322 3039 Utrium
1340 3000 1420 3039 fuit
1439 3014 1551 3052 usus,
