1734 3320
0 1117 1 1123 ’
91 1118 271 1173 Daphnin
292 1115 553 1152 arundinibus.

310 256 798 308 GEORGICON
824 258 966 308 LIB.
995 259 1093 322 IV,
1122 265 1412 316 124—127
1520 269 1622 316 613

31 364 53 421 ’
97 385 217 448 Qua
237 383 392 450 niger
414 382 693 433 humectat
712 380 963 434 flaventia
986 383 1124 434 culta
1149 385 1420 454 Galaesm,

0 476 41 528 f
96 453 386 519 Corycium
410 452 605 504 vidisse
632 469 848 520 senem,

886 454 970 504 cui
994 470 1164 521 pauca
1185 455 1355 506 relicti

141 598 214 634 126
237 600 320 642 Qua
333 599 444 652 niger
466 609 589 631 omnes
606 596 711 640 libri,
739 597 865 644 scripti
887 605 923 632 et
944 598 1120 645 expressi3
1144 612 1211 634 nec
1229 600 1335 634 aliter
1352 601 1490 647 legerat
1512 603 1620 637 Sido-

91 643 172 680 ὼ
186 643 404 692 Apollinaris
426 657 457 679 c.
479 644 540 686 24,
564 646 586 680 8
613 645 754 688 Quales
774 648 965 691 Corycium
991 659 1114 680 senem
1145 646 1301 681 beantes
1323 648 1507 682 Fuscabac
1529 650 1622 695 picei

93 691 187 727 Ιωια
210 692 375 727 Galaesi.
431 695 477 726 At
497 699 592 726 ante·
606 691 729 726 Heius.
755 692 933 727 editiones
962 693 1202 729 Plautinianas
1230 701 1267 728 et
1287 695 1408 729 Elzev.
1434 705 1622 742 occuparat

11 747 45 791 j.
87 740 201 788 piger
216 751 260 774 ex
279 740 331 773 lo.
350 742 489 784 Scopae
508 739 746 773 collectaneis.
782 739 941 774 Alterum
960 742 1107 787 proprie
1121 742 1273 775 Galaeso
1292 742 1482 783 tribuitur-3
1505 743 1620 776 ambi—

92 786 191 832 gitur
218 787 349 828 inodo,
384 798 454 832 quo
481 798 597 820 sensu.
627 798 660 819 v.
680 787 797 820 Burin.
825 787 871 821 ad
893 787 930 822 h.
950 788 975 822 l.
1023 789 1095 822 Sed
1124 795 1179 822 est
1208 789 1303 822 haud
1325 789 1431 823 dubie
1450 802 1539 836 aqua
1560 791 1620 823 ni—

14 839 51 874 1'
92 833 255 880 grioens,
279 833 361 880 quia
374 833 555 880 pellucida
572 840 608 866 et
625 834 821 879 profunda3
845 833 898 868 ita
914 835 1008 869 euim
1028 836 1120 869 solet
1138 836 1266 869 fundus
1287 837 1484 882 nigricare,
1506 838 1621 871 adeo—

92 893 163 930 que
183 887 221 915 et
238 881 318 926 ipsa
330 893 434 927 aqua.
488 879 705 916 Umbrosum
721 881 907 915 Galaesum
925 882 1015 916 dixit
1032 883 1197 928 Propert.
1217 885 1261 925 II,
1285 885 1343 924 25,
1368 885 1426 920 67.
1463 887 1508 918 At
1529 885 1621 918 euim

3 938 29 977 31>
90 928 164 964 hoc
182 941 290 963 sensu
315 930 425 976 niger
447 929 569 962 amnis
594 927 757 962 absolute
785 928 856 962 dici
872 929 931 962 vix
950 936 1093 975 potest:
1126 930 1231 964 aliter
1249 943 1288 964 se
1306 931 1416 964 habet
1441 932 1539 965 silva
1557 934 1620 965 ni-

4 980 30 1008 ,»·
90 988 176 1023 gra.
225 976 413 1011 Galaesus
430 975 591 1010 scribunt
607 975 736 1009 Medic.
757 983 792 1009 et
810 975 998 1019 meliores,
1021 978 1223 1018 Γαλαῖσος.
1248 978 1319 1011 vid.
1332 978 1455 1011 Heius.
1504 979 1621 1012 Gale-

5 1026 29 1070 'g
92 1035 161 1058 aus
179 1023 298 1069 vulgo.
344 1023 506 1068 Respicit
531 1022 568 1056 h.
597 1021 622 1056 l.
650 1023 811 1068 Propert.
840 1024 895 1066 11,
920 1024 979 1066 34,
998 1025 1045 1060 67
1068 1024 1129 1058 ubi
1157 1027 1340 1058 Maronem
1366 1025 1402 1058 in
1432 1025 1519 1059 haec
1538 1025 1620 1059 loca

12 1071 22 1083 “’
91 1069 256 1104 deducit:
305 1072 363 1104 Tu
392 1071 498 1104 canis
532 1067 694 1103 umbrosi
720 1069 848 1104 subter
869 1072 1001 1117 pineta
1029 1072 1184 1106 Galaesi
1214 1073 1380 1118 Thyrsin
1408 1081 1445 1106 et
1474 1074 1620 1107 attritis

86 1219 293 1290 irriguus,
336 1241 437 1275 noto
464 1249 516 1274 ex
534 1235 679 1274 Horat.
696 1236 828 1275 carm.

92 1293 144 1345 Π,
166 1297 193 1338 6
227 1294 365 1334 Dulce
388 1295 547 1346 pellitis
576 1293 715 1332 ovibus
736 1295 829 1333 Ga-

27 1369 35 1372 ·
92 1353 201 1392 laesi
213 1353 405 1402 Flumen,
439 1361 476 1390 et
496 1361 669 1405 regnata
686 1361 829 1404 pelam

91 1413 258 1451 Laconi
274 1412 394 1450 Rura.
420 1410 674 1449 Phalantho.
731 1413 825 1452 127.

24 1483 27 1486 ’
93 1469 307 1522 chero-han
332 1482 444 1508 nunc
468 1483 602 1508 senem
620 1467 829 1508 induxisse

91 1527 260 1568 videtur
290 1527 486 1567 Varronis
510 1527 719 1580 exemplo,
758 1527 829 1579 qui

22 1629 24 1632 ,
91 1587 239 1626 fratres
263 1586 451 1625 Veianius
478 1585 622 1624 laudat
654 1585 728 1634 Ill,
763 1588 829 1634 16,

95 1647 163 1688 10.
184 1647 252 1687 11.
310 1645 464 1683 Locum
494 1643 692 1696 expressit
708 1643 830 1681 Sido-

91 1702 184 1743 nius
200 1702 333 1756 Apoll.
348 1703 479 1742 Carm.
501 1702 651 1751 XXIV,
676 1702 746 1744 58.
761 1702 830 1744 59.

94 1761 268 1814 Corycus
285 1761 446 1800 Ciliciae
466 1759 676 1813 oppidum,
710 1765 830 1798 antro

24 1810 45 1843 s
89 1817 136 1859 bt
166 1833 288 1859 croco
319 1820 417 1858 satis
445 1825 620 1868 notum3
659 1830 711 1855 ex
744 1831 825 1869 quo

92 1891 190 1931 agro
200 1877 400 1917 oriundus
411 1890 535 1916 senex
546 1875 614 1915 hic
626 1875 669 1914 in
687 1889 827 1927 agrum

8 1985 14 1993 ‚
43 1980 47 1985 .
92 1935 361 1976 Tarentinum
390 1950 414 1974 a
440 1941 561 1989 poeta
592 1933 827 1982 adducitur,

0 1995 19 2054 εξ
71 1994 177 2045 ‚sive
194 1993 228 2034 is
247 2008 344 2035 casu
366 2007 413 2033 eo
435 1998 702 2047 pervenerat,
743 1992 827 2030 sive

90 2053 310 2093 traductus
333 2067 356 2091 a
378 2052 590 2104 Pompeio,
622 2050 705 2102 qui,
727 2064 828 2088 nar-

91 2117 212 2151 rante
227 2112 391 2161 Servio,
421 2110 541 2150 victis
568 2108 709 2162 piratis
728 2107 827 2145 Cili-

93 2169 208 2210 oe‘bus
235 2170 385 2223 partim
404 2168 576 2217 ibidem,
614 2167 765 2219 partim
782 2165 827 2203 in

0 2215 25 2257 ²¹¹<
92 2228 263 2268 Graecia
280 2259 292 2279 ,
342 2227 491 2281 partim
541 2226 584 2264 in
624 2223 827 2272 Calabria,

6 2285 18 2301 ⁸
36 2324 37 2329 ,
92 2300 210 2340 agros
225 2286 351 2325 dedit.
383 2284 538 2324 Laudes
556 2290 691 2322 tamen
706 2281 829 2320 huius

15 2344 23 2365 ⁵
92 2345 198 2384 senis
234 2344 344 2398 apud
381 2349 545 2396 poetam
574 2341 617 2380 in
652 2340 827 2393 piratam

7 2439 9 2441 ,
83 2409 334 2444 veteranum
361 2402 436 2441 vix
452 2400 597 2439 cadere
616 2398 825 2438 videntur.

26 2504 30 2507 ‚
92 2460 217 2515 Apud
243 2461 423 2500 Probum
451 2459 528 2511 alia
545 2463 604 2496 est
623 2456 825 2495 narratio:

91 2520 333 2573 „Pompeius
349 2531 474 2571 quum
494 2521 746 2569 oppugnaret
764 2514 829 2567 pi-

92 2585 229 2628 ratas,
259 2577 476 2629 remigibus
508 2587 650 2612 eorum
674 2572 830 2625 promi-

93 2637 148 2676 sit
167 2650 298 2689 agros,
327 2636 360 2674 si
375 2634 535 2673 vicisset
550 2640 691 2671 eorum
710 2630 829 2669 adiu-

93 2695 225 2745 torio3
256 2707 434 2746 quorum
449 2691 679 2744 proditione
697 2689 829 2727 victor

94 2753 412 2792 Tarentinorum
462 2764 576 2802 agros
630 2746 830 2786 veteranis

95 2811 255 2860 divisit,
286 2817 328 2848 et
350 2807 545 2861 quicquid
563 2805 828 2845 deterrimum

94 2870 192 2918 suit,
222 2868 438 2919 remigibus
457 2866 582 2904 dedit.
595 2867 620 2885 “
660 2863 827 2901 Indocte

93 2927 194 2966 haec
233 2938 394 2977 quoque
434 2929 627 2972 narrata3
678 2928 720 2960 et
736 2951 747 2971 ,
794 2921 827 2960 si

94 2985 194 3037 quid
212 2984 307 3023 inde
323 2982 547 3021 tenendum
558 3011 569 3030 ,
601 2980 742 3019 saltem
760 2979 828 3018 di-

95 3057 251 3093 cemus,
281 3048 497 3081 veteranos
525 3053 548 3078 a
570 3038 760 3091 Pompeio
782 3037 824 3076 in

650 1118 719 1153 127
746 1119 933 1162 Corytium
947 1119 1036 1152 lunt.
1055 1118 1111 1152 ed.

884 1251 1025 1290 agrum
1046 1237 1312 1277 Tarentinum
1329 1243 1419 1276 tum
1442 1250 1619 1276 vacuum

885 1296 935 1334 ab
952 1296 1093 1335 incolis
1128 1296 1325 1335 deductos
1353 1309 1448 1334 esse.
1507 1295 1620 1334 Inter

883 1353 985 1394 haec
1002 1354 1102 1406 quid
1120 1360 1247 1402 vetat,
1277 1368 1358 1405 quo
1378 1355 1511 1393 minus
1523 1366 1618 1392 cer-

883 1418 973 1451 tum
994 1411 1199 1451 hominem
1223 1412 1383 1451 Cilicem
1414 1411 1620 1464 intelliga-

876 1475 999 1519 'mus,
1032 1484 1153 1522 quem
1184 1477 1304 1524 poeta
1325 1501 1335 1519 ‚
1377 1482 1620 1522 quocunque

885 1528 1052 1567 tandem
1076 1543 1172 1568 casu
1192 1529 1258 1568 ille
1286 1529 1329 1567 in
1353 1529 1512 1568 Italiam
1528 1534 1619 1566 tra-

887 1587 1037 1626 ductus
1058 1587 1208 1637 suerat,
1237 1587 1280 1625 in
1297 1586 1360 1625 his
1376 1589 1496 1625 terris
1517 1585 1619 1624 hor-

887 1652 976 1684 tum
993 1645 1192 1684 colentem
1212 1646 1413 1684 noverat?
1446 1645 1620 1683 Venerat

888 1704 996 1742 enim
1022 1710 1144 1756 poeta
1168 1704 1212 1742 in
1235 1703 1337 1742 haec
1367 1703 1454 1742 loca
1483 1702 1559 1742 sub
1582 1716 1618 1740 a.

887 1761 937 1800 U.
958 1762 1000 1800 C.
1029 1763 1127 1805 715.
1157 1761 1238 1800 vid.
1267 1762 1415 1800 Vitam.
1474 1760 1618 1814 Atbilla

888 1819 1018 1858 Servii
1042 1820 1150 1859 ratio
1176 1819 1251 1858 vix
1270 1819 1368 1858 ferri
1387 1825 1539 1872 potest,
1571 1824 1620 1857 ut

887 1877 1074 1930 Corycius
1090 1892 1211 1916 senex
1226 1877 1468 1930 appellative
1485 1877 1619 1915 dictus

884 1936 939 1975 sit
957 1966 967 1985 ,
1019 1935 1090 1988 qui
1130 1949 1243 1974 more
1280 1934 1390 1988 apud
1429 1935 1619 1987 Corycios

884 1994 1035 2033 usitato
1063 2007 1205 2045 agrum
1242 1994 1404 2032 coleret.
1463 1995 1620 2031 Hortus
1693 2023 1699 2026 ,

886 2051 1051 2103 quidem
1088 2052 1275 2103 Corycius
1292 2057 1401 2090 recte
1425 2051 1485 2089 ita
1507 2051 1619 2089 dice-

884 2116 1003 2148 retur
1017 2139 1029 2159 ‚
1079 2123 1102 2146 a
1148 2109 1443 2161 praestantiore
1484 2109 1619 2147 cultus

884 2180 1027 2220 genere
1039 2197 1050 2216 ,
1080 2181 1165 2206 non
1183 2173 1319 2206 autem
1338 2181 1470 2204 senex.

946 2227 1040 2266 127.
1082 2227 1176 2266 128.
1214 2227 1285 2263 cui
1312 2238 1457 2276 pauca
1491 2224 1621 2262 relicti

886 2284 1040 2335 Iugera
1061 2285 1165 2320 ruris
1186 2291 1313 2321 erant.
1347 2283 1529 2320 relictum
1549 2296 1620 2319 rus·

886 2355 980 2379 cum
996 2341 1178 2379 absolute
1200 2340 1382 2390 dicatur,
1411 2340 1484 2379 vix
1503 2339 1619 2377 aliter

884 2399 1011 2451 accipi
1031 2405 1180 2451 potest,
1211 2413 1333 2451 quam
1351 2399 1436 2437 sive
1451 2397 1502 2436 de
1518 2397 1619 2436 sub-

884 2457 1018 2495 secivo
1031 2487 1042 2506 ,
1085 2455 1128 2496 h.
1157 2457 1200 2495 in
1236 2457 1475 2505 metatione,
1525 2469 1619 2493 cum

887 2515 973 2567 agri
990 2514 1312 2567 assignarentur,
1340 2515 1450 2553 intra
1472 2513 1618 2551 limites

888 2587 972 2612 non
1000 2579 1164 2626 recepto
1192 2571 1293 2626 (vid.
1324 2573 1440 2611 Goes.
1467 2570 1618 2610 1nd.in

887 2632 937 2670 R.
956 2632 1097 2685 Agrar.
1118 2629 1319 2685 Scriptt.),
1346 2631 1429 2669 sive
1451 2629 1501 2667 de
1518 2642 1618 2668 con-

886 2696 1015 2728 temto
1044 2690 1209 2728 omnino
1238 2695 1407 2742 propter
1428 2687 1618 2726 ieiunita-

884 2753 967 2786 tem
988 2747 1062 2786 soli
1080 2748 1260 2800 neglecto
1278 2754 1319 2786 et
1332 2747 1491 2786 deserto
1508 2758 1616 2795 agro,

886 2812 935 2845 ut
958 2806 1123 2845 Servius
1152 2806 1250 2844 facit
1280 2803 1378 2858 (quo
1400 2810 1439 2842 et
1462 2802 1618 2853 reliqua

884 2870 1055 2903 vocant:
1084 2864 1317 2915 necfirlilis
1334 2863 1410 2899 illa
1427 2861 1616 2909 iuvencis,

887 2923 982 2961 Nec
993 2925 1136 2973 pecori
1152 2928 1377 2972 opportuna
1394 2932 1523 2970 seges,
1545 2931 1618 2955 nec

884 2979 1097 3019 commoda
1117 2978 1286 3017 Baccho
1303 2983 1344 3015 et
1361 2989 1459 3014 mox
1477 2977 1521 3013 in
1537 2975 1618 3013 du-

1068 3037 1169 3075 Nam
1200 3049 1303 3087 ager
1338 3035 1497 3073 relictus
1512 3063 1523 3082 ,
1563 3046 1616 3071 sc.
1723 3075 1726 3078 ⁴
