1734 3320
263 196 758 272 GE‘ORG'IJCON
791 215 1376 281 LIB.111‚557--565
1479 226 1580 277 591

50 341 259 393 Verum
278 339 463 402 etiam,
499 341 698 391 invisos
719 341 762 390 si
781 342 900 409 quis
920 350 1150 394 tentarat
1174 347 1419 412 amictuS,

0 419 18 463 ᾗ*
43 409 321 477 *Ardentes
343 410 600 478 papulae,
638 420 799 479 atque
823 412 1119 463 inmundus
1142 414 1339 466 olentia
1361 418 1530 469 sudor

0 480 20 585 {J
49 479 299 532 Membra
316 480 669 548 sequebatur3
703 498 806 532 nec
824 482 990 549 longo
1010 482 1211 535 deinde
1228 489 1462 538 moranti
1479 492 1582 543 565

0 599 14 641 3.
50 609 80 652 1,
101 605 205 646 384st
244 609 385 652 „Multa
412 609 482 644 tibi
510 616 594 644 aute
625 623 703 645 aras
727 619 851 645 nostra
875 611 978 646 cadet
1000 611 1121 647 hostia
1149 613 1326 655 (ἰωὴ-ιη’(
1368 615 1444 650 scil.
1470 617 1510 650 si
1534 617 1583 651 id

49 656 251 699 feceris,
274 657 396 703 quod
418 664 463 691 te
487 669 727 703 rogamus.
774 660 824 700 X,
847 656 950 695 423.=
994 661 1123 701 „Haec
1156 673 1253 695 arma
1280 663 1489 709 exuviasque
1516 663 1584 697 viri

0 698 15 721 “·
48 709 278 750 tuaquerous
300 703 500 746 habebit;“
526 705 603 739 scil.
630 706 670 739 si
694 706 782 745 hoc
806 705 922 740 mihi
946 707 1166 749 dederis,
1191 715 1240 742 ut
1262 709 1407 743 virum
1431 710 1583 744 inter-

0 790 5 797 ,
49 749 231 794 ficiam.
277 751 348 786 XII
364 778 375 795 ,
399 753 481 788 808.
504 765 601 799 sqq.:
627 754 732 795 „ista
762 753 904 799 quidem
936 753 1019 799 quia
1042 761 1128 788 nota
1146 755 1233 788 mihi
1250 762 1329 798 tua,
1354 769 1491 803 magne,
1514 769 1583 791 vo-

49 797 187 840 luntas,
211 798 391 845 Iuppiter:
427 807 464 833 et
478 801 636 834 Turnum
658 807 695 834 et
717 807 830 834 terras
854 800 966 834 invita
993 801 1133 847 reliqui.
1181 804 1259 837 Nec
1276 811 1315 836 tu
1334 816 1391 837 me
1407 805 1501 838 aeria
1517 816 1584 838 so-

48 845 121 880 lun
140 857 234 879 nune
255 846 342 880 sede
362 846 503 881 videres
531 848 646 892 Digna
667 847 811 893 indigna
834 847 961 894 pati;“
995 848 1019 882 i.
1039 861 1070 882 e.
1103 850 1179 883 Nec
1204 857 1262 891 tu,
1297 849 1336 883 si
1367 851 1582 886 voluntas

0 897 11 933 ξ’
50 900 130 927 tua
159 892 274 926 mihi
306 905 397 928 non
430 902 558 928 esset
591 902 723 936 nota,
749 903 817 929 etc.
866 896 948 937 XII,
967 896 1071 932 879.:
1108 909 1195 938 „cur
1222 897 1347 931 mortis
1368 899 1507 933 ademta
1526 905 1582 933 est

0 962 9 977 ρ.
48 939 248 976 conditio?
276 951 419 987 possem
444 949 560 976 tantos
580 941 681 976 finire
700 943 897 982 dolores;“
923 943 946 976 i.
970 954 1000 976 e.
1024 954 1185 989 possem,
1221 944 1260 978 si
1284 944 1373 979 illa
1397 946 1583 980 ademta

0 977 13 1025 ,ἶ
50 994 198 1022 esset.
222 1007 270 1014 —
303 988 465 1023 Ceterum
487 997 624 1038 putres
649 990 777 1024 Medic.
806 992 862 1025 W
860 990 905 1035 r.)
1023 991 1094 1027 563
1126 992 1221 1034 Quin
1251 993 1362 1026 etiam
1392 994 1581 1035 Romanus,

47 1046 122 1069 non
141 1033 245 1069 male.
280 1035 343 1081 (ne
386 1036 659 1079 uidem—sed,
684 1037 752 1071 sed
771 1039 883 1071 etiam
908 1036 980 1072 vid.
1010 1050 1066 1083 ap.
1097 1038 1290 1072 Tursellin.
1320 1039 1365 1072 de
1394 1039 1580 1074 Particulis

0 1090 4 1107 ¹-
48 1093 132 1129 pug.
153 1082 238 1118 522·
257 1094 311 1128 aq.
424 1083 614 1118 Schwartz.
662 1084 754 1118 Hinc
783 1085 890 1118 colon
918 1096 985 1130 pro
1004 1092 1133 1130 puncto
1151 1098 1201 1118 vs.
1223 1086 1306 1121 562.
1330 1087 1446 1132 posui.
1475 1087 1576 1131 Wr.)

49 1131 163 1164 etiam
178 1130 334 1164 miseros
349 1131 442 1165 Ven.
490 1139 688 1178 temptaret
712 1132 840 1165 Medic.
862 1144 883 1166 a
908 1144 954 1165 m.
980 1145 1034 1178 pr.
1068 1133 1137 1178 (est
1155 1144 1196 1166 ea
1215 1132 1316 1177 prior
1330 1133 1452 1168 lectio.
1480 1136 1536 1169 W
1534 1133 1578 1178 r.)

47 1176 120 1213 565
143 1175 396 1222 sequebantur
424 1179 514 1213 Ven-
547 1185 586 1212 et
613 1179 785 1213 Rottend.
810 1191 881 1213 sec.
929 1178 1099 1214 Similiter
1122 1181 1254 1226 Georg.
1287 1182 1349 1224 lv,
1374 1182 1397 1216 8
1412 1182 1578 1216 variatur.

49 1223 163 1275 longe
175 1222 311 1258 Zulich.

49 1309 105 1350 ad
152 1309 311 1350 Indices
361 1312 542 1366 Gotting.
587 1312 789 1352 literarios

49 1368 161 1408 Part.
193 1369 334 1420 XMV,
359 1384 402 1423 p.
426 1373 525 1414 361.
548 1385 606 1423 sq.
627 1371 738 1410 laud.
766 1385 790 1410 a

49 1427 248 1467 Geisslero
286 1428 330 1468 in
368 1427 503 1468 Schol.
556 1429 609 1468 ad
643 1430 788 1482 Georg.

47 1498 136 1539 pag.
163 1491 268 1526 extr.
302 1486 432 1541 Wr.)
494 1487 637 1536 Quid?
676 1488 790 1539 quod

48 1543 173 1594 adeo,
202 1545 287 1588 563
305 1545 339 1584 si
358 1545 448 1597 quis
473 1559 494 1584 e
515 1547 610 1585 lana
631 1553 788 1586 vestem

27 1620 30 1621 ⁷
48 1602 292 1652 eonfeoerat,
309 1606 484 1642 amictus
501 1606 664 1654 invisos,
686 1618 787 1656 quos

49 1659 291 1701 abhorreres
307 1692 319 1712 ,
365 1662 541 1715 appellat
558 1692 570 1714 ‚
620 1676 788 1714 eamque

47 1718 242 1759 induerat
259 1750 271 1770 ‚
326 1721 500 1772 papulis
524 1751 536 1770 ,
589 1721 787 1773 pustulis,

0 1799 22 1809 ιλ
48 1777 418 1828 exanthematibus,
439 1779 709 1829 carbunculis,
720 1794 787 1818 ro-

3 1833 6 1849 ³
49 1835 165 1875 denti
190 1836 301 1875 sanie
326 1837 602 1887 tumentibus,
642 1843 682 1876 et
698 1838 787 1876 soe—

0 1920 7 1946 .
49 1894 141 1934 tido
169 1895 312 1934 sudore
325 1926 337 1945 ,
378 1908 426 1934 ac
450 1895 568 1935 brevi
601 1902 786 1949 tempore

46 1957 141 2006 post
168 1953 254 1996 565
278 1967 395 1992 sacro
422 1956 515 2006 igni
540 1968 688 2007 corpus
717 1954 786 1992 in-

47 2010 283 2050 festabatur.
351 2012 425 2050 Est
479 2018 616 2051 autem
671 2027 788 2050 sacer

49 2070 184 2121 ignis,
227 2069 278 2108 de
307 2082 390 2121 quo
411 2070 565 2109 Colum.
591 2070 620 2110 l.
641 2083 675 2109 c.
698 2070 783 2119 VII,

47 2127 98 2177 5,
131 2130 199 2170 16.
257 2127 469 2166 Laudatur
501 2140 663 2180 quoque
699 2128 784 2166 Lu-

24 2191 27 2192 ’
48 2191 148 2224 eret.
176 2185 243 2235 VI,
263 2186 387 2229 1165.
404 2185 505 2224 ibid.
530 2188 627 2235 660,
656 2186 788 2239 erysi-

46 2243 193 2296 pelatis
209 2240 528 2298 φλεγμονῶδους
544 2257 681 2296 genus,
700 2244 785 2283 vid.

48 2301 209 2341 Celsum
229 2301 286 2351 V,
315 2304 394 2352 28,
414 2300 455 2351 4,
485 2315 729 2354 quamquam
751 2302 786 2340 is

49 2359 100 2398 ab
142 2360 384 2413 erysipelate
428 2360 635 2399 diversum
677 2360 785 2399 facit.

48 2417 149 2457 Aliis
174 2418 415 2471 phlegmone
442 2424 515 2458 est.
574 2417 672 2462 564.
711 2433 784 2457 su-

49 2475 126 2516 dor
165 2475 345 2515 membra
390 2475 629 2530 sequebatur
647 2507 659 2526 ,
708 2490 784 2529 per

50 2547 190 2574 omnes
213 2540 351 2587 partes
373 2547 414 2573 se
445 2534 699 2584 diffundens,
735 2541 786 2573 ut

49 2590 151 2632 Aen.
177 2593 259 2643 IX,
282 2595 368 2635 812
407 2601 494 2631 mm
523 2600 602 2631 toto
623 2607 786 2644 corpore

48 2650 174 2689 sudor
199 2652 405 2703 Liquitur.
474 2648 572 2694 565.
610 2653 787 2689 moranti

0 2732 10 2736 -
51 2707 158 2748 dixit
195 2715 339 2747 ornate
374 2723 451 2761 pro
464 2739 476 2759 ,
516 2709 578 2758 ei,
626 2707 668 2748 h.
700 2709 786 2748 eius

50 2772 166 2805 artus
192 2779 264 2805 seu
294 2780 472 2820 corpus;
518 2766 669 2805 scilicet
701 2781 787 2806 non

48 2836 123 2876 per
140 2824 306 2876 longum
316 2830 476 2877 tempus
493 2825 529 2863 ei
549 2839 684 2864 moras
697 2831 784 2864 tra-

47 2880 148 2920 here
162 2881 323 2931 licebat,
354 2895 448 2921 cum
466 2896 581 2921 sacro
590 2882 674 2935 igni
690 2889 785 2922 ten-

48 2938 132 2978 tari
149 2939 293 2991 coepit.

109 2997 261 3036 Totum
288 2997 427 3036 locum
465 2996 783 3049 explanavimus,

847 1311 960 1364 quod
1019 1313 1314 1366 Interpretibus
1375 1314 1578 1353 molestias

846 1384 939 1409 cum
957 1371 1201 1410 facessivisse
1218 1371 1467 1411 videbamus.
1490 1372 1577 1411 Ad-

845 1429 1058 1481 iungamus
1075 1429 1211 1468 adhuc
1234 1431 1444 1469 nonnulla.
1497 1432 1544 1470 V
1538 1433 1578 1468 i-

846 1493 958 1525 sce'ra
978 1487 1134 1526 abolere
1152 1488 1273 1527 undis
1285 1490 1475 1531 559.560
1493 1489 1578 1527 fere

844 1546 903 1584 ita
923 1546 1128 1598 accipiunt
1141 1576 1151 1594 ‚
1181 1551 1230 1585 ut
1250 1547 1323 1595 sit,
1354 1546 1506 1584 malum
1524 1560 1578 1585 ex

844 1604 1067 1643 visceribus
1091 1604 1175 1643 sive
1195 1605 1372 1643 lavando
1402 1604 1485 1643 sive
1505 1618 1578 1643 co-

846 1662 1009 1714 quendo
1038 1662 1216 1712 abolere,
1257 1661 1298 1701 h.
1319 1662 1403 1702 sive
1422 1662 1574 1701 morbi-

847 1720 941 1759 dam
971 1726 1185 1771 naturam,
1230 1721 1315 1759 sive
1338 1734 1418 1773 pus
1450 1726 1492 1759 et
1510 1734 1577 1759 sa-

845 1779 975 1828 niem,
1005 1779 1089 1817 sive
1104 1809 1116 1828 ,
1145 1785 1195 1817 ut
1220 1778 1384 1818 Servius
1401 1778 1575 1829 subiicit,

844 1850 1051 1876 mucorem
1097 1837 1300 1888 quendam
1338 1836 1448 1875 carni
1483 1850 1576 1876 cor—

842 1901 991 1947 ruptae
1009 1893 1301 1935 inhaerentem.
1331 1894 1387 1934 At
1403 1893 1483 1933 hoc
1502 1908 1578 1934 nec

842 1954 1064 1992 verborum
1105 1967 1181 1992 nec
1215 1954 1275 1992 rei
1318 1960 1465 1992 natura
1504 1959 1577 1992 aut

842 2011 1087 2050 veterinaria
1104 2012 1209 2050 rau'o
1230 2012 1421 2050 admittit.
1461 2010 1578 2050 Alte-

841 2084 934 2108 rum
948 2100 960 2118 ‚
998 2070 1185 2120 flamma
1216 2072 1371 2107 vincere
1403 2071 1573 2119 vaccent,

844 2133 918 2166 aut
957 2127 1168 2178 coquendo
1188 2156 1200 2176 ,
1250 2133 1323 2166 aut
1357 2127 1573 2177 torrendo,

843 2185 932 2224 fieri
972 2191 1138 2237 putant:
1189 2198 1284 2223 sane
1321 2185 1485 2224 Servius
1523 2185 1576 2223 ad

842 2257 884 2282 v.
903 2242 989 2285 490
1010 2256 1031 2281 e
1047 2243 1176 2282 Plinio
1199 2243 1361 2283 laudat:
1390 2242 1575 2281 morbosa

843 2315 938 2339 caro
975 2316 1056 2339 non
1091 2303 1307 2354 coquitur;
1361 2307 1403 2339 et
1433 2300 1574 2340 similia

843 2365 1015 2398 narrant
1026 2359 1113 2409 alij3
1138 2359 1411 2412 superstitiose
1424 2359 1573 2412 potius,

841 2424 966 2471 puto,
1007 2431 1130 2469 quam
1159 2430 1279 2468 vere3
1327 2423 1369 2455 et
1403 2423 1575 2470 possunt

840 2477 983 2527 utique
1008 2476 1133 2515 verba
1159 2489 1233 2528 per
1255 2489 1297 2514 se
1316 2475 1397 2514 hoc
1420 2475 1589 2527 signifi--

843 2540 940 2572 catu
959 2533 1108 2586 accipi;
1137 2548 1222 2572 non
1241 2547 1361 2583 vero,
1391 2539 1441 2572 ut
1462 2533 1574 2573 vidi-

840 2605 952 2641 muS,
982 2590 1063 2630 hoc
1081 2598 1288 2631 contextu.
1347 2591 1460 2641 Quid
1478 2597 1574 2630 tan-

844 2649 935 2688 dem
953 2656 1125 2689 naturae
1140 2650 1201 2690 rei
1219 2650 1343 2702 magis
1360 2655 1575 2688 consenta-

844 2721 988 2756 neum,
1028 2722 1150 2760 quam
1179 2714 1230 2747 ut
1259 2708 1458 2747 cadavera
1492 2706 1574 2759 igni

844 2773 1094 2816 cremarent,
1126 2773 1198 2805 aut
1223 2767 1268 2805 in
1287 2766 1455 2805 flumina
1472 2779 1574 2816 pro-

841 2824 1011 2863 iicerent
1028 2854 1040 2874 ,
1099 2838 1180 2876 quo
1227 2830 1403 2875 utroque
1450 2822 1572 2861 modo

844 2889 1164 2933 consumuntur3
1201 2882 1313 2933 quod
1338 2882 1469 2920 facere
1497 2879 1572 2918 de-

840 2940 938 2979 inde
974 2946 1092 2979 tanta
1140 2940 1385 2978 cadaverum
1422 2944 1573 2990 strages

839 2997 1095 3051 prohibebat.
1166 2997 1346 3036 Flamma
1394 2996 1572 3036 vincitur
