1734 3320
180 226 297 276 „634
526 225 582 275 P.
619 224 983 277 VIRGILII
1022 224 1396 277 MARONIS

192 349 337 400 Illis·
325 366 400 398 1ra
418 350 653 402 modum
679 369 838 419 supra
863 360 965 415 est,
1002 351 1287 419 laesaeque
1311 368 1598 404 venenum

190 420 495 471 Morsibus
482 423 763 490 1nspirant,
814 431 868 472 et
897 392 1098 489 sp’icula
1128 439 1282 472 caeca
1306 421 1626 491 relinquunt

192 489 415 543 Adfixae
435 494 612 559 veniS,
651 493 963 560 animasque
982 493 1036 542 in
1060 492 1285 544 volnere
1310 502 1538 561 ponunt.

237 633 310 669 236
333 633 478 667 modam
497 646 611 682 super
632 642 689 668 est
710 633 873 667 nonnulli
897 632 1053 668 Pieriani
1074 640 1111 667 et
1134 634 1303 681 Giphanii
1322 636 1430 678 Mss.,
1462 634 1555 668 unde
1579 633 1642 667 ille
1661 646 1729 668 su—

186 692 283 727 pera
303 681 410 722 facit,
434 682 530 726 quod
549 681 797 716 Lucretianum
822 687 888 715 est.
996 682 1066 717 238
1091 681 1240 727 Affixae
1261 683 1367 716 venis
1382 682 1562 728 vulgatum
1579 681 1662 715 inde
1684 682 1728 715 ab

191 727 296 761 Aldd.
345 728 486 772 Adstxa
503 730 539 762 ίη
561 731 666 763 venis
687 741 756 762 sec.
778 729 925 762 Mentel.
946 741 967 762 a
988 742 1033 762 m.
1056 741 1125 762 sec.
1158 736 1195 762 et
1214 741 1268 774 pr.
1290 730 1422 763 Moret.
1454 742 1541 763 unus
1560 729 1728 763 Arundel.

194 781 231 808 et
249 775 341 808 alter
358 788 434 809 cum
461 776 534 809 Erf.
564 783 601 809 et
629 789 705 810 cum
735 776 815 810 edd.
846 775 1025 810 nonnullis
1047 776 1156 821 (inter
1184 789 1270 822 quas
1289 777 1557 831 Argent.1502‚
1582 782 1728 810 notante

191 822 358 864 Reiskio‚
389 822 444 856 cui
477 822 581 856 valde
610 824 790 857 arridebat
813 836 853 857 ea
873 823 1021 868 lectio),
1054 824 1184 870 Affixa
1213 837 1253 858 ιη
1282 823 1574 859 2¹en1s.Videri
1608 830 1730 869 potest

191 869 262 903 hoc
280 869 526 912 Grammatici,
552 871 596 904 de
616 878 731 905 metro
752 870 917 914 solliciti,
943 871 1032 916 (iure
1052 871 1193 916 quidem
1225 871 1382 905 solliciti.
1415 872 1512 914 Wr.)
1539 883 1649 917 opera
1669 871 1728 904 in—

190 917 410 961 terpolatum
434 929 510 950 esse
528 930 571 951 ex
586 919 728 963 Adfixa
750 930 877 961 zenzs‚
912 919 987 953 scil.
1011 918 1166 964 spicula,
1200 925 1240 952 ut
1261 925 1339 952 erat
1356 918 1394 952 in
1413 918 1522 953 Pierii
1542 924 1729 973 pervetere

191 964 309 1007 libro,
354 965 500 998 Mentel.
524 978 578 1010 pr.
609 967 696 1011 Reg.
723 967 853 1000 Moret.
880 979 950 1000 sec.
975 966 1095 1008 Leid„
1135 966 1222 999 item
1257 966 1367 1000 Goth.
1401 979 1472 1002 sec.
1499 972 1536 1000 et
1563 965 1729 1000 Brunckii

190 1011 307 1054 libro,
330 1012 445 1056 Afixa
470 1024 577 1046 vent-s·
605 1014 707 1047 Leid.
737 1026 806 1048 sec.
841 1013 884 1059 („
886 1013 1087 1047 Probabilis
1111 1020 1166 1047 est
1194 1013 1258 1047 illa
1284 1013 1415 1057 lectio,
1441 1014 1590 1058 adfixa,
1625 1026 1729 1061 quam

191 1059 391 1105 complures
420 1067 562 1093 servant
589 1061 750 1104 codices,
777 1067 813 1094 et
839 1066 917 1095 tuto
942 1061 1054 1107 recipi
1083 1064 1265 1107 poteratf‘
1313 1062 1413 1096 Haec
1431 1061 1647 1095 Brunckius.
1684 1063 1729 1095 At

190 1106 261 1140 vid.
296 1109 338 1149 Q.
364 1107 409 1140 V.
435 1107 530 1150 XII,
566 1109 621 1144 15.
652 1108 748 1163 ΗΘ..)
797 1109 915 1143 Habet
943 1115 1064 1142 tamen
1093 1116 1128 1142 et
1144 1109 1256 1143 altera
1273 1108 1405 1151 lectio,
1431 1121 1500 1154 qua
1519 1108 1619 1155 ipsae
1641 1120 1727 1154 apes

190 1153 377 1199 affigentes
397 1166 435 1187 se
461 1155 533 1188 cuti
552 1155 646 1197 eius,
673 1156 732 1202 qui
755 1169 814 1190 eas
836 1157 1001 1199 infestat,
1026 1157 1166 1190 Lucret.
1184 1158 1229 1199 V,
1257 1157 1346 1192 1321
1375 1156 1454 1190 leae
1470 1157 1730 1203 Deplexaeque

190 1200 334 1235 dabant
350 1203 390 1235 in
410 1210 549 1236 terram
579 1204 732 1238 volnere
758 1212 877 1238 zzctos
904 1202 1096 1238 Mor-sibus
1123 1204 1273 1248 adfixae
1289 1204 1428 1238 vali'dzs
1457 1212 1570 1251 atque
1589 1204 1728 1258 angai—

191 1247 260 1282 bus
279 1261 400 1290 unc-183
426 1249 577 1295 Affixae
595 1264 701 1285 venzs
722 1251 909 1293 dicuutur,
936 1263 1013 1285 cum
1043 1251 1306 1296 grammaticam
1332 1251 1530 1294 rationem,
1556 1258 1609 1285 est
1635 1250 1729 1284 enim

191 1295 472 1342 elegantissima,
506 1303 580 1331 tum
604 1298 776 1332 librorum
807 1299 1075 1340 auctoritatem,
1111 1299 1282 1342 Romani,
1315 1298 1489 1337 Medicei‚
1520 1277 1562 1332 ²et
1582 1304 1728 1332 cetero-

189 1355 285 1385 rum3
311 1344 437 1378 eodem
463 1346 690 1380 referendum
717 1346 881 1392 Affissae
909 1346 1101 1380 Zulichem.
1150 1349 1197 1381 At
1219 1358 1305 1380 vero
1339 1346 1514 1380 Adnzxae
1546 1345 1729 1390 Oblongus

188 1391 317 1433 Pierii,
353 1392 448 1437 quod
474 1392 505 1426 si
545 1393 694 1427 aliorum
721 1394 892 1428 librorum
923 1393 1088 1438 suffragia
1113 1393 1285 1436 haberet,
1309 1405 1382 1428 non
1404 1393 1596 1427 incomtum
1622 1400 1727 1427 esset.

188 1439 313 1474 Latius
372 1440 524 1474 rocessit
553 1440 786 1486 interpolatio
812 1441 848 1474 in
873 1441 928 1475 ed.
947 1443 1037 1476 Ven.
1062 1440 1213 1486 Affixac
1234 1442 1342 1475 venis
1366 1442 1513 1475 animas
1537 1441 1598 1483 in,
1635 1440 1729 1474 etin

190 1487 246 1521 ed.
275 1452 423 1521 Meufiol.
447 1488 599 1534 Affixae
624 1491 732 1523 venis
762 1491 907 1523 animas
935 1490 985 1522 in.
1042 1490 1155 1522 Porro
1184 1490 1399 1535 animosque
1424 1489 1554 1522 Moret.
1582 1500 1639 1534 qu.
1688 1489 1730 1522 in

188 1535 349 1569 volnera
371 1535 475 1578 Gud.‚
501 1542 538 1568 et
557 1537 597 1569 in
618 1537 780 1570 vulnera
797 1538 988 1578 Romanus,
1013 1535 1163 1570 Mentel.
1187 1548 1241 1580 pr.
1263 1537 1389 1581 fragm.
1412 1537 1553 1579 Moret.,
1578 1542 1728 1581 uterque

189 1583 300 1616 Goth.
329 1583 401 1617 Erf.
425 1595 512 1616 unus
535 1583 703 1617 Arundel.
731 1592 765 1618 et
793 1583 901 1617 Pierii
921 1584 1074 1630 aliquot3
1110 1583 1230 1628 sicque
1247 1583 1317 1617 iam
1333 1582 1531 1628 Naugerius
1557 1582 1671 1616 edidit
1692 1582 1729 1616 in

188 1630 267 1664 Ald.
285 1636 381 1672 tert„
410 1638 445 1664 et
466 1630 551 1664 hinc
570 1631 653 1673 alii,
680 1632 744 1665 sed
763 1631 877 1676 pauci.
927 1634 1041 1677 Atque
1059 1631 1109 1664 ita
1132 1631 1268 1664 Nonius
1291 1631 1328 1664 in
1348 1634 1494 1674 anima,
1528 1630 1648 1665 Schol.
1666 1631 1728 1663 Iu—

187 1678 300 1712 venal.
319 1680 380 1720 IV,
404 1679 462 1714 91.
487 1679 646 1712 Macrob.
668 1682 743 1713 Sat.
763 1681 824 1722 VI,
850 1680 873 1715 6
902 1686 990 1713 extr.
1050 1678 1181 1712 Probat
1198 1678 1427 1724 Oudendorp.
1457 1678 1503 1712 ad
1534 1678 1664 1712 Lucan.
1684 1679 1728 1720 ΙΙ,

190 1726 270 1769 151,
295 1726 361 1759 sed
381 1725 455 1769 ita,
479 1732 519 1759 ut
536 1726 582 1760 ad
601 1738 679 1759 eum
694 1727 766 1762 τοῦ
788 1729 827 1761 in
850 1739 950 1760 usum
969 1727 1124 1768 referat,
1151 1738 1228 1759 cum
1248 1726 1353 1760 finem
1370 1739 1411 1760 ac
1433 1738 1590 1760 caussam
1611 1726 1728 1759 deno-

187 1779 254 1807 tat.
302 1773 426 1806 Malim
447 1773 493 1807 ad
511 1774 776 1819 exquisitiorem
801 1774 900 1807 illum
928 1786 1027 1807 usum
1058 1774 1213 1816 referre,
1251 1786 1329 1807 cum
1360 1779 1504 1819 quartus
1528 1785 1595 1820 pro
1625 1779 1727 1807 sexto

188 1833 270 1854 casu
300 1820 522 1865 adiungitur3
563 1833 680 1875 neque
708 1822 798 1855 adeo
827 1822 1010 1868 praeferre
1041 1820 1145 1854 alteri
1174 1828 1214 1854 ut
1242 1821 1356 1866 magis
1387 1820 1527 1866 vulgari
1556 1820 1727 1855 dubitem.

187 1869 314 1914 Neque
336 1875 453 1902 tamen
472 1868 573 1902 reiici
590 1881 631 1902 ιη
648 1869 822 1912 vulnere,
849 1870 932 1903 dum
950 1868 1076 1903 vulnus
1093 1868 1273 1911 inferunt,
1304 1874 1446 1915 potest,
1479 1868 1578 1914 quod
1606 1868 1728 1902 Medi-

189 1928 271 1950 ceus
297 1922 333 1949 et
351 1915 412 1950 alii
433 1921 587 1950 tuentur.

188 2024 389 2064 rationem
417 2024 569 2064 habere
589 2023 779 2077 potuisse.
840 2024 928 2077 Ipse
985 2024 1071 2074 nis,
1103 2029 1150 2063 ut
1171 2023 1295 2063 modo
1319 2023 1474 2077 prima,
1518 2024 1642 2064 modo
1659 2025 1728 2064 ul-

189 2083 364 2136 denique
391 2083 611 2136 acquiescit
638 2089 680 2122 et
705 2083 928 2122 assentitur

187 2142 280 2182 viro
311 2142 431 2182 docto
453 2142 636 2192 castani,
671 2141 740 2194 qui
759 2141 803 2180 in
821 2142 926 2181 libro

186 2203 358 2254 Histoty
387 2201 442 2254 of
462 2202 708 2253 Astronomy
741 2215 828 2253 pag.
858 2203 926 2243 90.

188 2260 361 2299 coniecit
390 2259 480 2299 Λαι
516 2259 660 2298 eadem
703 2259 817 2297 siclus
840 2259 927 2311 fa-

184 2321 304 2371 gc'ens
340 2318 501 2357 Orionis
532 2320 699 2371 aquosi,
732 2323 780 2356 ut
805 2319 932 2356 simul

187 2391 240 2416 ex
265 2377 470 2431 prioribus
511 2382 734 2429 repetatur.
803 2376 929 2416 Orio-

186 2449 281 2475 nem
296 2437 404 2475 enim
426 2450 627 2488 aquosam
646 2435 726 2474 dici
741 2433 840 2474 Aen.
859 2435 927 2485 IV,

189 2495 257 2538 52.
277 2496 327 2534 cf.
351 2495 380 2544 Ι,
403 2494 515 2544 535,
538 2500 683 2547 utpote
702 2500 927 2547 tempesta-

186 2559 276 2593 tum
313 2559 545 2603 auctorem,
601 2559 642 2591 et
676 2553 924 2602 Hesiodum,

187 2625 308 2665 quem
348 2611 539 2664 Virgilius
584 2611 727 2650 crebro
762 2618 926 2650 secutus

187 2671 260 2720 sit,
293 2667 407 2725 ’Έργ.
444 2672 541 2712 619.
581 2673 678 2712 620.
747 2670 926 2708 Pleiades

187 2729 383 2769 Orionem
401 2728 594 2780 fugientes
622 2729 763 2767 facere.
825 2730 927 2768 Cum

187 2794 325 2828 autem
363 2787 496 2826 tribus
533 2787 696 2840 syllabis
736 2788 927 2826 vocabuli

193 2847 320 2886 Orion
339 2846 580 2899 plerumque
605 2845 818 2899 productis
838 2860 926 2884 me-

186 2912 297 2945 trum
313 2905 630 2958 periclitaretur,
652 2905 925 2944 Buttmannus

186 2965 237 3003 ab
260 2977 306 3002 eo
330 2964 539 3003 consultus
559 2963 698 3003 docuit
712 2977 752 3015 p.
774 2963 926 3006 548-

187 3023 255 3066 51.
284 3022 410 3061 Ονίοη
443 3023 502 3062 ita
533 3028 780 3075 usurpatum
811 3021 925 3061 Lati—

985 2082 1089 2121 tima
1120 2082 1399 2135 corriperetur
1417 2114 1428 2134 ,
1469 2089 1511 2122 et
1547 2083 1726 2134 Graecis,

985 2141 1126 2194 Eurip.
1170 2142 1256 2180 Ion.
1293 2141 1418 2185 1153.
1469 2142 1578 2195 Cycl.
1614 2145 1727 2193 212„

985 2200 1109 2239 etiam
1147 2200 1281 2238 media
1323 2206 1540 2253 correpta,
1589 2200 1727 2254 itaque

985 2258 1076 2297 fieri
1106 2259 1308 2312 potuisse,
1347 2265 1396 2298 ut
1415 2259 1552 2298 ambas
1571 2259 1728 2312 priores

988 2317 1232 2370 corripuerit
1271 2317 1475 2371 Virgilius.
1543 2318 1625 2357 Nec
1661 2324 1728 2357 ta-

986 2390 1081 2415 men
1102 2376 1301 2416 correctio
1326 2377 1395 2416 illa
1417 2390 1625 2416 assensum
1654 2383 1728 2418 tu-

985 2435 1034 2474 lit
1063 2435 1325 2485 Buttmanni‚
1355 2435 1425 2487 qui
1443 2450 1532 2490 pag.
1565 2435 1664 2479 551.
1684 2436 1728 2475 in

986 2495 1230 2533 sententiam
1270 2493 1321 2533 H.
1350 2494 1480 2534 Vossii
1516 2494 1726 2545 concessit,

986 2553 1037 2591 ad
1055 2566 1177 2604 quam
1200 2559 1242 2591 et
1262 2566 1392 2591 meam
1418 2552 1618 2591 rationem
1644 2554 1727 2592 fere

986 2611 1178 2650 accedere
1207 2611 1351 2662 video,
1393 2625 1496 2663 quae
1513 2610 1615 2650 haec
1644 2618 1726 2651 est:

984 2670 1111 2709 Pleias
1125 2700 1135 2720 ,
1175 2683 1303 2722 quum
1343 2670 1522 2720 occidit,
1574 2670 1726 2710 dicitur

972 2728 1150 2781 fugiens
1169 2728 1282 2767 sidus
1300 2730 1352 2766 P.
1369 2742 1435 2782 aq.
1467 2728 1507 2768 h.
1519 2742 1552 2768 e.
1571 2729 1726 2781 fugiens

984 2793 1144 2840 tempus
1171 2785 1368 2836 hiemale,
1407 2800 1479 2827 seu
1506 2793 1726 2840 tempesta—

983 2851 1045 2884 tes
1067 2844 1270 2884 hibernas.
1330 2817 1453 2884 S'idm
1483 2852 1544 2885 est
1569 2852 1727 2886 certum

985 2904 1081 2943 anni
1102 2910 1274 2957 tempus.
1334 2904 1442 2943 Hinc
1471 2903 1600 2944 Tacit.
1619 2903 1726 2945 Ann.

982 2963 1013 3013 I,
1029 2966 1098 3005 70.
1113 2963 1225 3001 sidus
1247 2965 1508 3016 aequinoctii.
1538 2963 1726 3017 Metony-

983 3021 1085 3060 mice
1124 3021 1323 3075 significat
1349 3021 1588 3076 temperiem
1613 3022 1726 3062 coeli.
