1768 3320
227 219 326 267 138

553 217 608 266 P.
645 213 1008 265 VIRGILII
1042 210 1422 262 MARONIS

221 345 394 393 Pauca
409 350 591 391 tamen
612 339 873 407 suberunt
890 338 1094 405 priscae
1114 336 1330 401 vestigia
1349 333 1570 402 fraudiS‚

223 414 373 475 Quae
392 420 601 461 tentare
621 409 840 461 Thetim
858 408 1072 469 ratibus,
1112 422 1248 474 quae
1270 406 1485 472 cingere
1502 407 1671 459 muris

223 482 461 551 Oppida,
500 498 638 549 quae
661 479 881 531 iubeant
895 477 1074 528 telluri
1090 474 1362 528 infindere
1376 476 1565 531 sulcos.

268 622 316 658 32
337 621 467 655 Thetin
481 621 550 654 duo
567 620 752 665 ap.Heins.
771 618 831 664 qui
849 617 978 663 ubique
995 617 1156 662 praefert
1164 616 1326 651 Latinam
1343 617 1630 652 terminationem
1645 625 1740 652 tam-

221 682 325 715 quam
344 668 456 702 minus
476 668 650 701 usitatam.
697 667 858 712 (Thetim
880 668 976 699 Serv.
998 665 1124 698 Dresd.
1145 665 1216 698 vid.
1237 666 1279 706 Q.
1299 665 1344 699 V.
1363 665 1423 708 ΙΙΙ,
1446 665 1485 702 3.
1514 666 1609 711 Wr.)
1694 665 1742 702 33

220 715 420 763 infundere
434 722 526 757 tres,
552 714 776 748 aberratione
797 711 914 745 solita.
963 713 1098 746 tellure
1116 712 1285 745 Rottend.
1304 717 1388 745 tert.
1436 712 1607 747 tellurem
1622 712 1741 757 infin-

221 764 310 797 dere
335 764 437 797 sulco
460 764 560 795 Rom.
579 774 664 795 unus
690 760 808 806 (idque
820 758 957 803 recepit
974 758 1136 793 Vossius.
1165 758 1282 803 usn),
1315 770 1383 803 pro
1403 771 1471 804 quo
1494 760 1608 794 salci-s·
1623 759 1740 794 Vatic.

222 810 386 856 oblongfl,
411 821 499 856 quae
518 815 555 842 et
573 809 651 854 ipsa
667 808 758 841 bene
780 818 818 840 se
837 806 1022 840 haberent.
1071 805 1223 851 Recepit
1242 817 1382 852 quoque
1402 806 1580 851 posterius
1598 806 1741 843 Wake-

220 857 316 892 field.
367 855 523 902 (Retinui
551 869 627 889 cum
652 854 776 888 Iahnio
799 853 977 898 vulgatam
995 853 1208 896 lectionem,
1245 865 1350 898 quum
1368 853 1528 887 mutandi
1551 865 1624 888 non
1653 854 1740 888 satis

220 917 346 950 graves
364 903 568 939 viderentur
587 914 723 937 causae.
747 901 940 946 Infindere
956 901 1081 935 sulcos
1098 900 1230 947 legitur
1246 899 1354 935 etiam
1363 902 1451 936 Aen.
1464 902 1511 945 V,
1532 899 1613 938 142.
1642 901 1739 946 Wr.)

220 1029 342 1063 erunt
369 1029 552 1071 tenerae,
591 1019 702 1071 quod
730 1019 948 1058 aristarum

220 1080 429 1135 epitheton
454 1079 553 1119 Aen.
583 1079 676 1129 VII,
706 1080 790 1120 809
817 1077 948 1117 habe-

218 1147 308 1180 tur:
345 1154 417 1178 nec
443 1147 595 1177 teneras
624 1151 743 1174 cursu
769 1136 948 1175 laesisset

218 1200 377 1236 aristas.
437 1197 497 1235 Ita
524 1196 663 1234 molles
697 1193 739 1234 h.
765 1207 798 1233 0.
828 1200 947 1233 tene-

216 1269 286 1295 rae
303 1257 473 1305 aristae,
502 1261 551 1294 ut
574 1253 707 1291 mollis
731 1253 946 1303 acanthus,

217 1314 350 1352 mollis
376 1315 518 1351 iuncus
531 1343 541 1362 ⁷
583 1311 703 1349 molle
736 1312 839 1350 siler.
871 1313 941 1353 30.

216 1371 416 1409 sudabunt
433 1401 443 1421 ,
500 1370 713 1409 stillabunt
732 1399 743 1419 ,
791 1369 947 1421 eliqua-

214 1430 330 1468 bunt.
391 1429 584 1483 Exempla
602 1428 674 1467 dat
701 1428 841 1466 Cerda.
871 1427 946 1467 Inf.

216 1488 284 1527 Ge.
321 1487 377 1537 Il,
419 1489 501 1530 118
553 1487 715 1525 odorato
754 1486 947 1524 sudantia

214 1546 401 1584 habs-ama
446 1546 573 1598 ligno.

214 1617 326 1642 more
342 1603 444 1642 haec
462 1604 697 1642 efferuntur.
744 1602 948 1642 Videntur

215 1662 371 1714 antiqui
405 1661 485 1700 hoe
521 1662 662 1700 aetatis
701 1675 845 1700 aureae
867 1661 947 1700 bo-

214 1734 314 1759 num
334 1719 547 1772 dupliciter
567 1719 775 1769 extulisse,
806 1726 855 1759 ut
873 1725 946 1758 aut

214 1779 312 1827 mel,
354 1777 464 1829 quod
496 1778 539 1816 in
585 1778 813 1829 quercubus
851 1792 944 1831 apes

214 1836 388 1885 faciunt,
418 1842 502 1874 tam
525 1837 728 1889 copiosum
751 1843 864 1887 esset,
894 1842 944 1875 ut

213 1894 256 1932 in
290 1900 442 1932 terram
469 1894 688 1944 deflueret,
735 1901 786 1934 ut
821 1895 942 1934 Ovid.

214 1951 303 1991 Am.
329 1952 403 2001 ΙΙΙ,
433 1954 480 2001 8,
514 1952 582 1995 40.
615 1953 758 1992 Horat.
789 1953 866 1993 Od.
893 1953 941 2003 ΙΙ,

216 2013 283 2059 19,
309 2012 374 2050 11.
406 2010 530 2063 Epod.
554 2014 619 2061 16,
639 2010 708 2053 47.
734 2013 837 2050 conf.
857 2011 943 2050 He-

214 2067 313 2106 siod.
342 2065 454 2123 ''E9y.
479 2071 589 2119 2333
637 2069 734 2108 alios
763 2083 803 2108 v.
834 2070 944 2122 apud

213 2125 344 2164 Ursin.
365 2126 416 2164 ad
443 2125 547 2177 h.1.;
586 2133 657 2166 aut
684 2135 734 2167 ut
756 2128 851 2166 solia
876 2128 943 2166 ili—

211 2197 312 2236 gnea
335 2184 413 2223 mel
434 2184 657 2236 eliquarent
682 2192 722 2224 et
746 2185 951 2225 sudarent-

211 2256 287 2294 pro
312 2241 483 2293 glutine,
523 2244 632 2295 quod
662 2258 771 2282 nunc
787 2244 855 2282 illa
876 2245 942 2283 so·-

210 2300 265 2338 lia
310 2301 428 2338 certis
475 2302 723 2354 temporibus
769 2303 939 2342 obsidet.

212 2358 278 2396 Sic
304 2358 422 2397 Ovid.
444 2358 539 2398 Met.
559 2360 587 2409 I,
614 2363 695 2402 112
725 2361 940 2414 Flavaque

210 2415 261 2453 de
287 2416 410 2454 viridi
437 2417 643 2456 stillabunt
684 2419 774 2456 ilice
801 2419 937 2458 mella.

211 2474 282 2513 Ge.
300 2473 328 2523 I,
356 2476 433 2515 131
467 2476 665 2527 mellaque
682 2476 853 2514 decussit
858 2477 940 2528 so-

210 2532 277 2569 liis
288 2562 299 2581 ,
334 2531 384 2570 de
404 2531 510 2571 Iovis
529 2540 681 2583 aetate3
709 2540 750 2572 et
767 2533 879 2573 hunc
895 2535 939 2574 in

210 2602 370 2628 sensum
415 2590 568 2629 dictum
595 2590 635 2631 h.
659 2591 700 2640 1.,
747 2606 870 2643 quare
899 2599 941 2632 et

209 2647 366 2686 roscida
393 2649 515 2686 mella
544 2650 714 2702 accipio,
749 2664 850 2702 quae
867 2665 940 2691 ro-

208 2706 264 2745 ris
291 2719 404 2744 more
439 2719 512 2759 per
550 2707 644 2746 solia
674 2709 865 2759 guttatim
899 2723 939 2748 se

210 2763 459 2816 colligebant.
536 2765 742 2804 Eiusmodi
773 2768 852 2805 mel
889 2781 939 2805 ex

210 2822 330 2861 certis
350 2822 585 2873 arboribus,
613 2837 652 2862 v.
672 2838 704 2862 0.
723 2824 868 2876 palma,
894 2825 937 2864 in

207 2879 360 2930 Media,
386 2878 556 2931 Arabia,
594 2882 796 2933 variisque
823 2882 938 2921 Asiae

207 2938 304 2977 locis
321 2938 398 2991 legi
423 2945 683 2979 memoratur.
714 2940 797 2979 vid.
821 2940 936 2980 Wes-

208 2997 331 3051 seling
349 2996 402 3037 ad
419 2996 584 3038 Diodor.
604 2997 718 3048 XIX,
737 2996 805 3041 94.
845 2998 938 3038 Esse

650 1544 752 1583 Nam
797 1544 949 1596 duplici
996 1545 1143 1596 fluxit.

1004 1019 1049 1058 id
1075 1016 1222 1074 ἄγριον
1249 1019 1354 1060 illud
1374 1017 1485 1073 μέλι,
1515 1033 1596 1074 quo
1617 1020 1739 1061 Ioan-

1004 1091 1075 1117 nes
1110 1091 1208 1117 usus
1245 1084 1322 1128 est,
1361 1082 1513 1132 putant
1539 1079 1739 1129 nonnulli,

1005 1142 1047 1175 et
1068 1136 1142 1175 sub
1155 1138 1346 1175 Mannae
1363 1136 1527 1175 nomine
1547 1149 1600 1176 ex
1611 1137 1739 1177 Sujda

1005 1194 1238 1247 complexus
1277 1200 1338 1233 est
1375 1194 1539 1233 Salmas.
1566 1195 1610 1234 in
1639 1195 1737 1235 Diss.

1003 1266 1078 1292 sua
1094 1253 1144 1291 de
1167 1252 1331 1292 Manna.
1387 1250 1511 1306 Apud
1536 1253 1738 1293 Constan-

1003 1311 1139 1350 tinum
1168 1311 1195 1350 l.
1224 1311 1251 1350 1.
1287 1313 1488 1365 Σκληρῶν
1509 1308 1563 1365 δή
1580 1307 1739 1365 πεύκης

1005 1365 1193 1423 λαγόνων
1234 1367 1392 1422 μέλιτος
1425 1367 1492 1421 ῤ’έε
1536 1372 1649 1423 νᾶμα
1686 1383 1738 1410 ex

1004 1428 1141 1481 priore
1160 1422 1320 1466 ratione
1340 1426 1580 1479 exponitur:
1607 1429 1739 1467 Duris

1006 1501 1055 1524 ex
1072 1487 1284 1582 piceargizn
1301 1485 1738 1587 ίὲαῗῗωνῖιεέίίεὸἰαῗέ

1255 1574 1263 1582 .
1289 1557 1312 1582 a
1401 1558 1414 1582 1
1505 1573 1514 1582 .
1726 1575 1736 1584 .

1004 1602 1265 1641 Transtulere
1282 1607 1426 1655 poetae
1443 1600 1526 1641 hoc
1539 1573 1648 1641 iliani
1659 1616 1737 1641 na-

1001 1667 1120 1700 turae
1138 1661 1379 1699 miraculum
1406 1659 1460 1699 ad
1485 1659 1669 1713 prodigia
1695 1666 1737 1700 et

1001 1718 1216 1769 miracula,
1247 1731 1350 1770 quae
1363 1718 1406 1758 in
1433 1717 1637 1758 Bacchicis
1655 1718 1735 1758 ini-

999 1777 1067 1816 tiis
1083 1777 1343 1816 iactabantur
1354 1806 1365 1826 ,
1394 1782 1445 1816 ut
1463 1776 1528 1815 dei
1542 1789 1735 1829 praesen-

999 1835 1059 1874 tia
1084 1836 1204 1875 mella
1228 1835 1378 1888 passim
1412 1834 1639 1874 defluerent
1666 1848 1735 1874 ar-

999 1893 1149 1932 borum
1176 1893 1347 1933 truncis.
1364 1906 1405 1932 v.
1431 1892 1570 1945 Eurip.
1588 1892 1734 1933 Bacch.

1004 1951 1086 1994 142
1114 1966 1171 2004 sq.
1219 1954 1317 1994 703.
1359 1953 1457 1993 710.
1516 1950 1661 1992 Horat.
1702 1951 1735 1991 [Ι

1002 2010 1132 2049 Carm.
1155 2012 1222 2059 19,
1244 2011 1309 2051 11.

1059 2070 1260 2110 31—36.
1289 2069 1436 2106 Pauca
1461 2074 1608 2105 tamen.
1647 2066 1733 2106 He-

999 2139 1120 2166 roum
1145 2125 1222 2164 erit
1257 2124 1357 2165 haec
1388 2130 1518 2174 aetas,
1547 2124 1732 2164 nondum

998 2185 1068 2224 illa
1084 2183 1294 2224 Saturnia:
1322 2182 1375 2221 ad
1393 2196 1514 2236 quam
1529 2196 1603 2236 per
1612 2182 1732 2225 istam

999 2250 1185 2282 exactam
1227 2255 1367 2281 rerum
1415 2241 1523 2281 orbis
1568 2240 1731 2281 redibit.

998 2302 1175 2340 Euan-at
1193 2300 1292 2339 adeo
1309 2305 1430 2352 poeta
1445 2299 1526 2348 illa,
1557 2312 1659 2351 quae
1680 2299 1732 2338 ab

996 2359 1160 2399 heroica
1184 2360 1271 2398 vita
1297 2372 1381 2397 non
1405 2357 1579 2398 abfuere.
1607 2359 1731 2397 vesti-

995 2421 1072 2471 gia
1085 2416 1278 2470 fraudis,
1316 2415 1496 2465 sceleris,
1532 2414 1732 2470 προτέρας

998 2474 1120 2530 ἄτης,
1150 2481 1199 2515 ut
1231 2488 1271 2515 v.
1292 2476 1345 2516 13
1372 2474 1528 2512 sceleris
1556 2475 1730 2526 vestigia

997 2536 1141 2585 nostri,
1169 2533 1212 2573 h.
1229 2532 1336 2572 mala
1362 2538 1403 2572 et
1424 2531 1526 2572 vitia
1546 2532 1730 2572 nonnul-

996 2592 1057 2642 la,
1089 2606 1141 2631 ex
1168 2590 1386 2630 serioribus
1412 2588 1611 2629 aetatibus
1636 2589 1730 2629 ino-

996 2651 1089 2701 lita,
1150 2663 1253 2702 quae
1302 2662 1396 2688 cum
1441 2647 1730 2688 Saturniorum

997 2715 1229 2761 temporum
1251 2706 1506 2759 simplicitate
1539 2711 1581 2745 et
1605 2705 1728 2746 inno—

997 2767 1130 2806 centia
1156 2780 1241 2805 non
1259 2765 1355 2804 satis
1381 2764 1651 2815 conveniunt3
1679 2769 1730 2803 ut

995 2825 1219 2878 navigatio,
1249 2823 1414 2864 urbium
1428 2822 1616 2872 munitio,
1635 2835 1728 2861 ara-

995 2883 1080 2934 tio3
1125 2895 1228 2936 quae
1275 2881 1410 2920 omnia
1445 2894 1539 2921 cum
1587 2879 1729 2919 adulta

994 2940 1111 2992 pueri
1155 2945 1287 2980 aetate
1329 2937 1543 2979 cessabunt
1582 2950 1623 2989 v.
1659 2940 1728 2980 37.

996 2997 1096 3038 Cum
1125 2998 1168 3038 in
1201 3004 1296 3038 vate
1323 3010 1532 3038 versemur
1548 3026 1559 3046 ,
1598 2993 1728 3036 inter-
