1768 3320
336 222 746 279 BueoLroA
780 228 945 278 ECL.
983 229 1069 290 IX,
1109 231 1333 280 47—59

1505 238 1604 284 231

0 397 3 400 .
75 356 189 404 Iam
207 351 343 419 fugit
363 353 499 420 ipsa:
537 352 651 419 lupi
669 353 905 403 Moerim
923 352 1107 402 videre
1129 353 1354 419 priores,

15 454 20 459 ·
77 423 186 474 Sed
205 431 389 473 tamen
412 424 508 473 ista
531 424 653 472 satis
673 420 874 473 referet
895 422 992 472 tibi
1013 438 1174 489 saepe
1195 423 1478 474 Menalcas.
1539 429 1607 478 55

72 509 118 546 1..
153 489 461 545 Caussando
482 503 698 543 nostros
718 494 774 543 in
793 492 1019 558 longum
1043 491 1193 542 ducis
1217 510 1444 545 amores,

71 560 140 613 Et
162 579 308 614 nunc
329 580 499 623 omne
523 564 621 614 tibi
652 573 876 614 stratum
897 563 1016 613 silet
1043 580 1279 630 aequor3
1320 573 1374 614 et
1398 580 1605 627 omnes,

71 632 325 700 Adspice,
362 635 572 684 ventosi
594 634 906 685 ceciderunt
925 634 1219 684 murmuris
1240 651 1413 687 aurae.

70 704 208 754 Hinc
229 703 366 754 adeo
388 704 569 755 media
599 714 679 756 est
701 705 859 755 nobis
886 705 992 766 via3
1030 721 1269 772 namque
1296 705 1603 772 sepulcrum

141 799 223 849 54.
257 800 482 849 Momm

117 913 189 960 (54.
212 916 342 950 Medic.
372 918 558 958 Moerem,
591 916 655 950 sed
682 929 702 950 e
729 916 766 949 111
787 917 804 950 ι’
822 922 984 950 mutatur.
1027 916 1125 961 Wr.)

598 964 646 999 58
671 964 819 997 ventosi
836 963 1048 996 ceczderunt
1076 976 1273 997 marmons
1291 965 1373 997 irae
1395 962 1603 996 emendabat

68 963 115 999 57
140 971 178 996 et
201 965 318 997 omnis
336 964 503 997 Rottend.

1230 917 1279 952 55
1312 914 1436 962 resero
1467 914 1601 948 Zulich.

69 1009 214 1044 Triller.
240 1010 277 1043 in
293 1010 442 1044 Miscell.
464 1010 565 1055 Lips.
585 1012 677 1044 Nov.
696 1012 764 1045 To.
785 1011 863 1051 VH,
891 1011 929 1043 P.
950 1011 991 1043 11.
1041 1011 1127 1043 Eum
1148 1010 1282 1044 refellit
1303 1010 1534 1055 Oudendorp.
1557 1009 1602 1042 ad

67 1059 213 1091 Sueton.
242 1069 278 1103 p.
300 1058 402 1094 1023.

68 1103 176 1147 alt'er5
199 1116 266 1139 nec
285 1104 387 1139 male.

68 1209 143 1257 dit.
211 1210 446 1251 Praeiverat
485 1210 719 1251 callimach.
758 1211 803 1250 in

66 1268 265 1340 Epigram.
284 1271 325 1320 2,
356 1273 383 1312 3
413 1267 634 1324 ἐμνήσθην
661 1267 706 1311 δ’
736 1268 802 1310 ὄσ-

67 1324 185 1375 cointe
202 1343 436 1396 αμφοτεροι
446 1325 597 1370 ““Ήλιον
619 1327 663 1370 ἐν
682 1326 801 1385 λέσχῃ

65 1380 356 1439 κατεδυσαμεν.
418 1387 484 1425 510
519 1393 579 1426 et:
627 1394 797 1435 noctem,

65 1443 283 1494 lucernam,
291 1444 525 1496 producere.
543 1443 645 1499 (vid.
653 1445 798 1485 waar-

65 1500 277 1566 deUnburgii
306 1503 513 1555 Opuscula
553 1509 654 1542 orat.
690 1509 799 1556 poet.

65 1559 156 1598 crit.
187 1574 276 1612 pag.
296 1563 394 1603 232.
439 1559 551 1616 Vlfr.)
613 1561 680 1604 54.
711 1562 802 1612 lupi

66 1619 230 1656 Moerin
258 1619 584 1671 1¹i<lerepnores;
615 1619 659 1658 in
676 1633 798 1672 prosa

64 1675 297 1715 extulisses:
337 1677 504 1716 Obtieui
538 1675 690 1731 (subito
724 1677 799 1716 de-

63 1733 259 1773 stituente
291 1748 355 1773 me
396 1734 637 1790 memoria),
683 1736 799 1787 quasi

60 1791 183 1857 lupus
217 1805 282 1831 me
314 1793 471 1846 primus
503 1794 695 1844 vidisset,
747 1807 799 1832 ex

62 1850 253 1903 opinione
293 1865 341 1890 ac
375 1852 596 1905 proverbio
626 1824 797 1904 vulgari,

62 1908 127 1947 cui
139 1909 246 1948 ratio
269 1923 292 1947 a
312 1917 444 1949 metus
460 1911 583 1950 subiti
604 1917 799 1949 contactu

61 1967 220 2005 subesse
244 1969 394 2020 potuit.
451 1969 589 2008 Habet
608 1975 650 2008 et
677 1968 757 2008 hoc
775 1983 798 2006 a

62 2023 233 2065 Theocr.
254 2026 361 2077 XIV,
378 2029 448 2069 22.

118 2083 187 2126 56.
220 2084 456 2123 Caussando
474 2100 516 2123 n.
530 2100 546 2132 ;
578 2098 737 2123 caussas
758 2091 799 2123 et

61 2142 342 2182 excusationes
405 2143 608 2181 afferendo
663 2142 798 2181 differs

60 2212 196 2238 meum
218 2200 485 2251 desiderium,
526 2207 736 2239 canentem
755 2207 797 2239 te

61 2257 272 2297 audiendi:
300 2260 461 2298 Lucret.
491 2259 533 2309 Ι,
561 2261 646 2301 399
678 2259 798 2310 Qua-

54 2324 224 2366 propter
243 2346 255 2366 ,
321 2318 511 2370 quamvis
566 2317 796 2355 ‹sauss-ando

62 2374 194 2412 mulla
231 2378 414 2426 moreris,
465 2377 566 2413 Esse
606 2377 651 2413 in
682 2375 797 2413 rebus

60 2433 192 2471 Inane
214 2463 226 2482 ‚
278 2441 414 2472 tamen
434 2433 603 2486 fateare
638 2447 795 2471 necesse

59 2498 130 2527 est.
193 2491 261 2534 57.
292 2506 461 2544 aequor,
489 2492 563 2531 int.
580 2491 727 2541 lacum,
750 2491 795 2530 in

60 2560 179 2599 quem
212 2563 298 2587 non
333 2550 451 2602 longe
494 2564 518 2587 a
555 2549 725 2588 Mantua
753 2549 794 2588 fl.

58 2605 231 2645 Mincius
269 2607 523 2647 diffunditur.
592 2609 723 2646 stem
754 2614 796 2646 et

62 2668 318 2717 στορεῖσθαι,
353 2670 714 2718 καταστορεῖσθαι,
744 2665 795 2704 (18

60 2722 357 2772 tranquillitate
374 2725 496 2763 maris
520 2724 718 2773 sollenne,
745 2730 796 2762 ut

61 2777 230 2818 Theocr.
250 2781 340 2831 VH,
369 2783 446 2832 57,
476 2788 524 2820 ut
551 2788 592 2820 et
610 2783 723 2820 silere
743 2781 793 2820 de

59 2836 195 2874 ventis
228 2812 503 2889 cessantibus,
543 2846 591 2879 ut
622 2839 792 2878 Theocr.

60 2893 117 2943 II,
152 2895 208 2935 38
263 2891 405 2938 Ἠνίδε
446 2900 540 2968 σιγᾷ
576 2895 651 2950 μὲν
687 2894 793 2938 πόν-

60 2967 152 3000 τος,
183 2955 347 3005 σιγῶντι
385 2950 429 2995 δ’
459 2953 595 3006 οἷῆται.
650 2952 791 3008 (Soph.

60 3008 182 3047 Aiace
199 3023 258 3048 vs.
284 3011 380 3054 659.
405 3012 469 3050 ed.
493 3013 653 3051 Herm
684 3014 791 3062 „da-

496 1059 543 1095 59
577 1066 633 1091 est
658 1064 744 1103 post
771 1058 892 1091 medta
918 1058 1020 1091 deest
1048 1057 1086 1090 in
1107 1057 1244 1093 Zulich.
1286 1059 1434 1104 iamque
1459 1058 1600 1101 Menag.

861 1212 950 1251 νῶν
979 1206 1021 1252 δ’
1058 1209 1173 1266 ἆημα
1207 1208 1457 1265 πνευμάτων
1494 1211 1600 1253 {nol-

862 1282 953 1321 μισε
973 1269 1166 1312 στένοντα
1183 1266 1382 1312 πόντον.“
1423 1269 1495 1308 ubi
1514 1269 1598 1309 vid.

859 1327 1040 1381 Interpp.
1072 1335 1114 1367 et
1136 1342 1259 1381 supra
1286 1328 1339 1367 ad
1358 1328 1441 1367 Ecl.
1462 1328 1511 1378 H,
1529 1331 1597 1371 26.

860 1384 977 1423 Adde
995 1386 1094 1426 Aen.
1112 1387 1179 1437 III,
1206 1390 1292 1429 69.:
1332 1387 1598 1439 „placataque

858 1444 973 1482 venti
1002 1446 1111 1484 Dant
1135 1445 1313 1485 mariaf‘
1347 1442 1466 1499 lVr.)
1528 1445 1596 1487 58.

859 1505 1014 1541 ventosi
1033 1504 1259 1542 ceciderunt
1284 1505 1501 1541 murmuris
1515 1517 1596 1540 αιι-

858 1560 988 1599 mein
1017 1562 1151 1600 soluta
1173 1562 1375 1600 oratione:
1408 1574 1597 1599 murmur

858 1632 981 1657 aurae
1009 1619 1154 1659 cecidit
1171 1650 1182 1669 ,
1223 1626 1264 1658 et
1303 1618 1385 1658 hoe
1409 1633 1486 1672 pro
1509 1619 1597 1671 ipsa

858 1690 978 1716 aura:
999 1692 1112 1728 aura,
1143 1684 1292 1717 ventus
1314 1677 1471 1716 cecidit.
1506 1676 1594 1715 Sci-

855 1734 973 1786 licet,
1004 1735 1117 1788 quod
1138 1735 1405 1788 Oudendorp.
1428 1735 1481 1773 ad
1492 1736 1595 1775 Sue-

854 1799 942 1832 1011.
970 1808 1010 1847 Ρ.
1045 1797 1155 1837 1023
1193 1794 1437 1843 illustravit,
1489 1808 1595 1832 aura

856 1854 1073 1890 murmuris
1102 1852 1261 1892 dictum
1293 1859 1355 1892 est
1384 1865 1460 1905 pro
1494 1865 1595 1890 aura

856 1924 1139 1961 murmurans,
1180 1911 1351 1950 sollenni
1380 1915 1594 1963 poetarum

857 1969 1108 2008 Graecorum
1127 1975 1169 2008 et
1186 1970 1465 2009 Romanorum
1477 1998 1488 2018 ,
1527 1974 1592 2006 at-

856 2040 936 2078 que
968 2028 1088 2066 etiam
1117 2027 1318 2078 Orientis,
1349 2040 1484 2076 more,
1516 2025 1592 2064 ad-

856 2085 1052 2124 iectivum
1070 2085 1138 2125 vel
1157 2086 1418 2139 participium
1434 2085 1478 2123 in
1492 2085 1591 2123 sub-

857 2144 1083 2182 stantivum
1099 2144 1308 2183 mutandi:
1330 2144 1440 2183 unde
1456 2142 1593 2181 exisfit

856 2216 962 2240 aura
980 2204 1209 2240 mammis.
1244 2200 1347 2256 (vid.
1359 2202 1409 2241 de
1425 2200 1590 2240 1100811-

855 2260 1005 2311 quisito
1044 2259 1211 2311 genitivi
1260 2274 1338 2300 usu
1377 2259 1588 2300 Wunderl.

852 2324 940 2356 not.
964 2317 1017 2356 ad
1034 2318 1117 2356 Ecl.
1147 2318 1214 2368 IV,
1244 2318 1313 2361 24.
1346 2320 1417 2358 W
1410 2316 1459 2372 r.)
1517 2317 1590 2356 Di-

828 2389 970 2415 ·versa
1003 2382 1066 2416 est
1108 2376 1215 2415 ratio
1232 2407 1243 2426 ‚
1293 2391 1373 2429 qua
1415 2375 1589 2414 aetheris

853 2448 973 2484 aura,
1014 2434 1179 2473 luminis
1204 2448 1327 2485 aura,
1367 2435 1482 2473 etsie
1511 2434 1588 2472 alia

854 2492 1063 2542 dicuntur,
1095 2492 1145 2530 de
1167 2506 1248 2544 quo
1267 2493 1352 2532 vid.
1370 2492 1424 2531 ad
1443 2493 1586 2544 Georg.

852 2551 910 2599 Π,
945 2550 1014 2592 47.
1079 2550 1301 2603 Epitheton
1338 2551 1501 2604 proprie
1534 2549 1587 2588 ad

854 2622 996 2647 auram
1019 2609 1243 2661 spectabat:
1271 2618 1436 2647 ventosa
1461 2622 1581 2656 aura,

853 2672 901 2705 ut
929 2666 1049 2706 Ovid.
1078 2666 1223 2707 Medic.
1252 2668 1329 2706 fac.
1355 2668 1411 2709 57
1463 2668 1584 2703 Haec

853 2724 923 2762 abi
950 2733 1136 2763 ventosas
1149 2725 1310 2778 suerint
1335 2727 1488 2762 siceala
1507 2737 1587 2773 per

852 2797 991 2820 auras.
1065 2782 1172 2821 Ante
1225 2783 1364 2822 0011103
1407 2780 1584 2819 habebat

850 2840 965 2879 Maro
976 2840 1182 2879 Theocriti
1194 2841 1476 2879 suavissimum
1486 2850 1582 2876 ver-

850 2912 959 2937 sum:
989 2896 1038 2939 τὰ
1058 2898 1102 2940 δέ
1114 2915 1179 2940 νιν
1190 2896 1293 2939 καλοὶ
1311 2894 1470 2949 κύματα
1482 2894 1583 2945 φαί-

850 2971 913 2997 νει
927 2953 1087 3009 ’Ἀσυχα
1112 2953 1361 3008 καχλάζονῑῖα
1377 2953 1493 3005 Idyll.
1513 2951 1581 2999 VI,

855 3016 921 3055 11.
944 3016 1009 3055 12.
1030 3014 1134 3053 conf.
1158 3014 1209 3063 II,
1231 3015 1299 3055 38.
1332 3010 1406 3065 (—
1426 3011 1494 3053 59.
1524 3009 1581 3046 De
