1768 3320
171 224 275 273 314

499 223 555 272 P.
601 223 953 273 VIRGILII
1000 223 1371 275 MARONIS

169 349 314 411 HeU,
350 362 607 413 magnum
631 348 843 399 alterius
865 348 1061 399 frustra
1083 350 1345 417 spectabis
1376 367 1653 416 acervum;

171 419 549 485 Concussaque
572 418 776 469 famem
796 420 851 469 in
870 419 1010 470 silvis
1031 420 1276 470 solabere
1297 438 1513 488 quercu.

237 487 544 539 Dicendum
565 497 633 552 et,
656 506 792 556 quae
813 490 917 539 sint
935 490 1080 540 duris
1102 490 1397 555 agrestibus
1413 506 1574 558 arma,
1589 499 1687 546 160

169 558 299 620 Quis
320 558 434 608 sine
454 575 555 608 nec
577 568 808 625 potuere
830 561 931 610 seri
950 577 1052 610 nec
1072 576 1290 625 surgere
1311 578 1539 615 messes:

166 629 354 680 Vomis
376 637 429 678 et
447 626 624 678 inflexi
642 630 880 695 primum
900 646 1058 695 grave
1076 630 1248 680 robur
1268 633 1439 696 aratri,

167 697 452 768 Tardaque
471 697 752 750 Eleusinae
772 700 954 750 matris
978 699 1249 750 volventia
1269 700 1516 768 plaustra,

240 794 353 846 161.
392 808 509 844 sERI
524 835 537 860 ,
611 808 850 844 SURGERE
863 833 877 859 ,

990 798 1101 846 162.
1139 796 1335 860 V0M1S‚

212 933 281 970 158
304 934 390 967 Heu
405 931 560 981 frustra
578 946 752 981 magnum
767 934 926 969 alterius
945 935 1067 970 laudat
1083 938 1166 970 Sen.
1189 934 1234 968 de
1252 934 1375 970 Benef.
1395 936 1472 979 vn,
1493 936 1528 972 5.
1555 948 1620 971 exs
1645 949 1687 969 e-

162 979 279 1015 ctabis
303 979 432 1014 Medic.
449 981 559 1015 Pierii
590 988 626 1015 et
646 981 783 1015 Bodlei.
831 982 999 1028 sperabis
1025 995 1088 1017 ms.
1111 982 1228 1016 Musei
1248 981 1441 1017 Britannici
1467 995 1524 1029 ap.
1542 985 1594 1019 W
1641 983 1686 1017 ef.

161 1028 207 1062 ad
223 1029 364 1061 Lucret.
382 1029 426 1071 11,
442 1030 477 1065 2.
502 1029 598 1074 quod
616 1027 711 1062 idem
727 1029 870 1074 probat.

161 1074 231 1109 vid.
258 1074 320 1109 inf.
338 1075 402 1120 IV,
425 1076 482 1112 81.
530 1078 699 1110 Excussa
726 1088 814 1109 unus
842 1076 961 1112 Meact.

967 1031 1035 1068 159
1063 1033 1349 1076 Concessamqae
1367 1031 1423 1064 ed.
1444 1032 1532 1065 Gen.
1546 1056 1555 1073 ,
1581 1030 1686 1064 male.

1060 1079 1128 1114 160
1154 1077 1260 1111 duris
1287 1089 1382 1124 quae
1407 1079 1485 1112 sint
1506 1077 1580 1121 legi
1610 1077 1687 1111 vult

161 1122 388 1167 Cuningham.
436 1123 480 1157 Et
505 1130 585 1156 sunt
609 1122 669 1168 qui
694 1123 860 1169 iungant:
896 1125 1101 1158 Dicendum
1128 1132 1166 1157 et
1194 1137 1318 1167 arma,
1354 1137 1449 1171 quae
1478 1123 1687 1172 agrestibus

160 1178 261 1203 sunt..
358 1170 424 1206 161
452 1182 528 1203 non
581 1195 589 1202 .
611 1170 746 1204 Zulich.

159 1229 192 1251 v.
211 1215 268 1253 46.
321 1218 359 1251 V
356 1229 454 1250 omer
472 1218 544 1251 Got
573 1241 581 1250 .
599 1229 653 1262 pr.

842 1171 913 1207 162
941 1174 979 1207 V
977 1174 1066 1206 omis
1085 1171 1143 1205 vel
1169 1173 1207 1206 V
1204 1184 1302 1205 omer
1322 1172 1491 1205 Rottend.
1513 1171 1584 1206 vid.
1606 1182 1685 1217 sup.

738 1218 809 1258 163
835 1219 961 1253 Tarde
979 1232 1049 1266 que
1067 1220 1172 1254 Voss.
1215 1220 1406 1253 volventia
1423 1220 1556 1253 matri-s·
1567 1219 1685 1266 plau-

159 1272 241 1297 stra
259 1263 366 1298 Goth.
386 1276 456 1297 sec.
503 1264 678 1298 Eleusine
704 1264 785 1299 edd.
812 1272 899 1300 vett.
923 1271 960 1300 et
979 1266 1059 1301 Ald.
1084 1278 1140 1312 pr.
1186 1266 1391 1300 Eleu-sinus
1411 1266 1557 1301 novavit
1576 1272 1685 1311 poeta

158 1322 226 1356 pro
245 1310 379 1356 vulgari
393 1307 626 1352 Ἐλευσίνιος.

157 1436 234 1470 tae.
244 1430 328 1471 vid.
340 1431 479 1470 Burm.
513 1428 607 1474 157.
624 1430 801 1483 frondes
821 1445 893 1470 ar-

156 1489 294 1528 borum
322 1490 509 1529 umbram
539 1489 776 1528 facientium
805 1504 894 1529 am-

156 1547 361 1601 putandas
390 1560 472 1586 esse
502 1547 623 1586 dicit:
652 1547 776 1600 falce
793 1562 893 1600 pre-

157 1609 280 1645 mitur
296 1606 361 1656 id,
392 1606 505 1658 quod
519 1612 703 1657 secatur3
731 1606 795 1645 uti
814 1606 892 1645 alio

155 1664 279 1703 modo
308 1664 452 1716 stringi
478 1663 642 1702 dicitur.
692 1665 779 1703 Nisi
800 1678 894 1703 cum

155 1721 473 1762 Mitscherlichio
538 1721 719 1774 accipere
773 1722 888 1761 malis

151 1795 330 1832 premere
394 1779 557 1818 umbras
623 1780 889 1832 comprimere

154 1838 319 1877 frondes
339 1868 350 1888 ‚
391 1851 587 1877 coercere.
657 1838 810 1878 Verum
848 1844 889 1877 et

153 1896 298 1937 Horat.
327 1895 345 1935 I
375 1897 506 1935 carm.
537 1899 613 1946 31,
632 1898 659 1938 9
698 1905 889 1947 premant

157 1955 312 1993 Calena
337 1955 459 2006 falce
488 1956 611 1994 vitem
633 1970 646 1991 .·
686 1954 888 2007 premitur

154 2013 261 2052 enim
292 2012 387 2052 vitis
415 2013 516 2051 falce
550 2012 736 2062 admota,
791 2012 890 2051 dum

152 2071 394 2111 reciduntur
411 2070 589 2109 frondes.
619 2070 809 2123 Calpurn.
838 2071 886 2120 V,

156 2131 251 2171 110.
284 2131 363 2171 111
417 2129 536 2167 molle
572 2129 761 2166 salictam
785 2144 886 2180 pre—

153 2202 264 2226 mes:
297 2187 408 2239 quod
440 2201 500 2227 vs.
529 2188 584 2228 98
612 2193 719 2225 erat:
750 2188 884 2238 incipe

139 2245 261 2298 falce
299 2259 440 2283 nemas
476 2246 671 2297 vivasque
712 2245 885 2283 recidere

139 2304 326 2357 frondes.
339 2326 397 2333 —
414 2318 483 2341 rus
505 2317 681 2353 opacum
696 2302 738 2341 h.
759 2304 884 2342 arbo—

151 2362 265 2400 ribus
301 2361 479 2399 consitus
526 2374 617 2412 ager
635 2391 646 2411 ,
702 2360 884 2413 adeoque

151 2434 227 2473 pro
250 2419 475 2458 arboribus.
509 2421 689 2471 votisque
709 2434 884 2459 vocave-

150 2480 206 2517 ris
225 2477 388 2515 imbrem
402 2493 413 2514 :
446 2477 646 2526 suaviter,
687 2477 763 2515 nisi
776 2478 884 2516 votis

152 2535 402 2575 obtinueris:
448 2549 523 2588 pro
568 2535 726 2586 vulgari
749 2550 757 2573 ε
807 2535 885 2573 nisi

151 2593 415 2646 tempestivae
449 2593 610 2645 pluviae
647 2593 882 2644 obtigerint:

151 2651 374 2691 secundum
402 2664 462 2689 vs,
503 2653 597 2692 100.
671 2651 765 2693 158.
787 2651 881 2693 159.

150 2710 318 2750 Messem
351 2722 515 2761 parcam
554 2709 641 2746 fore
677 2708 882 2747 ominatur

150 2774 272 2822 poeta
299 2772 451 2806 ornate.
510 2766 573 2804 Ex
591 2763 878 2819 Hesiod.’'EQy.

151 2825 248 2869 394.
282 2824 365 2868 395
408 2820 464 2873 ὥς
493 2839 558 2865 τοι
585 2822 730 2864 ἕκαστα
753 2818 883 2875 ”ῼρι’

151 2881 350 2937 &fimetis
376 2879 432 2936 μή
459 2897 547 2930 πως
573 2878 623 2921 τοὶ
643 2878 790 2934 μεταξύ
810 2897 881 2934 χα-

150 2943 269 2992 τίζων
305 2936 506 2996 Πτῶσσῃς
545 2935 781 2992 ἀλλοτρίους
822 2938 879 2980 οἵ·

152 3016 252 3049 κους
268 2998 338 3041 καὶ
358 2995 486 3053 μηδὲν
508 2992 705 3053 ἀνύσσῃς.

1014 1434 1096 1474 160
1114 1454 1172 1462 -
1193 1435 1288 1475 166.
1329 1432 1387 1471 De
1415 1433 1684 1471 instrumentis

953 1490 1085 1543 operis
1110 1491 1253 1530 rustici
1279 1491 1378 1544 agit:
1413 1490 1592 1544 primum
1608 1504 1683 1529 νο-

952 1563 1038 1587 mer
1066 1563 1096 1587 s.
1120 1551 1268 1600 vomis,
1300 1555 1342 1588 et
1366 1556 1548 1587 aratrum
1563 1547 1683 1586 robii-

951 1614 1083 1655 samm
1114 1607 1232 1646 robur
1246 1609 1383 1658 aratri,
1413 1612 1463 1646 ut
1483 1603 1529 1648 ⁴1:0¹
1547 1604 1680 1660 μένος.

952 1663 1027 1718 Ap.
1047 1665 1209 1705 Lucret.
1232 1667 1262 1716 I,
1282 1668 1361 1708 881
1397 1665 1530 1717 fruges
1549 1664 1683 1703 robore

949 1737 1075 1775 quum
1110 1725 1204 1762 saxi
1232 1724 1504 1775 franguntur.
1548 1729 1590 1761 et
1621 1723 1657 1762 Il
1669 1754 1681 1774 ‚

948 1779 1034 1822 449
1065 1782 1122 1818 Et
1140 1782 1272 1821 validi
1287 1782 1419 1820 silices
1438 1789 1475 1819 et
1496 1781 1591 1820 duri
1611 1796 1681 1820 ro—

947 1837 1045 1876 hora
1066 1838 1188 1890 ferri.
1234 1836 1434 1893 (primum
1451 1869 1462 1889 ,
1501 1853 1588 1878 non
1615 1853 1680 1878 se—

947 1902 1098 1947 quente
1163 1897 1305 1935 deinde
1325 1927 1336 1947 ,
1408 1896 1491 1936 vid.
1541 1897 1591 1946 Q.
1630 1899 1679 1938 V.

947 1954 1134 2005 XXVIII,
1157 1958 1194 1996 1.
1233 1957 1304 1995 W
1297 1953 1346 2009 r.)
1377 1961 1468 1994 tum
1487 1956 1678 2006 plaustra

947 2011 1077 2051 bobus
1111 2013 1283 2064 iuncta3
1327 2013 1438 2053 unde
1476 2015 1679 2052 volventia

947 2084 1008 2120 se,
1040 2071 1182 2121 tarda,
1223 2085 1300 2124 pro
1330 2071 1515 2121 tardum,
1545 2072 1677 2123 tarde,

948 2125 1049 2182 (vid.
1062 2128 1111 2167 de
1128 2128 1209 2167 hoc
1228 2129 1423 2180 loquendi
1443 2143 1584 2181 genere
1598 2144 1677 2170 no-

944 2193 1032 2225 tata
1062 2188 1115 2226 ad
1141 2187 1239 2226 Aen.
1271 2188 1380 2238 VIII,
1420 2188 1516 2230 559.
1562 2186 1674 2242 Wr.)

945 2258 1046 2296 quae
1073 2245 1322 2296 volvuntur,
1371 2249 1507 2284 tracta
1540 2259 1564 2283 a
1596 2246 1676 2285 bu-

941 2302 1038 2353 bus,
1087 2309 1128 2342 et
1165 2309 1341 2356 aguntur
1379 2303 1494 2342 tarde
1514 2333 1525 2353 ,
1570 2305 1676 2343 forte

941 2361 1042 2400 rotis
1069 2362 1205 2414 parvis
1232 2362 1358 2413 iisque
1385 2361 1539 2411 solidis,
1590 2362 1674 2400 sine

941 2419 1084 2458 radiis:
1124 2426 1317 2472 tympana
1354 2420 1584 2473 appellant:
1625 2420 1673 2459 cf.

940 2477 1116 2516 Probus:
1149 2477 1376 2517 cuiusmodi
1396 2484 1511 2516 rotae
1530 2477 1672 2516 etiam-

941 2548 1040 2572 num
1066 2535 1212 2587 passim
1235 2536 1449 2585 visuntur,
1489 2535 1609 2573 etiam
1629 2535 1672 2574 in

939 2593 1194 2631 Lombardia.
1228 2593 1357 2630 Cereri
1376 2604 1500 2642 sacra,
1523 2593 1670 2646 quippe

941 2664 964 2687 a
984 2663 1063 2701 qua
1082 2651 1244 2689 omnino
1262 2650 1390 2702 operis
1409 2651 1550 2690 rustici
1564 2652 1669 2690 ratio

938 2708 1119 2759 prosecta
1153 2706 1382 2761 (nondvero
1401 2738 1411 2758 ,
1453 2709 1564 2760 quod
1597 2723 1669 2748 eo-

938 2779 1032 2804 rum
1065 2779 1161 2804 usus
1185 2766 1226 2804 in
1260 2780 1421 2818 pompa
1455 2768 1668 2806 Eleusinia

937 2822 1175 2875 praecipuus
1212 2823 1334 2861 fuerit
1350 2854 1360 2874 ,
1398 2829 1445 2862 ut
1470 2824 1579 2863 inter
1601 2825 1667 2863 in—

938 2886 1165 2919 strumenta
1215 2881 1360 2933 Orgica
1405 2888 1567 2932 essent3
1624 2882 1667 2921 in

937 2952 1085 2991 pompa
1115 2938 1220 2977 enim
1247 2939 1451 2978 Eleusinia
1481 2940 1598 2978 ceres
1624 2940 1667 2978 in

938 2995 1112 3046 themis,
1144 2992 1211 3038 ἐπ’
1240 2993 1460 3051 ὀχήματος,
1498 2997 1665 3050 quadri-
