1768 3320
358 226 770 295 Buconica
806 227 970 277 ECL.
1007 228 1047 290 1,
1084 231 1305 280 47-50

1523 239 1588 286 67

66 354 397 420 Limoso‘que
412 351 563 419 palus
580 353 815 404 obducat
830 369 1021 419 pascua
1038 353 1214 403 iunco,

66 426 191 475 Non
206 423 411 473 insueta
426 423 596 488 gravis
610 422 896 476 tentabunt
911 422 1104 490 pabula
1119 420 1278 482 fetas;

109 540 161 587 49
183 541 266 578 obd.
284 543 408 578 omnia
427 554 492 576 ms.
509 542 640 578 Kffler.
656 555 675 577 e
694 555 772 589 sup.
790 554 905 578 versu.

1521 430 1588 479 50

998 543 1048 579 50
1064 554 1211 590 pascua
1228 541 1392 576 nonnulli
1413 555 1457 576 ex
1478 551 1591 579 antec.

65 589 136 623 Pisi>
173 598 267 633 etas,
287 596 350 624 aut
366 595 407 623 ut
425 590 531 636 vulgo
551 590 642 625 male
661 591 827 625 scribitur
841 591 911 637 (est
930 590 1024 624 enim
1043 602 1065 624 a
1083 589 1158 634 feo)
1168 588 1312 637 foetas,
1335 590 1496 624 nonnulli
1517 603 1593 626 cum

67 636 123 670 Go
195 649 267 671 sec.
277 635 430 684 foetus,
452 643 493 671 ut
507 637 580 671 sint
596 638 690 684 agni.

67 730 122 771 ad
134 731 266 786 ripam
276 731 419 773 Mincii
433 732 561 783 fluvii,
580 733 649 785 qui
665 747 799 773 exun-

66 789 232 829 dans-et
252 796 442 843 stagnans
459 791 657 843 quaedam
678 791 799 845 palu-

67 847 168 888 dosa
199 848 363 888 fecerat.
420 848 502 888 sed
529 856 798 889 attenuantur

67 918 164 959 opes
201 906 415 947 artificiose
450 920 525 960 per
556 908 797 948 vicinum

65 963 319 1016 Meliboeam,
343 963 385 1020 1)
396 970 447 1004 ut
465 964 572 1005 adsit
584 966 696 1017 fides,
721 965 796 1005 ab-

66 1022 120 1062 sit
131 1022 308 1074 invidia5
326 1021 374 1078 2)
390 1029 439 1062 ut
454 1023 640 1076 Virgilius
655 1024 795 1077 paucis

66 1086 284 1120 contentus
300 1080 512 1132 videatur3
542 1080 586 1137 3)
611 1089 661 1122 ut
677 1082 797 1121 militi

63 1152 150 1179 non
177 1139 290 1192 larga
314 1139 531 1193 possessio,
571 1140 645 1179 sed
661 1140 796 1179 tenuis

65 1202 110 1236 et
134 1209 270 1237 macer
306 1197 455 1250 agellus
485 1204 647 1251 ereptus
677 1198 797 1238 vide-

65 1260 173 1294 atur.
202 1252 292 1310 ἦν.)
350 1255 419 1298 50.
446 1258 590 1307 gravis
604 1278 665 1287 -—
678 1255 798 1308 setas

65 1311 190 1363 dixit,
229 1319 279 1352 ut
292 1312 412 1366 setas
428 1314 626 1367 intelligas
645 1315 796 1364 enixas,

63 1376 190 1424 partu
205 1370 416 1421 liberatas,
464 1378 514 1410 ut
529 1385 663 1425 saepe:
702 1372 798 1411 vide

63 1428 132 1468 vel
147 1429 286 1468 Burm.
303 1429 357 1468 ad
378 1431 580 1470 Sammon.
600 1443 634 1468 c.
659 1433 726 1472 13.
748 1430 797 1469 cs.

65 1486 228 1526 Gesner.
263 1486 382 1527 Thes.
417 1486 459 1527 h.
490 1501 530 1527 v.
588 1488 647 1527 Eo
677 1501 799 1527 sensu

51 1544 151 1596 fita
176 1545 320 1597 vulpes
351 1559 415 1598 ap.
440 1545 586 1584 Horat.
613 1545 686 1595 ΠΙ,
730 1549 797 1596 17,

63 1602 115 1652 4,
172 1608 223 1641 ut
261 1609 373 1642 recte
400 1603 605 1642 Bentleius
640 1603 797 1656 accipit.

68 1661 219 1699 Gravis
236 1659 279 1700 h.
299 1674 437 1713 aegras
461 1674 482 1699 e
497 1667 633 1714 partu.
665 1659 797 1715 (Gra-

63 1719 127 1757 vis
140 1730 236 1756 sane
252 1718 461 1758 interdum
477 1733 553 1772 pro
571 1719 771 1771 gravidus
777 1734 794 1767 ;

63 1774 164 1815 Aen.
184 1775 250 1836 Vl,
271 1777 390 1820 516.:
427 1777 586 1827 „fatalis
602 1790 797 1829 equus-—

64 1835 266 1873 annatffm
280 1834 458 1887 peditem
478 1850 534 1888 gr
545 1835 659 1874 avis
682 1841 797 1873 attu-

64 1891 114 1931 lit
151 1891 283 1936 alvo.“
339 1892 378 1943 I,
395 1892 533 1936 ‹274.:
578 1892 796 1943 „sacerdos

63 1949 196 1989 Marte
221 1950 454 2002 gravis.“
483 1950 564 1991 Sed
580 1950 621 1990 h.
643 1951 671 1990 1.
691 1965 797 2003 gm-

62 2021 133 2047 ves
157 2007 184 2047 i.
204 2021 243 2059 q.
269 2008 505 2060 languidas,
534 2022 682 2061 aegras
689 2024 706 2057 ;
747 2015 798 2047 ut

64 2079 128 2119 ap.
149 2065 295 2111 Horat.
318 2067 389 2119 Ep.
406 2069 455 2117 2,
486 2067 573 2110 57.;
614 2066 798 2119 „gravi

62 2123 220 2163 malvae
251 2124 430 2164 salubres
455 2124 627 2178 corpori.
638 2127 663 2147 “
715 2125 795 2162 Cic.

65 2181 121 2221 ad
141 2183 233 2221 Sen.
263 2189 358 2235 post
375 2182 462 2222 red.
485 2186 546 2225 6.:
576 2195 797 2234 „graves

0 2269 4 2274 -
65 2239 174 2279 oculi
193 2251 353 2290 eorum,
384 2240 454 2292 qui
471 2240 655 2279 nondum
674 2240 798 2279 edor-

63 2298 216 2337 mivere
243 2298 461 2351 crapulam.
476 2300 501 2320 “
562 2300 687 2337 Fetae
721 2311 797 2337 au—

63 2362 149 2395 tem
183 2355 316 2409 prima
366 2355 653 2408 significatione
700 2361 798 2395 sunt

61 2414 263 2466 gravidae
271 2429 289 2462 ;
309 2414 422 2466 quod
438 2427 582 2454 verum
599 2427 694 2464 esse,
720 2409 797 2452 do-

65 2477 160 2510 cent
176 2472 405 2524 frequentes
420 2471 697 2525 metaphorae:
716 2472 797 2511 Cic.

67 2529 119 2568 de
139 2529 231 2569 Nat.
250 2530 296 2569 D.
315 2530 371 2580 11,
403 2533 490 2573 62:
527 2537 674 2580 „terra
687 2531 797 2569 feta

65 2587 257 2640 frugibus.
267 2590 292 2610 “
319 2588 440 2628 ovid.
459 2588 532 2641 Ep.
552 2602 605 2627 ex
622 2588 666 2627 P.
686 2588 725 2638 I,
754 2590 796 2638 7,

70 2647 156 2687 13.:
184 2646 318 2698 „regio
333 2659 410 2685 nec
420 2660 541 2699 pomo
565 2647 587 2685 f
591 2660 612 2684 e
625 2652 693 2697 ta,
721 2658 797 2685 nec

66 2702 197 2745 uvi‘sff
224 2703 332 2756 Virg.
348 2702 449 2744 Aen.
466 2705 513 2753 fl,
531 2706 651 2746 238.:
681 2718 797 2754 „ma—

69 2758 189 2799 china
208 2761 318 2800 feta
346 2762 513 2801 armis.“
561 2762 627 2801 Sic
655 2763 797 2802 suro·-

67 2830 141 2866 re,
169 2817 275 2868 ira,
302 2819 453 2859 bello
482 2820 576 2870 seta,
605 2820 631 2859 i.
656 2833 689 2860 e.
708 2820 797 2874 ple-

67 2888 135 2913 na.
191 2875 278 2914 Iam
298 2876 443 2916 latiore
463 2890 582 2917 sensu
596 2877 716 2930 fetae
733 2878 798 2916 di-

69 2939 221 2972 cuntur
251 2934 373 2973 etiam
390 2935 551 2985 enixae,
588 2942 713 2988 partu
736 2936 798 2974 le·-

69 2996 210 3041 vatae,
238 2997 289 3030 ut
305 2992 327 3030 s
330 3005 351 3030 e
362 2998 448 3032 tur
459 3006 481 3030 a
500 2993 679 3032 oondjfio
706 3000 801 3033 ante

859 738 902 772 et
925 738 1020 785 post
1035 738 1220 786 partum:
1257 731 1376 771 Varr.
1397 731 1447 770 R„
1467 731 1517 771 R.
1543 732 1591 783 Π,

860 794 898 833 1.
928 790 1083 830 Colum.
1115 790 1213 839 VII,
1256 792 1297 832 3.
1326 789 1404 828 Hic
1430 789 1594 841 quidem

855 848 1134 902 gravidae,
1174 848 1219 886 in
1246 853 1367 886 utero
1384 846 1591 897 habentes,

853 912 903 946 ut
920 906 1003 946 Ecl.
1022 906 1089 956 ΠΙ,
1110 908 1201 948 83.;
1231 905 1448 955 „Dulce—
1466 904 1498 943 L
1510 918 1592 944 en-

853 970 906 1004 ta
935 964 1074 1003 salix
1101 964 1213 1003 feto
1243 963 1420 1016 pecori.“
1450 963 1593 1015 Sp.—

854 1022 935 1062 Sed
951 1036 1141 1075 compara
1158 1035 1252 1060 cum
1267 1020 1343 1071 his,
1365 1034 1468 1073 quae
1486 1034 1592 1074 pau-

852 1081 895 1120 lo
930 1086 1024 1134 post
1052 1080 1252 1119 allaturus
1291 1093 1392 1118 sum.
1464 1081 1537 1119 W
1530 1077 1589 1132 r.)

862 1140 1031 1178 Tentare
1060 1138 1110 1177 de
1126 1137 1277 1176 morbis
1300 1136 1476 1190 proprie.
1528 1137 1591 1176 Ita

853 1211 941 1236 non
955 1209 1115 1236 necesse
1130 1209 1223 1235 cum
1239 1195 1324 1234 aliis
1343 1194 1589 1246 distinguere

854 1260 949 1308 post
965 1254 1149 1307 pabula,
1190 1259 1233 1292 et
1248 1267 1415 1306 graves,
1454 1251 1592 1305 gravi-

855 1313 940 1362 das,
950 1313 1068 1365 setas
1088 1319 1236 1360 autem,
1267 1324 1369 1363 quae
1385 1323 1589 1363 peperere,

853 1371 1097 1423 intelligere,
1148 1375 1199 1408 ut
1222 1368 1352 1407 Cerda
1377 1369 1485 1407 fecit.
1523 1370 1590 1406 in-

854 1436 968 1467 sueta
997 1427 1165 1467 tandem
1196 1426 1358 1479 pabula
1391 1426 1458 1465 vel
1495 1425 1591 1477 quia

853 1487 1039 1539 ignarum
1056 1499 1179 1538 pecus
1204 1498 1289 1523 non
1307 1483 1430 1522 sentit
1447 1483 1590 1521 noxias

854 1543 1001 1583 herbas
1033 1557 1115 1582 esse
1145 1557 1245 1594 quas
1274 1542 1472 1594 depascit:
1522 1538 1589 1594 (cf.

854 1603 1040 1641 Becman.
1062 1601 1115 1640 ad
1124 1600 1316 1652 Antigoni
1336 1599 1430 1638 hist.
1446 1597 1588 1638 mirab.

855 1674 888 1700 c.
918 1663 976 1703 20
1009 1658 1132 1713 extr.)
1168 1658 1236 1697 vel
1264 1658 1450 1706 omnino,
1495 1656 1590 1707 quia

855 1718 1092 1771 corporibus
1112 1715 1282 1755 infirmis
1302 1728 1349 1753 ea
1376 1728 1460 1753 non
1478 1714 1589 1752 salu-

851 1776 942 1815 bria
959 1781 1079 1824 sunt,
1111 1774 1257 1826 quibus
1281 1787 1365 1812 non
1389 1773 1589 1811 adsueve-

852 1840 965 1874 runt.
1026 1831 1099 1887 (Ut
1117 1831 1218 1870 haec
1234 1837 1345 1870 recte
1359 1830 1589 1882 intelligan-

852 1899 944 1941 tur,
974 1889 1198 1930 tenendum
1219 1895 1298 1939 est,
1329 1902 1494 1928 suarum
1513 1900 1589 1940 pe-

854 1950 1006 1990 cudum
1035 1954 1224 2001 respectu
1253 1960 1300 1985 ea
1324 1947 1403 1985 dici
1430 1960 1454 1983 a
1471 1945 1586 1984 Meli-

852 2009 969 2048 boeo.
1027 2007 1111 2056 Qui
1146 2019 1273 2058 quum
1299 2005 1384 2057 ipse
1425 2017 1586 2056 capram

853 2066 978 2106 modo
1005 2065 1189 2114 enixam,
1236 2076 1395 2114 aegram
1416 2062 1540 2114 igitur
1566 2073 1588 2098 e

852 2130 991 2178 partu,
1011 2122 1194 2171 duceret,
1214 2121 1284 2159 cfr.
1302 2134 1381 2159 vss.
1405 2122 1470 2161 13.
1489 2132 1587 2170 sqq„

853 2181 1072 2221 accedebat
1101 2179 1145 2218 id
1170 2177 1436 2226 incommodi,
1468 2183 1518 2215 ut
1536 2189 1589 2217 ex

854 2241 931 2279 alio
948 2240 993 2278 in
1014 2239 1137 2278 alium
1155 2236 1290 2275 locum
1308 2235 1496 2288 depulsae
1517 2248 1588 2272 ca-

852 2298 980 2352 pellae
1007 2308 1161 2348 semper
1188 2299 1397 2333 mutarent
1417 2292 1587 2346 pabula,

854 2355 967 2408 quod
996 2353 1264 2407 perniciosum
1294 2365 1400 2401 esse,
1461 2351 1587 2403 aegris

853 2413 1050 2462 maxime,
1082 2411 1177 2449 satis
1205 2416 1376 2449 constat.
1434 2408 1527 2447 Non
1540 2421 1588 2446 ea

854 2473 974 2511 sortis
1002 2469 1192 2521 iniquitas
1222 2467 1431 2521 premebat
1456 2465 1587 2518 Tityri

853 2542 1022 2582 gregem.
1060 2527 1198 2578 Neque
1219 2526 1341 2564 etiam
1362 2524 1586 2565 verendum

854 2593 944 2627 erat
962 2586 1104 2638 Tityro
1116 2614 1128 2634 ,
1166 2596 1218 2622 ne
1236 2597 1334 2622 suus
1350 2596 1472 2635 grex,
1501 2594 1586 2620 non

854 2651 1018 2685 coactus
1031 2649 1149 2682 extra
1163 2647 1375 2680 consuetos
1394 2640 1493 2679 fines
1509 2653 1585 2678 va-

852 2704 956 2757 gari,
986 2715 1037 2740 ex
1053 2699 1202 2740 vicinia
1219 2699 1584 2738 contaminatorum

851 2774 1015 2815 gregum
1039 2757 1273 2798 detrimenti
1290 2756 1390 2808 quid
1413 2759 1583 2807 caperet.

852 2821 938 2860 Iam
967 2832 1047 2858 vss.
1068 2817 1138 2859 50.
1164 2829 1221 2867 sq.
1245 2814 1304 2853 ita
1324 2827 1416 2852 cum
1437 2826 1496 2851 vs.
1514 2811 1582 2853 52.

854 2877 1084 2924 cohaerent,
1113 2879 1163 2912 ut
1178 2872 1378 2926 particula
1392 2870 1583 2908 adversa-

854 2936 943 2975 tiva
987 2933 1060 2971 sed
1096 2931 1240 2970 omissa
1270 2930 1332 2968 sit.
1404 2927 1468 2965 Sic
1510 2924 1581 2962 de·-

855 3007 968 3032 mum
989 3003 1102 3030 suam
1128 2988 1213 3028 vim
1242 2985 1485 3025 nanciscitur
1506 2995 1582 3019 vo-

1220 3065 1299 3111 5*
