1734 3320
73 127 76 132 ¹
129 164 234 215 582
461 163 517 212 P.
553 160 914 212 VIRGILII
950 160 1335 211 MARole

127 293 240 342 Nec
263 304 522 356 responsa
548 296 730 355 potest
756 286 1029 336 consultus
1049 286 1285 337 reddere
1308 296 1480 351 vates;

127 363 203 412 Ac
225 360 310 409 vix
341 359 605 426 suppositi
628 359 947 423 tinguuntur
966 358 1223 423 sanguine
1251 358 1429 424 cultri,

130 433 467 497 Summaque
491 429 669 479 ieiuna
691 428 836 477 sanie
861 426 1157 478 infuscatur
1182 445 1354 480 arena.

126 501 265 551 Hinc
290 500 440 550 laetis
467 499 617 550 vituli
641 498 801 563 volgo
824 499 1136 549 moriuntur
1153 499 1207 548 in
1231 498 1440 563 herbis,

125 574 195 622 Et
214 570 383 622 dulcis
409 571 610 620 animas
632 568 792 637 plena
815 567 882 618 ad
906 570 1184 636 praesepia
1207 569 1460 621 reddunt.
1563 570 1667 621 495

125 643 265 692 Hinc
296 641 515 691 canibus
546 639 760 690 blandis
788 639 963 689 rabies
995 641 1167 703 venit,
1209 648 1261 690 et
1286 641 1456 707 quatit
1479 654 1667 705 aegros

130 713 311 763 Tussis
337 711 527 762 anhela
549 727 671 761 sues
699 726 758 759 ac
780 707 1023 760 faucibus
1049 711 1193 775 angit
1218 710 1409 762 obesis,
1467 747 1470 749 Α

125 783 348 833 Labitur
369 781 553 832 infelix
576 780 884 831 studiorum
907 789 1068 850 atque
1090 780 1597 846 inmemorherbae‚

199 880 313 928 498.
353 891 565 927 INFELIX
577 917 589 940 ‚

192 992 262 1029 491
291 1001 402 1040 potes
431 993 542 1027 Goth.
571 1005 626 1038 pr.
675 994 847 1028 consulto
878 992 970 1027 Gud.
1001 1005 1021 1026 a
1055 1005 1100 1026 m.
1135 1005 1190 1038 pr.
1307 993 1379 1028 492
1414 995 1491 1026 Aut
1514 991 1667 1038 quinque

125 1042 312 1074 Burmann.
336 1040 446 1074 Goth.
468 1046 619 1086 quatuor
636 1041 780 1075 Martini
801 1047 837 1074 et
857 1046 944 1075 vett.
969 1040 1050 1073 edd.
1099 1043 1152 1074 Ab
1175 1040 1249 1075 alii.
1343 1039 1415 1075 493
1432 1038 1553 1074 scabie
1569 1041 1667 1075 Vra-

125 1087 198 1122 tisl.
241 1087 424 1134 fuscatur
454 1089 594 1132 Menag.
622 1100 677 1133 pr.
704 1087 852 1122 Mentel.
884 1094 969 1122 tert.
1082 1086 1155 1123 494
1177 1086 1310 1122 vitulis
1336 1087 1428 1121 laeti
1454 1086 1565 1120 Goth.
1596 1098 1667 1120 sec.

123 1134 195 1170 496
223 1133 372 1169 blandis
389 1134 544 1171 canibus
561 1136 724 1170 Parrhas-
796 1135 866 1172 497
892 1143 930 1169 et
940 1133 1121 1181 faucibus
1141 1135 1251 1169 Goth.
1269 1146 1324 1180 pr.
1351 1134 1494 1180 (Medic.
1514 1135 1611 1168 tusis
1631 1140 1668 1167 et

125 1182 250 1222 atzela,
274 1189 459 1228 utrumque
482 1195 501 1216 a
521 1195 564 1217 m.
587 1195 641 1228 pr.
676 1183 858 1224 Anhelas,
879 1182 1069 1224 anhelare,
1098 1183 1301 1223 anhelitus,
1327 1181 1457 1227 ubique
1472 1181 1666 1216 Mediceus.

123 1231 202 1264 Nec
224 1229 349 1263 dubito
364 1256 374 1272 ,
409 1229 494 1276 quin
526 1231 686 1264 anhelus
708 1230 886 1276 antiquior
911 1229 1021 1263 fuerit
1051 1229 1154 1263 huius
1180 1241 1256 1264 voc.
1279 1229 1411 1272 forma,
1446 1229 1581 1263 anelus
1601 1240 1665 1262 re-

126 1276 264 1311 centior
284 1284 320 1310 et
345 1289 406 1320 ea,
432 1290 499 1323 qua
517 1278 624 1323 vulgo
645 1278 698 1311 usi
717 1277 788 1311 sint
807 1290 849 1311 eo
870 1284 1047 1321 tempore,
1072 1288 1142 1322 quo
1162 1277 1242 1311 cod.
1263 1276 1392 1311 Medic.
1414 1283 1574 1310 exaratus
1599 1282 1666 1310 est.

123 1324 227 1358 cuius
249 1325 304 1358 rei
321 1324 538 1359 luculentum
558 1332 625 1367 est,
649 1332 749 1371 puto,
772 1324 1017 1358 testimonium
1035 1326 1122 1358 Aen.
1142 1325 1195 1366 V,
1211 1325 1315 1365 739·;
1347 1323 1407 1358 ubi
1425 1336 1530 1369 quum
1547 1323 1668 1358 anelis

125 1378 329 1406 exaraturus
355 1380 430 1406 erat
455 1372 642 1414 librarius,
677 1371 787 1407 vertit
807 1372 868 1406 ille
888 1371 1026 1413 stilum,
1052 1371 1289 1426 scriptamque
1309 1371 1380 1405 iam
1396 1371 1538 1405 literam
1559 1384 1580 1404 e
1602 1382 1667 1404 ex-

123 1420 251 1464 punxit
271 1426 307 1453 et
333 1419 470 1466 reliqua
494 1432 571 1454 cum
600 1399 844 1474 adspiratione
872 1418 1015 1453 adiecit.
1064 1420 1203 1464 Nempe
1232 1419 1310 1463 ipsa
1329 1418 1454 1453 calami
1481 1417 1665 1452 festinatio

124 1466 233 1510 fecit,
259 1474 296 1501 ut
325 1479 432 1513 saepe
456 1467 595 1501 librarii
624 1479 683 1510 ea,
710 1480 800 1512 quae
830 1468 988 1512 ipsorum
1011 1473 1106 1500 aetas
1126 1472 1358 1511 sequeretur,
1389 1465 1584 1510 inferrent,
1607 1465 1667 1499 in—

123 1514 264 1547 terdum
294 1521 411 1548 autem
431 1527 496 1560 per
524 1515 643 1560 ipsos,
678 1526 765 1560 quos
791 1514 1108 1555 transscriberent‚
1135 1513 1356 1559 antiquiores
1378 1506 1519 1547 codice‘s
1539 1514 1667 1547 admo-

123 1561 192 1594 niti
221 1575 241 1595 a
267 1562 456 1596 temerario
486 1562 618 1607 impetu
646 1569 908 1596 revocarentur.
958 1560 1041 1595 Vid.
1072 1561 1176 1595 etiam
1207 1568 1334 1594 notata
1360 1561 1405 1594 ad
1424 1562 1488 1594 Ge.
1517 1562 1560 1604 11,
1583 1562 1665 1596 217.

123 1609 289 1642 Ceterum
314 1609 351 1642 in
375 1610 503 1643 eodem
521 1609 651 1643 Medic.
680 1610 769 1643 item
796 1622 816 1643 a
847 1622 892 1642 m.
918 1621 974 1653 pr.
996 1615 1113 1642 exstat
1133 1607 1290 1650 obessis,
1326 1608 1363 1641 in
1394 1610 1493 1642 Rom.
1515 1609 1666 1642 ovessis.

126 1657 223 1701 lVr.)
296 1656 367 1692 498
392 1656 517 1691 herbis
532 1657 668 1690 Zulich.
717 1658 771 1690 De
795 1655 1086 1702 interpunctione
1108 1656 1294 1690 v.Notam.
1331 1655 1525 1689 Pernititur
1545 1661 1667 1688 tamen

122 1703 159 1736 in
190 1703 376 1737 retinenda
408 1704 695 1748 interpunctione
729 1703 888 1738 Labitur
917 1701 1052 1750 infilix
1081 1703 1291 1737 studiorum
1317 1703 1462 1739 Wakef.
1513 1703 1665 1748 (Recte,

125 1757 230 1797 puto3
256 1751 328 1785 vid.
349 1752 434 1785 Not.
475 1751 571 1796 Wr.)

125 1845 222 1889 490.
254 1853 352 1886 sunt
371 1855 464 1885 exta
488 1855 603 1885 mula
619 1878 630 1897 ,
673 1861 767 1885 cum
787 1847 865 1885 ali-

123 1918 203 1957 qua
237 1919 332 1958 pars
364 1911 436 1944 aut
457 1905 613 1944 deesset
625 1936 636 1956 ,
676 1911 750 1944 aut
770 1919 865 1944 cor-

122 1970 251 2016 rupta
269 1970 387 2003 esset.

180 2021 278 2064 492.
322 2024 420 2064 493.
461 2021 539 2061 Vix
571 2020 732 2074 sanguis
771 2020 866 2060 fluit

123 2093 174 2119 ex
200 2081 382 2120 vulnere.
423 2081 625 2131 suppositi
665 2080 804 2129 cultri,
844 2093 866 2117 e

121 2153 237 2177 sacro
249 2139 333 2178 ritu
351 2139 490 2177 subter
510 2138 695 2190 iugulum
714 2137 861 2177 adacti.

122 2197 239 2236 Conf.
279 2196 378 2236 Aen.
417 2196 493 2246 VI,
532 2198 619 2239 248
658 2202 699 2235 et
746 2198 862 2236 Serv.

121 2255 219 2298 493.
251 2258 388 2294 ieiuna
407 2257 541 2305 sanie,
572 2255 687 2294 tenui
711 2268 758 2293 ac
774 2255 863 2294 exi-

121 2327 199 2366 guo
219 2313 392 2353 humore
411 2326 538 2364 eoque
559 2319 769 2366 corrupto.

181 2371 266 2413 494
284 2386 368 2424 sqq.
399 2372 571 2421 Locum,
603 2385 723 2423 quem
744 2377 866 2424 poeta

121 2430 272 2468 iterum
293 2430 488 2469 tractavit
506 2431 605 2468 Aen.
623 2430 688 2480 III,
710 2433 863 2472 137—

123 2487 221 2538 140,
242 2488 314 2526 ubi
335 2487 595 2541 Linquebant
612 2488 749 2527 dulces
765 2490 863 2527 ani-

121 2561 212 2584 mas
243 2554 318 2586 aut
355 2560 485 2598 aegra
514 2546 727 2585 trahebant
764 2547 864 2585 0ον-

113 2619 240 2658 pora,
275 2605 504 2658 μελίφρονα
521 2602 659 2657 θυμὸν
680 2601 863 2659 ἄπηῦρα,

121 2668 182 2701 est
206 2663 284 2702 iam
303 2663 347 2701 in
364 2662 528 2702 Hesiod.
546 2662 748 2702 Sc.-Herc.
763 2661 862 2704 428.

122 2721 320 2775 expressit
340 2721 491 2760 Statius
502 2721 556 2761 IV
570 2720 695 2760 Theb.
710 2721 794 2763 725
805 2734 862 2772 sq.

123 2778 259 2834 (laetis
279 2779 333 2818 ad
350 2779 509 2833 copiam
527 2780 653 2829 reser;
683 2793 778 2818 nam
796 2779 864 2817 in-

120 2839 226 2877 secta
251 2844 369 2878 erant
387 2838 549 2892 pabula,
567 2837 652 2878 vid.
670 2851 730 2877 vs.
749 2838 861 2888 481„

121 2902 163 2935 et
172 2896 425 2952 respondent
444 2911 505 2937 VS.
525 2910 583 2949 sq.
589 2897 720 2949 plena
733 2910 863 2948 prae-

121 2957 237 3007 sepia
248 2970 265 3003 ;
301 2955 350 2995 cf.
369 2955 463 2995 Not.
482 2955 535 2995 ad
552 2957 724 2997 vs320-
746 2955 818 2995 W
811 2952 861 3007 r.)

923 1846 1216 1884 Hinc—hinc
1233 1860 1337 1898 pro,
1371 1859 1510 1898 porro.
1561 1845 1666 1884 Pro-

924 1904 1032 1942 cedit
1064 1904 1171 1943 enim
1201 1904 1253 1942 ad
1283 1910 1434 1956 strages
1456 1910 1666 1943 armento-

922 1977 1016 2002 rum
1060 1970 1103 2001 et
1138 1962 1346 2015 pecudum
1380 1962 1425 2001 in
1464 1962 1665 2015 pecuariis

922 2021 1063 2060 factas.
1123 2019 1222 2063 497.
1264 2021 1321 2059 De
1352 2022 1513 2073 angina
1529 2021 1666 2073 loqui-

924 2086 1006 2129 tur,
1038 2079 1108 2117 Gr.
1130 2075 1260 2133 υάγχη
1282 2084 1353 2118 aut
1375 2075 1563 2135 βράγχος,
1595 2078 1666 2131 qui

921 2144 963 2176 et
980 2137 1149 2176 morbus
1168 2151 1287 2176 suum
1305 2137 1531 2189 peculiaris.
1562 2137 1666 2183 Lau.

923 2196 1024 2235 dant
1037 2194 1207 2234 Aristot.
1219 2195 1322 2234 Hist.
1334 2194 1467 2235 Anim.
1478 2195 1582 2246 VIII,
1595 2197 1664 2238 21.

908 2254 1064 2307 fauces
1083 2253 1222 2292 obesas
1230 2254 1396 2293 Servius
1410 2253 1587 2307 explicat
1598 2262 1665 2291 tu-

922 2321 1082 2351 mentes,
1108 2312 1252 2364 quidni
1275 2312 1441 2365 proprie
1461 2311 1665 2365 accipias?

982 2370 1081 2413 498.
1129 2371 1354 2409 studiorum
1408 2369 1475 2425 (h.
1520 2383 1666 2409 cursus

921 2429 1170 2482 simpliciter.
1228 2429 1419 2468 Heinsius
1462 2428 1665 2467 Circensia

919 2487 1100 2540 partium
1140 2487 1276 2526 studia
1310 2486 1395 2526 huc
1423 2484 1663 2541 revocabat)

921 2554 1043 2598 atque
1070 2548 1267 2583 inmemor
1291 2544 1436 2583 herbae
1463 2542 1589 2598 (conf.
1620 2558 1662 2584 v.

922 2603 1007 2646 520
1037 2609 1078 2642 et
1107 2617 1195 2656 sup.
1220 2605 1329 2665 2'163
1375 2603 1494 2641 nimis
1523 2608 1664 2656 argute

922 2661 987 2700 alii
1010 2662 1186 2713 palmam
1208 2674 1279 2700 seu
1297 2660 1514 2700 victoriam
1530 2661 1663 2714 expli-

922 2717 1056 2771 cant),
1086 2719 1146 2758 ita
1175 2719 1350 2758 malim
1339 2733 1527 2772 mngere3
1565 2733 1663 2758 nam

921 2778 1068 2829 infelix
1112 2777 1359 2828 studiorum,
1410 2777 1453 2817 h.
1492 2777 1662 2816 infelicis

921 2835 1068 2886 studii,
1100 2849 1185 2875 non
1212 2842 1272 2875 est
1295 2836 1434 2875 bacin
1452 2848 1498 2875 re
1519 2848 1659 2888 equus.

919 2894 956 2933 N
959 2908 1012 2932 on
1043 2894 1151 2933 enim
1177 2908 1290 2934 nunc
1315 2901 1388 2934 aut
1414 2908 1537 2933 cursu
1553 2894 1660 2934 inse-

918 2952 979 2991 lix
997 2958 1058 2991 est
1075 2959 1148 2993 aut
1165 2953 1395 3003 certamine,
1425 2952 1497 2991 sed
1515 2952 1660 2992 morbo
