1734 3320
258 186 751 242 GEoRGm‘ON
785 160 930 240 Lm.
951 189 1045 253 111,
1069 191 1365 246 522-534

1471 197 1574 250 58⁷

0 294 355 383 {frondibus
380 325 435 367 et
456 317 600 366 victu
621 323 915 382 pascuntur
935 315 1189 382 simplicis
1206 317 1435 385 herbae3

43 387 249 443 Pocula
271 395 398 438 sunt
423 385 606 437 fontes
635 385 825 453 liquidi
853 395 1015 454 atque
1042 388 1267 438 exercita
1293 407 1451 443 cursu

0 459 319 520 &Flumina3
356 474 460 508 nec
482 472 707 506 somnos
732 456 1005 524 abrumpit
1031 473 1156 507 cura
1183 458 1434 516 salubres,
1471 467 1576 518 530

47 533 327 597 Tempore
346 542 462 578 non
488 526 590 577 alio
616 526 803 577 dicunt
823 527 1136 592 regionibus
1160 528 1260 578 illis

48 598 324 665 Quaesitas
356 598 426 650 ad
454 615 597 648 sacra
622 597 792 648 boves
813 598 1063 662 IunoniS‚
1101 607 1154 648 et
1184 599 1294 648 uris

0 669 19 737 ς’
43 669 335 738 Inparibus>
361 668 554 719 ductos
583 667 683 718 alta
711 667 779 718 ad
808 667 1028 718 donaria
1057 685 1256 722 currus,

0 736 11 796 '52
42 742 190 806 Ergo
211 755 370 806 aegre
393 740 571 789 rastris
590 747 792 788 terram
814 739 1102 804 rimantur,
1141 748 1195 790 et
1216 739 1343 807 ipsis

115 837 501 897 529.11Qum1‚
573 836 691 886 530.
726 836 1000 898 fimana,

94 962 164 999 528
189 970 228 996 et
244 964 381 997 victum
398 962 563 1008 Longob.
581 962 714 1005 Pierii,
746 969 788 996 ut
808 973 885 1008 sup.
904 974 935 996 v,
956 962 1037 998 314.
1062 963 1126 1005 IV,
1150 963 1217 998 181
1240 968 1276 996 et
1294 962 1364 997 alia
1382 962 1465 996 loca
1482 963 1579 1008 apud

45 1009 190 1051 Heius„
230 1010 298 1044 sed
327 1009 518 1044 antecessit
549 1009 772 1045 Fraudibus.

879 1011 948 1046 529
982 1018 1093 1056 atque
1118 1010 1248 1055 ubique
1277 1009 1426 1054 legitur3
1458 1009 1577 1044 nescio

0 1069 9 1097 ς
45 1057 140 1092 unde
175 1057 215 1091 in
249 1057 367 1091 Elzov.
405 1057 602 1103 irrepserat
633 1065 720 1090 aut:
774 1057 870 1111 quod
903 1057 1031 1090 iterum
1066 1056 1204 1102 expulit
1237 1056 1361 1091 Heius.
1397 1057 1578 1091 Gudianus

47 1103 178 1146 etiam,
212 1106 376 1138 exercita
400 1116 573 1145 cunum,
606 1111 645 1137 ut
671 1104 719 1138 sit
744 1104 969 1149 graecismus.

45 1153 174 1186 norat.
205 1151 273 1185 Od.
301 1152 354 1193 11,
386 1152 423 1187 2.

1028 1113 1143 1150 atque
1169 1113 1292 1139 exona
1317 1117 1431 1138 cursu
1458 1104 1578 1139 Schol.

518 1152 590 1187 530
617 1150 769 1199 abrupit
798 1159 870 1185 tres
899 1151 994 1196 apud
1022 1152 1138 1185 Burm.
1171 1151 1271 1196 (item
1299 1152 1333 1187 2.
1360 1149 1395 1188 4.
1425 1158 1463 1186 et
1478 1155 1578 1186 Serv.

46 1198 152 1234 codd.
182 1199 229 1233 V.
257 1205 295 1232 et
318 1197 448 1232 Dresd.
495 1199 684 1232 Praeterea
715 1198 885 1232 salubres
908 1198 1053 1242 Medic„
1087 1197 1248 1232 salubris
1280 1199 1383 1233 Rom.
1411 1206 1448 1232 et
1479 1202 1577 1233 Serv.

27 1239 30 1247 ¹
46 1245 175 1280 Dresd.
215 1247 273 1281 W
268 1245 314 1290 r.)

418 1246 485 1281 531
523 1246 666 1279 ducunt
692 1245 784 1280 alter
809 1246 978 1280 Rottend.

1082 1246 1153 1281 534
1185 1254 1322 1280 terram
1352 1248 1488 1280 rastris
1514 1246 1577 1281 alt.

45 1294 176 1328 Mox-et.
226 1294 346 1327 ruttis
365 1294 417 1327 10.
438 1293 627 1327 Schrader.
645 1299 682 1326 et
699 1293 737 1326 h.
755 1292 781 1327 l.
799 1293 871 1327 vid.
892 1293 939 1327 ad
958 1294 1001 1336 Π,
1025 1293 1082 1328 94.
1131 1293 1314 1326 rimentur
1334 1294 1426 1328 Ven.

47 1398 177 1443 ἕωλον
198 1399 391 1450 δεῖπνον,
430 1412 577 1439 vereor
596 1413 647 1439 ne
678 1414 786 1439 nau-

0 1465 2 1469 ‘
46 1471 157 1498 seam
188 1464 377 1498 moturae
403 1458 486 1497 sint
525 1458 695 1511 gulosis:
735 1464 785 1498 ut

45 1530 148 1558 vero
164 1516 248 1556 sint
267 1516 409 1569 epulae
426 1530 593 1569 operose
612 1517 785 1569 conqui-

45 1575 148 1615 sitae
165 1580 208 1614 et
222 1583 403 1629 paratae,
432 1576 588 1628 ignoro,
619 1589 671 1614 an
686 1589 785 1614 usus

45 1633 181 1674 Latini
209 1634 405 1673 sermonis
442 1633 646 1674 admittat.
716 1634 791 1673 Vi-

0 1723 6 1729 .
47 1691 141 1743 des,
181 1706 259 1732 nos
275 1693 420 1732 saltem
438 1693 670 1732 verecunde
691 1692 790 1731 talia

46 1763 275 1805 apponere,
334 1765 418 1790 non
471 1765 565 1790 cum
614 1752 789 1790 aliorum

47 1810 315 1860 contumelia,
362 1816 436 1849 aut
468 1823 520 1848 ex
538 1809 672 1849 edicto
687 1824 790 1862 pro-

46 1868 252 1908 nuntiare.
293 1866 415 1923 (Vide
434 1867 537 1907 haec
557 1868 789 1908 aoeuratius

46 1927 235 1979 exposita
268 1927 524 1979 rectiusque,
569 1933 618 1966 ut
657 1940 788 1980 spero,

46 1985 251 2038 explicata
275 1985 329 2034 Q.
358 1985 407 2025 V.
435 1985 631 2024 XXXXL
667 1983 788 2039 Wr.)

47 2043 148 2087 529·
166 2044 264 2087 580.
294 2046 468 2082 exercita
488 2059 609 2082 cursu
624 2044 790 2082 Humi·

46 2116 131 2150 na;
172 2101 215 2140 h.
234 2108 406 2151 vexata,
445 2102 633 2155 fatigata3
663 2114 788 2140 orna-

46 2160 111 2199 tui
137 2159 266 2199 servit
295 2159 530 2213 epitheton,
568 2166 617 2198 ut
642 2159 790 2212 fessae

48 2218 245 2257 erroribus
294 2218 431 2257 undae
449 2247 462 2268 ‚
522 2217 788 2257 decurrentes

48 2289 191 2328 aquae.
221 2276 307 2316 vid.
334 2277 475 2315 Burm.
513 2276 603 2315 Alio
626 2276 670 2314 in
692 2289 787 2314 sen-

46 2335 276 2374 tentiarum
317 2334 461 2374 ordine
499 2348 582 2373 esse
616 2340 788 2387 possunt

49 2396 178 2445 &quae
190 2393 381 2432 turbatae
397 2406 597 2445 equorum
613 2398 788 2431 tranan-

47 2451 155 2491 fium
183 2451 356 2506 pedibus
375 2482 388 2502 ‚
429 2466 515 2490 non
546 2457 683 2491 autem
701 2450 743 2490 h.
758 2451 786 2489 l.

51 2507 262 2564 (Exere-ua
280 2525 397 2549 cuma
415 2511 604 2561 flumina
616 2525 632 2557 ;
661 2509 789 2561 signi-

0 2601 6 2605 ,
48 2567 197 2608 fleatur
226 2582 332 2620 aqua
372 2582 565 2619 currens,
604 2568 788 2620 limpida,

49 2640 132 2666 non
154 2633 363 2679 stagnans3
403 2641 526 2679 quam
547 2626 789 2679 explicatio-

49 2698 144 2724 nem
172 2685 371 2737 requirit,
420 2685 533 2737 quod
557 2698 789 2738 praecesse-

49 2749 138 2782 rat:
186 2744 335 2796 liquidi
348 2743 507 2795 fontes.
578 2744 669 2783 Vim
698 2757 788 2782 voc.

51 2802 228 2839 exercita
245 2801 421 2853 explicat
441 2802 600 2842 Wakef.
636 2801 691 2841 ad
705 2802 791 2841 Lu-

52 2865 152 2898 eret.
176 2857 225 2909 V,
246 2861 346 2901 263.
382 2861 454 2898 W
446 2858 503 2911 r.)

110 2917 208 2959 531.
238 2917 345 2955 Tum
374 2917 528 2955 sactum
558 2930 642 2955 esse
673 2917 790 2957 aiunt

51 2974 116 3024 id,
157 2974 271 3027 quod
298 2974 413 3014 nuno
442 2974 521 3014 alio
547 2981 731 3029 tempore
746 2976 790 3015 in

842 1399 929 1439 istis
960 1400 1083 1439 terris
1111 1399 1299 1452 contigit,
1336 1405 1384 1438 ut
1406 1401 1579 1452 penuria

843 1458 1111 1498 candidarum
1149 1472 1366 1497 vaccarum
1399 1464 1501 1498 esset
1525 1458 1580 1497 ad

841 1531 928 1556 rem
940 1531 1106 1566 sacram,
1127 1517 1211 1555 sere
1228 1522 1276 1555 ut
1288 1515 1578 1569 CatullAEpith.

840 1576 921 1615 Pel.
946 1579 998 1618 16
1029 1576 1116 1614 Illa
1132 1583 1254 1628 atque
1263 1574 1382 1612 haud
1390 1576 1478 1613 alia
1496 1572 1580 1628 (vel

847 1635 1026 1688 Illaque,
1059 1633 1253 1686 haudque
1269 1631 1375 1687 alia)
1395 1633 1581 1672 viderunt

847 1693 935 1731 luce
963 1706 1019 1730 m.
1083 1692 1179 1735 532.
1220 1691 1316 1734 533.
1355 1690 1457 1729 Male
1486 1697 1581 1745 post

847 1751 1037 1790 Servium
1067 1750 1246 1802 Interpp.
1277 1749 1471 1789 Iunonem
1496 1749 1580 1789 Ar-

847 1809 980 1862 givam
998 1815 1038 1847 et
1056 1808 1143 1847 eius
1173 1807 1442 1858 sacerdotem,
1472 1808 1580 1847 filio-

846 1881 958 1917 rum,
990 1866 1147 1906 Cleobis
1171 1872 1213 1905 et
1233 1866 1404 1916 Bitonis,
1431 1867 1581 1919 pietate

848 1933 991 1965 notam
1008 1956 1020 1975 ‚
1068 1924 1153 1964 huc
1194 1924 1411 1964 advocant.
1460 1940 1581 1964 sacra

848 1986 1019 2023 Iunonis
1036 2014 1048 2033 ,
1100 1989 1259 2022 certum
1306 1997 1468 2022 sacrum
1502 1997 1580 2036 pro

849 2041 1057 2094 quibusvis
1093 2042 1216 2080 sacris
1254 2042 1392 2093 ponit3
1437 2041 1509 2080 sed
1537 2041 1580 2080 in

847 2099 911 2139 his
936 2100 1150 2139 nivearum
1177 2100 1303 2138 boum
1331 2113 1429 2138 usus
1449 2100 1581 2152 inpri-

848 2159 924 2196 mis
966 2158 1131 2210 insignis
1166 2164 1255 2196 erat
1302 2157 1356 2196 ad
1389 2171 1581 2211 pompam

849 2217 948 2255 deae
965 2215 1205 2255 ducendam.

845 2288 924 2327 que
951 2274 1115 2326 busalos
1143 2272 1257 2328 (nam
1283 2273 1329 2313 hi
1361 2280 1456 2313 sunt
1488 2273 1530 2312 h.
1552 2274 1580 2313 1.

845 2334 935 2383 uri,
978 2332 1063 2373 vid„
1092 2346 1180 2386 sup.
1212 2331 1266 2371 ad
1293 2333 1362 2372 Ge.
1382 2333 1439 2382 II,
1464 2330 1579 2387 374.)

846 2391 987 2430 currui
1028 2391 1192 2430 iunctos
1224 2390 1336 2430 dicit.
1384 2393 1577 2443 impares,

845 2450 975 2502 simpl.
1001 2449 1114 2502 quod
1144 2450 1249 2489 alter
1277 2449 1429 2499 maior,
1478 2449 1583 2487 alter

844 2508 1001 2559 minor,
1032 2508 1193 2548 diverso
1209 2508 1351 2557 etiam,
1382 2507 1415 2546 si
1435 2507 1582 2561 placet,

846 2566 982 2605 colore
995 2597 1007 2616 ‚
1037 2573 1152 2606 esset.
1181 2567 1354 2606 donaria
1381 2565 1424 2605 h.
1454 2566 1482 2605 l.
1505 2579 1582 2619 pro

846 2624 1113 2664 donariorum
1151 2625 1242 2664 loco
1261 2656 1273 2676 ,
1311 2624 1464 2676 templo
1483 2654 1495 2674 ,
1534 2629 1584 2662 ut

840 2684 1084 2735 pulvinaria
1099 2714 1110 2733 ,
1158 2698 1235 2736 pro
1270 2683 1429 2735 templis
1446 2713 1457 2732 ,
1502 2682 1583 2720 iam

846 2742 1013 2781 Servius
1065 2742 1269 2794 exposuit.
1313 2742 1403 2780 alta
1446 2746 1583 2779 autem

847 2800 1037 2850 donaria,
1070 2800 1151 2839 alte
1169 2805 1400 2848 exstructa,
1431 2798 1485 2836 ad
1501 2812 1581 2836 no-

846 2864 934 2898 tam
955 2859 1094 2911 copiae
1112 2865 1152 2897 et
1167 2856 1485 2910 magnificentiae
1504 2855 1582 2894 do-

846 2917 1058 2957 uariorum
1066 2931 1079 2967 ;
1115 2917 1226 2957 uude
1256 2921 1296 2953 et
1318 2915 1450 2967 ipsum
1477 2922 1581 2952 tem-

844 2977 965 3027 plum
981 2976 1126 3014 aluam.
1190 2971 1285 3017 534.
1302 2973 1382 3027 Ipsi
1396 2971 1582 3011 homines

1256 2215 1336 2255 Pro
1356 2215 1482 2254 bubus
1498 2216 1581 2254 ita-
1627 2210 1630 2214 ’
