1768 3320
204 196 273 245 74
524 195 578 244 P.
617 194 984 244 VIRGILII
1029 192 1394 243 MARONIS

203 320 271 370 Et
284 319 497 386 penitus
514 328 630 371 toto
649 320 841 371 divisos
860 321 991 370 orbe
1008 320 1306 371 Britannos,

205 443 343 485 Oaxin,
365 445 513 478 Eaxem.
540 447 660 479 Oaxes
685 445 809 479 Cretae
835 444 868 478 fl.
890 442 1019 477 nemini
1041 445 1274 482 memoratus,
1307 444 1452 483 praeter
1480 436 1624 474 Vibium
1650 440 1718 472 Se-

203 496 398 536 questrem,
421 490 516 524 forte
538 503 579 524 ex
599 491 668 525 hoc
684 491 762 536 ipso
784 492 886 532 loco,
920 490 964 523 de
984 489 1070 522 urbe
1088 494 1206 520 tamen
1226 486 1370 527 Cretae,
1397 487 1517 528 Oaxo,
1551 496 1624 519 non
1649 484 1720 518 du—

202 536 356 578 bitatur,
380 537 474 571 forte
497 538 638 580 eadem,
664 551 752 583 quae
771 542 862 572 Axus
885 543 940 570 est
960 548 1016 580 ap.
1037 534 1211 568 Herodot.
1231 535 1293 577 IV,
1323 530 1402 569 154.
1422 533 1484 567 ubi
1510 545 1542 566 v.
1563 531 1717 567 Wessel.

202 596 284 629 pag.
302 582 383 627 348,
409 584 456 622 53
469 611 478 627 ,
506 597 596 619 nunc
615 585 705 619 adde
726 585 860 619 Eckhel
881 585 1002 617 Doctr.
1019 593 1152 615 numor.
1181 581 1220 615 P.
1239 582 1283 623 ΙΙ,
1301 592 1336 625 p.
1363 580 1453 622 3053
1487 591 1602 626 neque
1629 579 1719 613 illud

201 631 371 676 ignotum,
395 631 536 664 Cretam
555 632 718 665 Oeaxida
738 632 866 666 dictam
887 642 973 664 esse.
992 642 1023 663 v.
1043 628 1208 673 Aponon.
1228 629 1254 671 I,
1279 628 1368 665 1131
1383 653 1392 670 ‚
1417 626 1512 661 cuius
1531 638 1652 661 versus
1673 627 1717 660 ab

202 679 362 713 Varrone
388 678 535 712 Atacino
575 690 759 721 expressos
797 678 935 712 Servius
970 675 1110 710 recitat.
1167 673 1342 708 Mirantur
1370 686 1480 719 porro
1505 673 1717 722 sagaciores,

203 737 263 759 cur
284 731 357 758 tam
377 725 515 759 obscuri
534 724 682 758 nominis
701 725 822 758 fluvius
841 725 875 758 h.
900 725 923 757 l.
944 737 963 757 a
982 729 1126 768 pastore
1154 722 1374 763 nominetur,
1396 732 1511 767 neque
1540 721 1629 754 illud
1655 734 1718 755 sa·-

201 771 247 805 tis
273 778 523 817 assequuntur,
547 772 721 816 quomodo
745 778 828 816 post
845 771 999 806 Africam
1030 776 1066 803 et
1095 769 1295 814 Scythiam,
1332 780 1436 815 quum
1457 767 1717 802 remotissimo-

200 831 277 852 rum
299 817 417 852 finium
436 825 532 852 terra
550 825 803 862 expectaretur,
829 821 957 852 Cretae
976 816 1109 850 mentio
1128 816 1223 850 sacta
1248 816 1304 850 sit.
1355 816 1483 849 Oaxim
1509 814 1629 860 itaque
1647 814 1717 849 iam

200 872 339 899 veteres
359 865 463 898 modo
485 865 762 909 Mesopotamiae
779 866 884 899 modo
906 864 1072 910 Scythiae
1091 862 1231 897 fluvium
1252 862 1377 897 haberi
1392 862 1608 905 maluerunt,
1632 862 1716 896 nul-

200 912 236 946 la
266 918 384 945 tamen
414 912 563 946 nominis
594 919 863 946 commemorata
887 911 1130 947 auctoritate„
1155 911 1287 953 Fuere,
1320 909 1379 956 qui
1405 911 1566 944 Araxem
1588 909 1715 954 reponi

199 959 364 999 mallent,
390 965 426 991 et
446 971 528 992 sane
548 958 642 1002 apud
662 959 838 992 Claudian.
862 960 899 992 B.
919 958 1011 992 Gild.
1029 960 1072 995 31
1099 957 1193 990 inter
1214 960 1348 991 Oaxem
1369 962 1407 991 et
1421 960 1581 992 Araxem
1611 956 1714 990 codi—

200 1018 258 1040 ces
276 1005 452 1039 fluctuant.
474 1005 590 1039 Possit
610 1005 716 1039 etiam
735 1006 953 1040 confirmatio
970 1005 1072 1038 huius
1091 1004 1345 1038 emendationis
1367 1016 1387 1038 e
1405 1003 1600 1038 Theocrito
1621 1003 1710 1048 peti,

199 1060 238 1086 ut
258 1064 335 1086 eum
355 1058 476 1086 noster
495 1059 577 1086 ante
598 1053 717 1086 oculos
738 1053 911 1087 habuerit.
960 1054 992 1086 Is
1011 1052 1122 1093 enim,
1147 1051 1314 1085 Hieronis
1332 1050 1456 1085 laudes
1488 1051 1591 1084 ultra
1614 1064 1713 1097 pon—

200 1108 275 1133 tum
292 1100 498 1143 Scythicam
538 1108 576 1132 et
600 1098 822 1144 Babylonem
847 1107 887 1133 ut
915 1100 1167 1141 extendantur,
1199 1105 1366 1143 precatur
1388 1097 1492 1143 Idyll.
1521 1098 1622 1140 XVI,
1654 1099 1713 1134 99.

199 1148 278 1183 100.
328 1147 467 1191 (Lucan.
488 1148 514 1186 I,
538 1146 610 1183 19,:
635 1147 737 1188 „Sub
763 1147 843 1192 iuga
868 1147 937 1180 iam
961 1150 1081 1187 Seres,
1099 1146 1169 1179 iam
1189 1146 1359 1180 barbarus
1377 1145 1466 1179 isset
1490 1147 1712 1179 A1·axes.“

204 1195 260 1228 W
254 1193 297 1238 r.)
345 1193 478 1227 Eodem
496 1193 613 1238 itaque
632 1194 737 1227 modo
755 1194 923 1239 Virgilius
946 1193 1128 1239 Scythiam
1150 1199 1187 1226 et
1207 1195 1356 1227 Araxem
1384 1191 1600 1226 diversarum
1631 1192 1714 1226 Ori-

198 1240 287 1274 entis
307 1239 488 1284 regionum
505 1239 643 1273 fluvium
660 1253 852 1275 memorare
871 1240 999 1286 potuit.
1047 1242 1191 1282 Verum,
1221 1239 1357 1273 etiamsi
1386 1239 1456 1273 hoc
1476 1238 1621 1280 liceret,
1654 1239 1711 1273 vel

197 1286 248 1320 sic
269 1287 423 1332 rapidus
439 1296 561 1320 cretae
576 1286 784 1331 iungendum
806 1295 909 1330 esset,
932 1287 991 1333 qui
1002 1287 1098 1332 rapit
1118 1293 1250 1320 terram
1270 1287 1396 1330 albam,
1419 1286 1578 1320 radendo
1598 1286 1711 1330 littus,

195 1333 231 1367 h.
252 1333 464 1367 lutulentus:
489 1340 593 1379 atque
608 1333 677 1368 hoc
704 1334 836 1369 durum.
884 1335 954 1369 Alii
973 1338 1082 1368 Oxum
1101 1334 1258 1368 inferunt
1277 1346 1368 1368 nunc
1386 1345 1407 1367 a
1422 1340 1533 1378 poeta
1553 1333 1629 1367 sine
1649 1346 1714 1368 ex-

196 1380 311 1424 emplo
331 1383 461 1413 Oaxum
483 1380 634 1422 dictum,
667 1381 726 1426 qui
754 1382 879 1416 limum
907 1383 1008 1416 vehit
1036 1380 1207 1415 turbidus
1236 1394 1379 1428 semper
1403 1380 1591 1415 secundum
1617 1381 1713 1415 Cart.

194 1428 269 1469 VH,
289 1430 343 1463 10.
361 1428 567 1461 Excusemus
586 1434 748 1471 poetam,
774 1442 877 1475 quem
903 1429 1094 1463 defendere
1123 1428 1284 1474 equidem
1308 1440 1380 1462 non
1409 1427 1528 1461 ausim.
1578 1428 1714 1462 Sufficit

194 1473 338 1507 fluvium
355 1474 455 1507 huius
472 1474 621 1508 nominis
641 1474 678 1508 in
697 1476 810 1509 insula
828 1477 931 1510 Creta
959 1488 1035 1510 esse
1047 1502 1056 1517 ,
1081 1475 1175 1509 cuius
1193 1475 1409 1509 mentionem
1429 1473 1489 1508 hic
1504 1474 1580 1507 fieri
1599 1474 1711 1510 minus

193 1520 394 1561 mirabitur,
422 1521 500 1566 qui,
524 1521 577 1555 uti
596 1521 730 1568 Afros,
755 1536 817 1556 seu
832 1523 984 1568 Libyas,
1020 1530 1056 1556 et
1086 1522 1264 1567 Scythas,
1300 1522 1350 1556 sic
1377 1519 1508 1555 insulas
1538 1521 1583 1555 ab
1609 1521 1713 1556 Italia

192 1574 348 1601 remotas
373 1571 515 1601 Cretam
533 1575 570 1601 et
590 1570 824 1604 Britanniam
843 1570 911 1605 sibi
931 1569 1085 1616 opponi,
1122 1569 1297 1603 observet.
1344 1568 1534 1603 Probabile
1552 1568 1640 1602 mihi
1659 1570 1712 1611 fit,

194 1615 375 1648 Maronem
395 1621 476 1648 ante
497 1615 617 1648 oculos
633 1616 798 1650 habuisse
817 1618 934 1652 locum
954 1630 998 1651 ex
1021 1616 1220 1662 antiquiore
1240 1616 1357 1662 aliquo
1375 1622 1485 1661 poeta
1497 1642 1506 1657 ‚
1531 1627 1635 1661 quem
1652 1616 1712 1650 ni—

193 1661 258 1694 mis
277 1662 381 1694 docte
403 1668 438 1694 et
457 1661 538 1695 loco
564 1662 678 1696 alieno
699 1665 880 1708 expressit.
928 1663 1113 1699 Notabilia
1133 1663 1221 1696 mihi
1241 1663 1330 1698 llaec
1351 1670 1388 1697 et
1407 1662 1477 1696 alia
1493 1663 1530 1696 in
1547 1662 1617 1697 hoc
1632 1676 1711 1698 ma—

194 1706 285 1740 xime
303 1708 472 1750 carmine,
496 1714 570 1742 tum
591 1709 627 1742 in
652 1711 777 1744 ceteris
801 1712 976 1747 habentur
1002 1710 1165 1756 Eclogis,
1194 1710 1289 1756 quod
1315 1709 1353 1743 in
1379 1709 1422 1743 iis
1452 1709 1604 1743 iuvenile
1629 1711 1712 1744 Ma-

193 1754 290 1788 ronis
310 1753 506 1799 ingenium,
529 1756 683 1790 nondum
701 1758 785 1792 satis
806 1766 944 1794 maturo
962 1758 1093 1793 iudicio
1115 1765 1152 1791 et
1179 1756 1377 1792 subtilitate
1405 1757 1608 1800 subactum,
1632 1757 1711 1792 elu-

193 1862 393 1899 veniemus
422 1861 598 1910 Oaxem;
632 1862 697 1901 alii
724 1864 920 1903 adibimus
979 1894 1003 1915 „
1024 1864 1197 1903 alterum
1222 1876 1348 1916 paene
1377 1863 1547 1916 imperio
1568 1861 1710 1903 no'stro

193 1919 365 1957 Cretam.
423 1919 478 1956 De
496 1919 600 1958 Oaxi
617 1921 757 1960 Cretae
772 1936 811 1962 v.
826 1923 919 1962 var.
978 1936 1025 1961 ac
1043 1936 1116 1961 suo
1132 1935 1326 1973 quaerens
1344 1921 1527 1960 orbem.“
1555 1921 1707 1963 A0.44.

192 1974 298 2015 Lect.
356 1976 482 2015 Totus
495 1977 608 2016 locus
634 1978 783 2019 alienus
807 1995 829 2018 a
845 1995 921 2033 pa-
976 1987 1070 2033 post
1085 1979 1232 2018 Christ.
1249 1985 1334 2018 nat.
1353 1979 1428 2018 sub
1438 1979 1604 2019 Claudio
1621 1978 1709 2018 Au—
1766 2022 1768 2027 .

192 2033 338 2072 storitii
356 2035 539 2073 carminis
555 2035 689 2075 indole
699 2052 710 2087 3
737 2052 812 2076 nec
829 2052 920 2077 mo·-

196 2091 249 2130 do
266 2091 463 2143 tragicum
486 2093 585 2144 quid
603 2094 749 2146 spirat,
783 2093 919 2149 (Lyri-

195 2163 264 2187 cus
284 2149 388 2187 dixit
406 2150 564 2188 ultimos
583 2152 684 2190 orbis
700 2154 920 2192 Britannos

191 2205 228 2256 Ι,
261 2206 335 2256 35,
366 2205 438 2261 29)
470 2221 610 2247 verum
639 2210 738 2249 adeo
766 2208 920 2265 οἷπρος-

195 2259 405 2314 ὅιόνυσον,
437 2267 638 2315 quomodo
659 2268 762 2306 enim
781 2276 920 2322 pasto-

191 2334 276 2371 res,
309 2335 401 2374 agro
424 2321 644 2364 Mantuano
674 2326 809 2378 eiecti,
852 2342 921 2366 ar·-

190 2384 328 2418 menta
347 2393 417 2418 sua
436 2387 591 2432 agentes
607 2396 678 2435 per
688 2383 862 2423 Africam
879 2391 921 2424 et

192 2435 399 2489 Scythiam
424 2451 559 2477 errare
578 2447 649 2479 aut
670 2442 920 2482 Britanniam

190 2501 232 2533 et
269 2495 428 2533 Cretam
462 2495 610 2536 insulas
655 2498 764 2539 adire
801 2507 920 2553 pote-

189 2558 285 2591 rant
302 2552 322 2591 '2
382 2552 588 2605 Expressit
619 2562 754 2596 tamen
778 2558 914 2597 locum

188 2610 341 2649 Nemes.
361 2610 504 2663 Cyneg.
525 2615 590 2653 67.
610 2617 676 2656 68.
739 2613 919 2669 (Britan-

189 2668 256 2707 nia
274 2673 367 2706 ante
387 2668 593 2707 Caesarem
618 2671 772 2723 ignota,
812 2675 918 2713 Caes.

187 2725 284 2765 Bell.
303 2725 404 2764 Gall.
426 2725 498 2775 IV,
530 2730 598 2768 20.
629 2731 792 2768 Sueton.
811 2732 918 2771 Caes.

186 2783 256 2827 25.
285 2783 358 2822 Dio
370 2783 674 2835 Cass.XXXIX,
690 2787 756 2829 50.
774 2790 918 2828 Strabo

186 2841 252 2880 IV.
278 2854 318 2894 p.
345 2839 441 2883 304.
482 2841 686 2882 Plutarch.
716 2846 822 2884 Caes.
848 2850 915 2889 23.

187 2898 297 2938 ultra
321 2898 515 2937 terminos
545 2900 650 2939 orbis
675 2901 845 2942 habitati
865 2906 916 2942 fi-

188 2970 258 2996 nes
290 2962 499 3010 promota:
560 2959 694 2998 Vellei.
727 2959 782 3010 11,
831 2961 916 3004 46..

976 2038 1041 2077 lus
1069 2038 1251 2077 Plautius
1287 2037 1430 2076 missus
1471 2037 1514 2076 in
1543 2038 1709 2076 Britan-

978 2097 1106 2147 niam3
1127 2096 1197 2135 sed
1216 2109 1332 2147 aegre
1351 2096 1552 2148 persuasit
1565 2095 1708 2135 militi-

977 2154 1074 2204 bus,
1104 2160 1154 2193 ut
1180 2167 1221 2192 se
1246 2159 1530 2206 sequerentur,
1562 2154 1710 2207 quippe

978 2212 1192 2251 militaturi
1219 2211 1294 2250 sibi
1317 2211 1564 2250 videbantur
1590 2217 1708 2250 extra
1766 2223 1768 2241 ³

1190 2271 1300 2308 Suet.
1327 2269 1468 2309 Claud.
1496 2272 1561 2312 17.
1581 2270 1706 2309 Tacit.
1766 2270 1768 2272 ’

980 2269 1130 2309 orbem.

979 2327 1108 2380 Agric.
1130 2326 1195 2369 14.
1234 2327 1307 2366 Dio
1323 2327 1478 2367 Cassius
1494 2327 1586 2378 LX,
1621 2330 1706 2370 19.:
1764 2365 1768 2379 .=

977 2417 1003 2438 „
1018 2384 1075 2435 αῖς
1115 2383 1192 2454 γὀἳρ
1235 2385 1308 2435 ἔξω
1323 2388 1417 2457 ’τῆς
1429 2439 1441 2455 1
1462 2384 1707 2438 οἰκουμένης

979 2456 1288 2498 στρατευσοντες
1306 2444 1605 2500 ηγανακτουν.“
1635 2444 1705 2495 Sp.

975 2524 1034 2531 —-
1062 2501 1172 2541 Nihil
1195 2501 1239 2540 in
1261 2500 1325 2539 his
1352 2502 1609 2554 tragicum
1634 2508 1706 2540 aut

976 2560 1056 2612 lyr
1066 2560 1080 2598 i
1090 2574 1111 2598 c
1120 2573 1216 2610 u1n3
1232 2558 1303 2597 sed
1314 2559 1447 2597 omnia
1455 2559 1619 2612 proprie
1636 2572 1705 2598 ac-

977 2617 1171 2670 cipienda.
1231 2616 1381 2655 Orbem
1395 2623 1599 2656 terrarum
1617 2631 1705 2656 am-

975 2675 1037 2713 bit
1071 2676 1272 2725 Oceanus3
1325 2674 1536 2714 Britannia
1570 2682 1706 2715 autem

976 2733 1051 2771 sita
1069 2739 1130 2772 est
1143 2733 1255 2772 ultra
1263 2732 1489 2784 Oceanum3
1515 2734 1586 2773 cfr.
1604 2746 1706 2786 quae
1764 2781 1768 2788 .

974 2792 1115 2830 notavi
1141 2791 1195 2829 ad
1220 2791 1326 2843 Eleg.
1350 2791 1402 2829 ad
1422 2790 1540 2830 Mess.
1557 2804 1617 2830 vs.
1636 2790 1703 2834 54.

974 2863 1060 2900 pag.
1075 2849 1142 2892 59.
1174 2848 1297 2898 Quod
1318 2855 1454 2887 autem
1471 2850 1618 2888 acriter
1632 2861 1702 2888 re-
1764 2872 1768 2879 ν

974 2906 1241 2957 prehenditur
1284 2906 1333 2944 ab
1376 2907 1534 2959 Heynio
1569 2913 1701 2960 poeta,

975 2964 1043 3015 qui
1068 2965 1165 3004 talia
1190 2965 1401 3017 loquentes
1425 2964 1703 3005 introduxerit
