1734 3320
163 212 267 260 400
513 208 569 259 P.
605 206 957 259 VIRGILII
990 206 1365 259 MARONIS

160 331 460 385 Infecunda
483 331 729 401 quidem,
765 332 864 384 sed
883 333 1019 384 laeta
1040 342 1094 383 et
1112 330 1273 383 fortia
1292 336 1530 399 surgunt.

163 405 378 472 Quippe
410 402 527 454 solo
556 412 745 454 natura
774 403 991 484 subest..
1042 406 1250 485 Tamen
1280 404 1414 455 haec
1446 419 1685 473 quoque,

953 489 996 524 Sl
1018 489 1136 541 qu1s

160 602 255 637 idem
276 601 404 636 Medic.
428 603 515 636 Aen.
534 603 612 644 VII,
631 603 703 637 660
729 608 934 636 constanter
960 601 1070 635 habet
1089 601 1239 636 luminis
1260 612 1368 642 oras,
1404 601 1500 648 quod
1520 601 1686 637 Heinsius

160 650 212 684 ibi
239 649 402 691 retinuit;
435 649 657 684 retinendum
684 649 793 693 igitur
816 655 894 682 erat
921 648 1026 682 etiam
1047 648 1083 681 h.
1102 648 1128 682 1.
1177 659 1264 682 oras
1289 647 1401 682 Cerda
1429 661 1458 682 c.
1486 649 1629 684 Gifanio
1649 657 1687 684 et

160 697 366 739 Wakefield
397 709 416 730 e
444 697 549 732 codd.
574 697 715 730 Lucret.
740 702 778 729 et
798 694 960 740 inprimis
988 694 1051 728 lib.
1073 697 1118 737 V,
1140 695 1211 731 779
1239 700 1367 728 tuetur.
1414 696 1687 742 Ambiguitatem

162 757 204 778 ex
231 745 373 789 antiqua
389 742 679 789 pronuntiatione
697 743 891 787 profectam
908 742 966 776 vix
984 742 1091 786 plane
1111 741 1240 781 tollas3
1273 753 1352 774 nam
1374 741 1479 776 etiam
1507 756 1604 778 aura
1620 757 1688 778 ora

159 792 407 837 pronuntiasse
426 790 602 825 videntur.
648 790 772 834 Itaque
788 789 819 823 si
836 789 893 823 vel
909 789 1059 823 maxime
1076 801 1163 823 oras
1178 787 1374 831 scribimus,
1391 796 1514 835 potest
1530 789 1600 825 hoc
1619 803 1686 836 pro

160 851 277 873 auras
307 838 477 883 scriptum
503 836 642 871 haberi.
689 838 741 870 Ita
770 836 902 870 nodum
930 847 1003 870 non
1033 835 1204 879 solveris,
1238 833 1269 868 si
1289 834 1420 870 dixeris
1441 836 1479 870 in
1508 837 1622 872 Ennio
1653 845 1688 872 et

160 885 326 920 Lucretio
356 886 506 919 luminis
526 896 613 919 oras
637 883 729 928 legi:
760 896 841 918 nam
861 883 913 917 ita
935 895 1027 917 nunc
1046 883 1084 916 in
1111 882 1191 917 edd.
1223 894 1426 927 expressum
1455 896 1533 918 esse
1548 891 1688 919 constat

161 933 324 979 quidem3
349 932 527 978 quomodo
549 938 664 965 autem
685 930 746 964 isti
762 930 953 977 scriptores
973 936 1154 975 acceptum
1174 941 1250 963 esse
1273 929 1462 974 voluerint,
1485 943 1558 966 non
1575 932 1686 977 magis

162 981 245 1014 inde
265 986 413 1014 constat.
461 978 618 1020 Sufficit,
648 978 834 1012 formulam
856 978 898 1011 ab
921 977 1033 1012 Ennio
1054 984 1089 1011 et
1107 976 1275 1010 Lucretio
1297 983 1427 1021 poetae
1443 986 1567 1013 nostro
1588 979 1688 1026 quasi

159 1028 197 1061 in
215 1039 335 1061 manus
356 1026 466 1059 fuisse
486 1025 670 1059 traditam:
700 1025 770 1059 iam
791 1037 868 1059 cum
893 1024 1001 1059 iidem
1019 1026 1060 1058 in
1083 1025 1245 1058 aetheris
1271 1036 1406 1068 auras,
1441 1028 1541 1060 aeris
1561 1030 1686 1070 auras,

160 1081 220 1110 aut
237 1073 446 1119 simpliciter
463 1074 502 1107 in
524 1085 641 1106 auras
659 1073 803 1118 saepius
826 1078 999 1117 usurpent
1015 1073 1062 1117 (v.
1078 1073 1197 1105 Burm.
1215 1071 1252 1105 h.
1271 1070 1322 1115 1.),
1344 1071 1476 1106 firmari
1491 1073 1587 1107 forte
1606 1074 1687 1108 hinc

159 1128 282 1168 potest
303 1129 338 1155 et
355 1120 459 1154 illud:
494 1121 533 1154 in
554 1120 703 1154 luminis
719 1132 848 1154 auras.
894 1120 1045 1153 Ductum
1065 1118 1178 1152 videri
1195 1124 1318 1163 potest
1335 1130 1378 1152 ex
1401 1116 1524 1164 φάεος
1545 1117 1685 1166 ἅῦτμὴ,

157 1182 190 1204 v.
213 1182 242 1203 c.
258 1168 393 1205 Gallim.
412 1167 450 1200 in
468 1167 525 1201 Di.
550 1168 629 1202 117.
665 1168 752 1201 auri
771 1180 867 1201 aura
883 1170 970 1201 Aen.
991 1167 1052 1206 VI,
1074 1166 1166 1209 204,
1191 1165 1251 1199 ubi
1277 1166 1371 1199 conf.
1388 1168 1473 1202 Not.
1517 1168 1685 1203 Priscian.

157 1216 296 1262 Perieg.
330 1217 422 1251 1020
450 1226 548 1248 aura
573 1214 689 1248 viridi
718 1227 812 1261 quae
840 1214 1011 1261 splendet
1040 1214 1176 1261 Iaspis.
1223 1213 1280 1247 Ne
1307 1220 1423 1247 tamen
1452 1214 1490 1247 in
1516 1214 1687 1261 loquendi

157 1276 256 1298 more
280 1262 473 1308 arguteris,
499 1273 647 1307 eumque
670 1273 689 1294 e
711 1261 862 1307 physica
879 1260 1064 1296 subtiliore
1083 1261 1225 1294 ductum
1242 1266 1366 1304 putes,
1390 1261 1460 1295 hoc
1476 1269 1576 1296 tene:
1601 1275 1686 1298 aura

158 1311 347 1346 adductum
374 1310 420 1344 ad
451 1320 532 1342 suos
562 1321 683 1342 sensus
705 1309 872 1350 odorem,
909 1308 1013 1342 etiam
1037 1307 1177 1348 lumen,
1212 1307 1304 1340 bene
1328 1307 1498 1342 videbant
1525 1316 1685 1353 veteres3

157 1359 242 1393 hinc
259 1370 376 1392 auram
396 1356 623 1399 luminosam,
649 1362 686 1389 et
701 1367 767 1401 pro
788 1368 830 1389 ea
850 1368 969 1390 auram
987 1354 1128 1389 luminis
1149 1354 1288 1394 dixere3
1313 1354 1364 1389 sic
1383 1367 1501 1390 auram
1518 1357 1685 1400 aetheris,

157 1417 224 1452 pro
245 1417 329 1439 aura
343 1404 521 1446 ,aetherea
534 1430 543 1446 ,
576 1410 610 1437 et
628 1403 697 1437 hoc
715 1414 782 1449 pro
800 1402 955 1437 aethere.
1005 1402 1182 1436 Laudatur
1202 1413 1245 1435 ex
1260 1400 1360 1436 Iliad.
1380 1414 1415 1447 v,
1433 1404 1504 1440 937
1525 1400 1615 1462 'Hp'l
1643 1401 1684 1440 δ’

158 1449 387 1499 ἀμφοτέρων
413 1446 510 1486 ἵκετ’
536 1447 681 1496 αἰθέρα
703 1448 768 1485 καὶ
784 1447 881 1490 Διὸς
907 1446 1047 1495 αὐγὰς,
1079 1449 1141 1483 ubi
1158 1448 1316 1483 Barnesii
1343 1449 1545 1486 coniectura
1563 1449 1686 1494 ανλὰς

157 1501 228 1535 hoc
247 1500 326 1546 ipso
345 1498 550 1533 Latinorum
569 1504 757 1543 poetarum
773 1498 946 1531 vocabulo
968 1497 1086 1531 refelli
1102 1503 1230 1543 potest.
1248 1516 1293 1522 —-·
1317 1495 1380 1531 Sin
1399 1504 1519 1532 tamen
1537 1499 1687 1534 luminis

159 1560 247 1583 oras
267 1546 378 1581 dictas
403 1545 511 1588 velis,
544 1553 583 1579 ut
604 1553 744 1587 terrae,
780 1546 875 1579 caeli
894 1557 1001 1587 oras,
1029 1544 1064 1579 h.
1090 1556 1119 1578 e.
1140 1550 1316 1586 extrema,
1341 1544 1472 1579 dictum
1492 1558 1569 1579 esse
1587 1554 1685 1593 puta.

158 1596 286 1642 (Oras,
321 1593 417 1640 quod
438 1600 579 1638 praeter
599 1594 714 1638 Heyn.
735 1591 884 1627 Vossius
914 1599 950 1626 et
968 1591 1109 1626 Iahnius
1127 1598 1356 1636 receperunt,
1390 1604 1595 1639 quamquam
1612 1606 1686 1628 non

157 1643 229 1677 ulla
255 1641 324 1676 alia
338 1668 347 1684 ‚
373 1653 460 1687 quae
479 1646 576 1674 certa
598 1640 724 1674 haberi
741 1639 867 1684 possit,
893 1652 996 1686 quam
1014 1639 1167 1673 Medicei
1186 1638 1310 1672 nititur
1330 1640 1553 1684 auctoritate,
1576 1653 1685 1687 quare

157 1690 261 1725 alteri
282 1688 430 1723 lectioni
450 1687 698 1732 praetulerim,
724 1686 838 1720 disces
860 1699 878 1720 e
895 1689 938 1729 Q.
955 1688 1000 1721 V.
1016 1687 1066 1729 X,
1090 1689 1121 1722 1.
1169 1685 1336 1729 Erudite‚
1368 1692 1408 1720 ut
1433 1687 1545 1731 solet,
1575 1689 1685 1724 Wei-

158 1738 268 1772 chert.
286 1736 399 1781 Epist.
426 1735 501 1768 crit.
528 1746 609 1780 pag.
632 1734 689 1770 55.
713 1746 790 1780 sqq.
817 1746 933 1768 auras
960 1733 1131 1767 defendit.
1170 1733 1267 1777 Wr.)
1372 1732 1419 1769 49
1444 1735 1517 1768 soli
1537 1736 1684 1770 Mentel.

156 1797 211 1830 pr.
234 1796 254 1818 a
274 1796 319 1817 m.
347 1794 401 1827 pr.
430 1789 465 1815 et
489 1788 571 1815 tert.
591 1794 612 1816 a
630 1794 676 1815 m.
700 1793 770 1816 sec.
797 1780 1052 1827 interpolatum
1070 1781 1116 1815 ad
1140 1779 1320 1825 vulgarem
1337 1780 1509 1827 loquendi
1529 1782 1683 1818 modum.

156 1833 226 1867 hoc
243 1842 386 1878 quoque
401 1830 493 1865 Ven.

157 1964 252 1990 cum
282 1954 472 2002 respectu
504 1947 556 1986 ad
577 1948 782 1987 naturales
802 1961 894 1986 mo-

158 2007 232 2047 dos
246 2038 257 2059 ,
295 2007 441 2060 quibus
471 2006 635 2045 arbores
668 2012 894 2045 nascuntur

157 2069 328 2109 9—21.
388 2065 507 2104 Nunc
534 2065 666 2117 primo
687 2065 777 2103 loco
804 2064 893 2117 pri-

155 2139 270 2164 mum
289 2124 457 2164 modu'm
479 2123 640 2176 attingit
652 2120 709 2177 (v,
720 2120 895 2177 9—13);

156 2197 257 2235 quae
274 2188 418 2236 sponte
437 2181 569 2221 enasci
591 2181 721 2221 solent
739 2182 783 2220 in
798 2195 893 2233 agro

154 2242 311 2285 inculto
324 2271 335 2291 ‚
366 2241 555 2280 insitione
574 2240 741 2292 aliisque
762 2239 892 2278 modis

154 2300 359 2339 mitiorem
378 2306 571 2338 naturam
587 2299 778 2350 consequi
795 2312 894 2351 pos-

155 2363 265 2397 sunt.
332 2356 581 2407 Varronem,
623 2363 748 2410 puto,
799 2362 893 2395 ante

157 2417 295 2456 oculos
322 2415 468 2455 habuit
496 2416 526 2465 Ι,
562 2417 629 2457 39.
659 2414 727 2457 40.
768 2416 811 2452 in
825 2415 893 2453 la-

154 2476 276 2513 minis
305 2488 417 2524 oras,
456 2474 500 2512 in
525 2473 678 2522 lucem,
711 2472 891 2524 adeoque

153 2533 198 2572 in
237 2531 452 2571 aetherem.
498 2532 601 2570 conf.
645 2531 741 2571 Var.
781 2531 890 2570 Lect.

154 2590 223 2633 49.
270 2591 431 2641 Quippe
456 2591 540 2628 solo
569 2597 719 2628 natura
748 2588 889 2628 subest.

153 2649 315 2689 Lucret.
343 2648 419 2698 ΠΙ,
450 2647 535 2690 274
579 2649 699 2686 Nam
724 2649 890 2699 penitus

146 2721 338 2760 prorsum
349 2707 446 2744 latet
457 2706 558 2744 haec
570 2714 719 2743 natura
736 2704 890 2743 subest-

156 2780 245 2820 que.
290 2763 483 2813 Quinctil.
510 2763 608 2802 Inst.
630 2762 746 2802 Orat.
773 2763 825 2812 X,
848 2765 889 2812 2,

157 2827 208 2867 11
242 2824 437 2876 IVamque
454 2823 504 2859 iis
517 2851 529 2871 ‚
563 2835 667 2874 quae
692 2823 735 2858 in
753 2834 882 2858 exem-

147 2882 272 2935 plum
296 2881 556 2928 assumimus,
590 2878 723 2916 subest
741 2886 890 2916 natura

154 2949 193 2979 et
211 2954 307 2980 vera
324 2940 387 2979 vis
403 2955 415 2977 .·
450 2945 587 2976 contra
600 2937 729 2974 omnis
750 2937 891 2974 imita-

156 3001 210 3037 tio
218 2998 328 3048 ficta
345 3005 415 3035 est.
478 2995 620 3047 Itaque
639 2995 723 3033 solo
742 3002 891 3033 natura

951 1945 1104 1995 subest,
1137 1944 1180 1984 h.
1205 1945 1312 1985 inest
1326 1953 1383 1985 ‘ea
1403 1947 1601 1987 naturalis
1621 1948 1684 1988 vis

952 2017 1000 2042 ac
1018 2003 1153 2043 virtus
1176 2001 1233 2058 (v.
1255 2018 1287 2043 c.
1310 2005 1429 2056 sales,
1462 2005 1584 2057 calor,
1601 2005 1684 2046 hu-

950 2076 1061 2112 mor,
1091 2061 1343 2118 temperies),
1382 2076 1485 2115 quae
1507 2064 1560 2103 ad
1582 2079 1684 2118 pro-

952 2120 1146 2160 creandas
1163 2121 1252 2160 iHas
1273 2122 1437 2161 arbores
1461 2124 1684 2163 necessaria

1338 2178 1407 2222 49.
1431 2180 1500 2223 50.
1529 2183 1684 2221 Tamen

947 2237 1049 2276 haec
1070 2252 1226 2291 quoque
1253 2240 1291 2276 si
1318 2239 1411 2291 quis
1440 2244 1516 2279 etc.

946 2296 1059 2334 mula
1082 2295 1221 2334 eadem
1241 2309 1327 2348 sup.
1345 2296 1427 2336 Ecl.
1446 2297 1512 2348 VI,
1532 2299 1571 2340 9.
1601 2299 1682 2338 Sil-

947 2360 1102 2394 vestres
1135 2354 1298 2394 arbores
1316 2354 1586 2395 secundarum
1605 2370 1683 2396 na-

947 2418 1085 2452 turam
1110 2412 1321 2463 induunt,
1364 2413 1398 2452 si
1430 2413 1481 2452 iis
1518 2414 1682 2454 arbores

949 2471 1048 2509 aliae
1068 2471 1187 2509 mites
1218 2470 1330 2525 (nam
1347 2473 1476 2509 omnis
1497 2474 1681 2512 surculus
1724 2517 1731 2522 ,

949 2531 1060 2567 omni
1075 2528 1208 2567 arbori
1227 2531 1348 2567 inseri
1359 2537 1492 2580 potest
1503 2560 1515 2580 ,
1549 2532 1586 2569 si
1600 2546 1681 2570 non

949 2595 1006 2625 est
1023 2589 1074 2636 ei,
1109 2588 1178 2624 cui
1198 2588 1395 2636 inseritur,
1429 2589 1571 2627 cortice
1591 2589 1679 2628 dis-
1710 2610 1717 2615 ·

948 2645 1116 2682 similis:
1151 2644 1304 2684 Colum.
1337 2644 1384 2694 V,
1408 2647 1472 2695 11,
1493 2644 1534 2701 1)
1571 2647 1679 2686 inse-

947 2708 1107 2752 rantur,
1137 2708 1208 2741 aut
1222 2703 1255 2740 si
1276 2715 1343 2740 eae
1363 2704 1678 2745 transferantur.

947 2769 1118 2798 mutata.
1148 2761 1181 2799 si
1196 2766 1256 2799 est
1276 2774 1334 2811 ea,
1365 2775 1469 2813 quae
1489 2765 1575 2802 iam
1584 2777 1678 2803 mu-

948 2826 1037 2856 tata
1062 2826 1173 2868 sunt,
1215 2818 1335 2858 debet
1361 2819 1602 2874 subintelligi
1626 2834 1679 2861 ex
1732 2834 1734 2836 ·

948 2875 1151 2927 insitione5
1189 2876 1246 2915 ita
1275 2883 1324 2916 ut
1341 2891 1452 2916 nunc
1470 2879 1612 2918 insitae
1637 2885 1679 2918 et
1729 2890 1734 2903 ¹·

954 2185 1014 2218 est
1035 2193 1082 2217 ac
1101 2179 1280 2232 propria.

949 2946 1001 2972 ex
1028 2933 1216 2973 insitione
1245 2941 1427 2974 mutatae
1453 2937 1616 2976 arbores
1634 2937 1678 2976 in
1731 2974 1734 2975 γ

948 2992 1151 3044 plantaria
1193 2994 1492 3035 transferantur
1511 3025 1523 3046 ,
1567 2994 1678 3047 quod

1575 2239 1682 2280 For-
1733 2242 1734 2245 ’
