1768 3320
207 188 337 256 r242
574 187 629 237 P.
674 186 1019 238 VIRGILII
1062 188 1431 241 MARONIS

230 317 344 365 Nec
365 309 526 378 cytiso
549 322 853 364 saturantur
871 331 1022 382 apeS,
1059 331 1162 365 nec
1186 313 1386 367 fronde
1409 316 1660 385 capellae.
1698 326 1768 372 30

232 383 418 434 Tristis
438 392 490 433 at
509 382 624 436 ille:
663 387 873 435 Tamen
897 385 1195 450 cantabitis,
1233 386 1490 452 Arcades,
1530 389 1720 458 inquit,

229 454 508 506 Montibus
529 453 663 504 haec
687 456 899 520 vestriS,
937 455 1038 505 soli
1059 465 1272 506 cantare
1294 459 1454 524 periti
1741 475 1743 477 ·

230 524 476 576 Arcades,
522 525 571 575 Ο
590 525 726 575 mihi
748 534 868 575 tum
889 541 1055 594 quam
1072 526 1312 577 molliter
1333 541 1450 579 ossa
1474 529 1766 596 quiescant,

229 598 418 648 Vestra
435 610 592 645 meos
615 595 746 645 olim
763 596 805 645 si
827 595 1004 647 fistula
1027 596 1166 647 dicat
1184 605 1422 650 amores!

230 669 405 734 Atque
424 666 632 715 utinam
656 683 718 716 ex
737 666 891 716 vobis
914 683 1081 732 unuS,
1115 665 1392 736 ‘vestrique
1418 665 1644 720 fuissem
1697 670 1766 720 35

299 740 380 801 32.
418 759 663 810 VEsrms3

273 867 322 903 30
348 878 435 899 oves
451 865 582 899 Moret.
605 877 662 910 qu.
682 872 717 899 et
735 864 824 899 alius
842 877 909 912 pro
931 878 1004 900 var.
1022 865 1104 901 lect.
1193 867 1239 903 31
1266 875 1308 901 at
1326 868 1410 902 ille:
1440 870 1598 910 Tamen3
1621 867 1672 902 ita
1689 879 1766 901 cum

228 913 351 947 Servio
372 912 494 946 Heius.
541 912 660 957 Vulgo
681 913 918 958 distinguunt:
947 915 1084 948 Tristis
1106 921 1147 948 at
1165 914 1229 948 ille
1257 922 1400 949 tamen:
1431 919 1491 959 0.,
1515 915 1631 949 minus
1651 926 1766 949 venu-

229 968 300 1003 ste,
325 960 430 994 aiunt.
472 962 519 994 At
534 971 600 993 nec
619 959 767 994 alterum
785 960 868 994 satis
886 968 1041 995 venuste.
1080 962 1203 1006 (Recte
1221 961 1485 1008 interpungitur
1503 964 1585 997 ille:
1616 965 1765 1004 Tamen,

228 1007 252 1041 i.
273 1019 303 1041 e.
327 1006 414 1041 licet
435 1006 560 1050 sciam,
595 1006 729 1041 nullum
753 1005 882 1041 amoris
905 1020 983 1042 esse
1009 1008 1204 1042 remedium
1226 1009 1263 1042 in
1285 1009 1385 1044 luctu
1411 1018 1446 1044 et
1470 1010 1645 1053 lacrimis,
1670 1009 1767 1043 iuvat

227 1062 345 1089 tamen
362 1054 547 1099 indulgere
570 1053 651 1088 huic
674 1055 812 1098 dolori,
846 1055 942 1101 quod
963 1067 1062 1089 meos
1084 1067 1220 1089 amores
1247 1069 1319 1091 non
1342 1057 1513 1092 tacebunt
1531 1056 1674 1092 Arcadii
1694 1068 1764 1102 pa-

228 1100 353 1136 stores.¹
407 1104 544 1136 Tamen
564 1101 600 1135 in
622 1101 772 1136 solando
794 1102 904 1137 habet
920 1102 1055 1137 locum:
1081 1106 1167 1137 Aen.
1186 1104 1250 1146 IV,
1265 1105 1346 1142 328.
1370 1117 1466 1151 sqq.:
1492 1106 1554 1148 „si
1573 1105 1650 1152 quis
1674 1103 1765 1137 mihi

227 1149 392 1195 parvulus
410 1149 492 1183 aula
508 1149 666 1183 Luderet
683 1152 841 1192 Aeneas,
877 1150 938 1196 qui
961 1158 996 1184 te
1018 1157 1109 1184 tam
1122 1162 1174 1184 en
1200 1163 1261 1184 ore
1283 1152 1457 1194 referret,
1495 1153 1580 1188 Non
1598 1151 1763 1199 equidem

228 1196 370 1230 omnino
394 1204 496 1243 capta
514 1209 555 1230 ac
580 1196 723 1230 deserta
747 1197 900 1232 viderer.
914 1200 936 1217 ‘⁴
974 1197 1031 1240 X,
1060 1199 1142 1234 507.
1163 1211 1260 1244 sqq.:
1298 1202 1359 1241 „0
1387 1199 1493 1234 dolor
1520 1207 1626 1246 atque
1656 1199 1763 1233 decus

226 1256 390 1289 magnum
408 1243 564 1278 rediture
584 1244 743 1289 parenti!
778 1246 876 1279 Haec
893 1252 928 1279 te
945 1245 1060 1290 prima
1079 1245 1155 1279 dies
1176 1246 1273 1279 bello
1295 1246 1416 1288 dedit,
1442 1247 1531 1282 haee
1553 1247 1678 1281 eadem
1696 1257 1764 1279 au—

226 1292 312 1325 fert:
350 1293 464 1333 Quum
494 1298 644 1324 tamen
671 1291 834 1337 ingentes
854 1292 1067 1326 Rutulorum
1093 1293 1224 1338 linquis
1246 1294 1442 1328 acervos!“
1492 1295 1652 1329 Ceterum
1671 1294 1763 1327 bene

227 1338 433 1374 WunderL:
459 1338 664 1381 „Particula
688 1348 747 1382 at,
772 1339 920 1374 deorum
943 1339 1253 1374 adhortationibus
1276 1341 1438 1375 dolorem
1458 1341 1532 1376 eius
1553 1342 1645 1376 nihil
1662 1340 1763 1375 leva-

225 1392 300 1420 tum
317 1398 395 1420 esse
408 1413 417 1429 ,
441 1385 692 1431 significatur.“
722 1386 819 1432 Wr.)
916 1388 964 1424 32
989 1386 1183 1422 Montibus
1198 1388 1271 1421 heu
1291 1401 1329 1422 v.
1347 1389 1481 1425 Zulich.
1508 1390 1651 1424 nostris
1669 1389 1761 1424 Ven.

227 1440 264 1466 et
291 1445 379 1467 unus
397 1435 528 1467 Moret.
580 1433 682 1475 olim3
717 1447 749 1468 c.
766 1447 805 1481 p.
838 1434 929 1468 coni.
948 1434 1098 1469 Florens
1118 1434 1351 1470 Christianus.
1387 1438 1523 1483 parati
1537 1437 1678 1482 Menag.
1692 1463 1702 1479 ,
1725 1442 1764 1468 ut

226 1493 333 1526 supra
353 1480 426 1515 Ecl.
448 1482 525 1523 VII,
551 1480 585 1515 5.
680 1481 727 1517 33
755 1484 784 1514 O
802 1482 891 1515 milzi
909 1494 1019 1528 qaam
1035 1490 1112 1516 tum
1139 1483 1266 1527 fragm.
1287 1484 1421 1518 Moret.
1465 1492 1543 1517 tam
1565 1496 1703 1518 erasum
1725 1482 1763 1516 in

225 1529 331 1563 Voss.
370 1540 472 1562 nunc
494 1540 603 1575 quam
619 1527 755 1561 Moreti
778 1535 932 1574 quartus.
972 1531 1161 1576 quiescent
1179 1529 1276 1563 idem
1292 1542 1368 1564 cum
1386 1530 1488 1565 Leid.
1508 1543 1563 1577 pr.
1585 1544 1605 1565 a
1622 1543 1667 1565 m.
1691 1542 1762 1564 sec.

226 1574 283 1609 ed.
303 1577 394 1609 Ven.
415 1574 564 1608 Mediol.
584 1580 621 1609 et
640 1574 719 1609 aliis
739 1576 832 1621 apud
850 1575 1021 1620 Pierium,
1045 1577 1142 1611 idem
1160 1577 1282 1619 Goth„
1300 1578 1404 1631 'quod
1417 1578 1586 1613 Catroeus
1604 1577 1760 1623 recepit3

227 1629 263 1656 et
288 1622 399 1655 habet
426 1622 497 1655 vim
527 1622 573 1655 ad
603 1629 761 1656 nostram
791 1623 965 1669 loquendi
989 1624 1176 1658 rationem.

940 1670 989 1708 34
1012 1673 1158 1707 Nostra
1180 1684 1233 1719 pr.
1255 1672 1401 1707 Moreti.
1440 1674 1495 1708 sic
1511 1673 1656 1719 fistula
1679 1671 1760 1706 cod.

225 1669 393 1704 Rottend.
418 1681 490 1704 sec.
519 1675 557 1703 et
580 1669 651 1703 duo
678 1670 846 1705 Leidens.

225 1716 376 1751 Barthii.

224 1825 320 1852 nam
350 1811 593 1851 sententiam
624 1812 821 1852 conficere
839 1811 964 1853 volu-

224 1884 326 1910 mus,
357 1869 484 1909 Amor
507 1869 747 1925 χαιρὲκακος
768 1886 851 1910 non
870 1885 964 1910 mo·-

226 1929 280 1968 do
302 1928 485 1967 dolorem
514 1934 556 1967 et
584 1929 812 1969 cruciatum
842 1930 966 1969 mise-

223 2000 367 2027 rorum
389 1987 612 2026 amantium
636 1988 695 2027 nil
716 1994 859 2039 curat,
892 1988 965 2027 sed

225 2046 348 2084 etiam
372 2045 501 2095 ridet,
542 2042 664 2100 ἄγρια
698 2047 882 2097 naboan,
912 2053 963 2086 ut

224 2102 414 2143 Moschus
442 2103 561 2156 Idyll.
584 2104 616 2154 I,
645 2107 720 2155 11,
763 2105 962 2157 volupta-

223 2168 387 2213 temque
403 2175 455 2201 ex
473 2174 519 2200 eo
537 2162 665 2215 capit3
695 2176 770 2201 nec
787 2163 962 2202 lacrimis

225 2219 450 2259 amantium
476 2220 652 2259 crudelis
685 2221 770 2260 eius
805 2221 962 2261 animus

223 2291 418 2330 umquam
429 2278 602 2318 satiatur
619 2285 740 2332 atque
759 2280 961 2333 expletur,

225 2342 298 2375 aut
338 2336 391 2375 ad
427 2337 727 2376 miserationem
760 2338 965 2389 vertitur3

225 2394 277 2434 cf.
304 2407 346 2434 v.
375 2397 547 2445 60.·61;
590 2395 637 2434 id
675 2396 789 2448 quod
816 2396 964 2436 deinde

223 2452 439 2507 pastoritia
486 2465 627 2492 rerum
663 2454 963 2494 assimulatione

225 2516 358 2550 ornat.

280 2571 351 2611 31.
382 2569 536 2606 Tamen
554 2568 831 2608 cantabitisA.
843 2584 860 2618 ;
886 2569 962 2608 etsi

221 2624 349 2666 Amor
359 2626 458 2664 talia
475 2626 535 2665 nil
556 2633 686 2678 curat,
708 2640 840 2679 neque
858 2641 960 2679 que-

221 2684 315 2725 relis
341 2683 557 2736 quicquam
590 2685 784 2738 praesidii
816 2691 959 2723 contra

224 2742 307 2782 eius
331 2742 571 2795 ,superbiam
593 2743 719 2793 inest,
749 2749 888 2781 tamen
906 2741 960 2782 ad

221 2800 455 2842 leniendum
474 2799 655 2839 dolorem
682 2814 818 2840 meum
834 2814 881 2839 ac
897 2801 959 2839 le—

222 2858 407 2899 vandum
450 2858 573 2897 faciet
597 2888 608 2909 ,
663 2858 696 2897 si
743 2859 958 2898 cantabitis

193 2921 195 2923 ’
221 2916 341 2956 haec:
371 2931 401 2956 S.
423 2929 526 2968 quae
545 2923 786 2968 sequuntur,
817 2930 847 2956 ε.
867 2917 957 2956 for-

222 2982 367 3016 tunam
391 2987 527 3024 suam,
576 2987 732 3014 amores
755 2988 871 3025 su08‚
909 2981 958 3014 ut

1242 1634 1437 1671 qutescunt
1463 1626 1590 1671 fragm.
1618 1624 1761 1667 Moreti,

1021 1814 1183 1854 subiicit
1210 1812 1296 1867 ipse
1320 1827 1361 1854 v.
1394 1814 1472 1867 343
1511 1821 1634 1855 erunt
1658 1814 1759 1855 adeo

1019 1873 1130 1912 inter
1165 1879 1401 1925 argumenta
1430 1874 1635 1927 pastoritii
1667 1887 1760 1913 car-

1021 1931 1167 1970 minis:
1215 1931 1321 1970 Galli
1361 1932 1540 1972 infelices
1589 1945 1758 1972 amores.

1024 1987 1125 2044 (vid.
1148 1989 1196 2029 V.
1213 1990 1257 2029 L.
1284 1989 1398 2046 Wr.)

1032 2044 1034 2046 ¹
1081 2047 1149 2091 35.
1179 2048 1360 2088 Ductum
1390 2062 1442 2089 ex
1473 2047 1644 2088 Theocr.
1671 2047 1757 2099 VH,

1020 2107 1088 2148 86.
1122 2112 1165 2145 at
1191 2106 1250 2145 ibi
1286 2107 1422 2146 locum
1460 2106 1586 2146 habet
1625 2121 1757 2157 suum,

1020 2177 1113 2203 cum
1133 2164 1184 2202 de
1199 2171 1363 2218 pastore
1379 2165 1537 2205 dudum
1554 2166 1642 2205 vita
1661 2166 1758 2205 sun-

1020 2228 1087 2261 cto
1120 2229 1282 2275 agatur,
1323 2237 1404 2276 quo
1431 2224 1647 2278 superstite
1672 2224 1758 2278 ipse

1018 2281 1160 2320 vivere
1172 2282 1316 2321 vellet:
1336 2278 1431 2324 αἴθ’
1449 2278 1512 2325 ἐπ’
1529 2282 1628 2336 ἐμεῦ
1641 2284 1759 2332 ζωοῖς

1020 2338 1265 2394 ἐναρίθμιος
1287 2336 1442 2393 α’)’φελες
1468 2335 1590 2394 ἦμες·
1620 2337 1678 2390 ὥς
1694 2355 1758 2382 τοι

1022 2395 1126 2451 ἐγών
1154 2395 1349 2451 ἐνόμευον
1374 2391 1447 2440 ἄν’
1467 2397 1573 2454 ὄρεα
1592 2396 1668 2448 τοὶς
1684 2414 1756 2439 κα·

1021 2452 1095 2504 λοῖς
1114 2452 1246 2510 αἶγας,
1269 2459 1415 2507 φωνᾶς
1435 2457 1601 2506 εἶςαΐων
1612 2479 1681 2496 -.
1700 2455 1757 2496 At

1020 2512 1061 2552 h.
1082 2514 1108 2552 l.
1139 2514 1450 2553 confunduntur
1472 2514 1659 2553 notiones
1688 2515 1756 2555 vi·-

1019 2577 1086 2610 tae
1103 2572 1341 2624 pastoritiae
1361 2578 1402 2611 et
1418 2572 1624 2612 militaris:
1655 2573 1755 2612 Gal-

1017 2629 1100 2679 lus,
1133 2643 1254 2682 quem
1273 2629 1410 2670 adhuc
1422 2631 1661 2671 videbamus
1678 2643 1755 2685 pa-

1017 2692 1169 2726 storem
1196 2688 1240 2726 in
1267 2686 1443 2728 Arcadia
1466 2689 1683 2729 cubantem
1709 2689 1755 2729 in

1017 2750 1137 2783 antro
1159 2751 1200 2784 et
1229 2759 1385 2786 amores
1415 2747 1630 2787 deflentem
1643 2778 1654 2798 ‚
1684 2761 1754 2788 re-

1014 2809 1137 2855 pente
1154 2803 1197 2842 in
1217 2816 1325 2857 seqq.
1349 2805 1399 2844 fit
1418 2806 1532 2845 miles
1550 2807 1593 2845 in
1619 2806 1754 2858 aliqua

1015 2861 1272 2913 expeditione
1288 2876 1467 2904 versans.
1513 2864 1669 2904 Iudicio
1684 2877 1753 2903 re-

1015 2924 1082 2958 cto
1108 2932 1156 2959 ae
1180 2920 1351 2974 simplici
1379 2922 1454 2962 vix
1474 2921 1577 2961 haec
1596 2936 1637 2962 se
1654 2922 1753 2961 satis

1012 2977 1189 3030 probare
1205 2985 1377 3032 possunt
1384 2995 1395 3032 ;
1417 2987 1460 3020 at
1480 2979 1751 3021 condonanda
