1734 3320
174 255 277 303 460
523 253 579 302 P.
625 251 976 304 VIRGILII
1018 251 1384 303 MARONIS

172 376 310 428 Inde
330 376 425 427 ubi
449 377 556 427 iam
578 377 765 428 validis
794 376 1068 445 amplexae
1093 377 1344 445 stirpibus
1370 376 1549 427 ulmos

171 448 435 512 Exierint‚
471 456 590 498 tum
612 450 811 514 stringe
835 465 1040 512 comaS‚
1078 456 1196 498 tum
1217 447 1435 497 brachia
1458 446 1654 498 tonde:

172 521 312 569 Ante
334 516 695 574 reformidant
716 517 946 570 ferrum:
985 527 1101 567 tum
1126 514 1363 585 den‘ique
1389 516 1522 567 dura

171 590 372 639 Exerce
399 588 647 655 imperia,
691 598 745 639 et
767 606 948 639 ramos
975 603 1241 654 conpesce
1267 586 1498 639 fluentis,
1599 588 1702 639 370

245 658 533 710 Texendae
566 675 753 726 saepes
786 659 977 722 etiam,
1025 666 1078 707 et
1111 674 1278 724 pecus
1313 674 1480 708 omne
1509 666 1703 707 tenen-

966 726 1124 791 dum,

172 798 469 866 Praecipue
510 797 643 848 dum
684 795 838 847 frons
882 806 1071 848 tenera
1101 795 1512 869 inprudensque
1549 796 1703 846 labo—

962 884 1112 919 rum:

175 938 298 1002 Cui,
336 954 500 1006 super
517 937 759 1004 indignas
782 936 992 988 hiemes
1014 937 1299 1005 solemque
1322 945 1632 1005 potentem,

219 1068 289 1103 367
313 1067 451 1101 validis
472 1067 662 1114 amplexae
678 1064 821 1101 viribus
839 1066 970 1100 Medic.
987 1079 1007 1101 a
1037 1079 1082 1100 m.
1103 1078 1173 1100 sec.
1197 1065 1331 1100 Zulich.
1345 1066 1485 1100 Moret..
1499 1073 1612 1111 quart.
1634 1077 1702 1110 pro

171 1127 243 1149 var.
262 1114 344 1149 lect.
365 1114 421 1148 ed.
442 1115 589 1148 Mediol.
610 1115 724 1148 Colot.
752 1113 895 1156 Ursini,
931 1126 1018 1148 unus
1050 1113 1276 1154 Meadianus5
1315 1119 1353 1148 et
1381 1113 1540 1147 arridere
1567 1119 1703 1158 potest.

171 1162 243 1197 Sed
261 1169 315 1195 est
334 1162 524 1196 memoriae
544 1162 664 1206 lapsus
687 1174 729 1195 ex
751 1161 931 1206 frequenti
952 1168 1138 1207 poetarum
1155 1160 1311 1194 lectione
1332 1168 1431 1194 ortus
1444 1187 1453 1203 ‚
1480 1160 1703 1204 sive‘Gram—

171 1209 289 1243 matici
310 1209 413 1243 nimis
433 1210 523 1243 acuti
542 1209 785 1254 interpolatio.
811 1210 866 1254 (V
862 1207 980 1242 itibus
998 1216 1051 1242 est
1070 1208 1183 1242 altera
1199 1207 1308 1242 lectio
1327 1206 1501 1250 Medicei3
1526 1206 1705 1255 stirpibus

171 1263 323 1291 tractum
340 1257 453 1290 videri
473 1257 589 1303 possit
608 1269 650 1290 ex
671 1257 736 1290 Ge.
757 1257 800 1298 ΙΙ,
826 1254 902 1291 53.:
930 1254 1141 1302 „stirpibus
1168 1257 1280 1288 exit.“
1339 1255 1502 1290 Ceterum
1528 1262 1603 1296 tam
1635 1266 1702 1299 pro

171 1306 244 1339 iam
260 1304 388 1338 Medic.
419 1305 516 1349 Wr.)
612 1305 682 1340 368
707 1313 797 1337 tunc
830 1308 912 1336 ante
943 1304 1084 1345 Burm.,
1118 1301 1214 1348 quod
1241 1303 1417 1335 Romanus
1447 1308 1570 1336 (tuetur
1598 1301 1704 1336 etiam

171 1364 269 1397 sequ.
289 1364 322 1386 v.
348 1352 490 1397 (Medic.
510 1350 565 1384 bis
588 1360 697 1394 tunc,
719 1364 770 1384 vs.
789 1357 904 1383 tamen
927 1363 979 1396 sq.
999 1358 1088 1384 tum.
1120 1348 1191 1383 vid.
1213 1350 1255 1391 Q.
1280 1350 1326 1382 V.
1347 1349 1471 1392 XXV,
1496 1351 1530 1391 5,
1554 1349 1589 1383 b.
1613 1355 1702 1383 extr.

177 1399 272 1443 Wr.)
318 1400 429 1433 tende
460 1398 571 1433 Goth.
589 1411 643 1444 pr.
740 1399 810 1434 369
836 1396 1080 1444 reformident
1097 1396 1179 1430 duo.
1284 1396 1356 1431 370
1381 1409 1504 1431 ramos
1529 1409 1704 1443 conpesce

170 1447 341 1481 valentes
358 1447 537 1480 Romanus
552 1473 560 1489 ,
587 1445 683 1491 quod
698 1445 833 1479 Pierius
850 1444 1021 1478 Varronis
1042 1444 1185 1490 quidem
1201 1443 1282 1477 loco
1302 1443 1348 1476 de
1364 1445 1407 1478 R.
1430 1445 1472 1478 R.
1490 1445 1517 1487 Ι,
1541 1444 1586 1479 51
1612 1455 1703 1477 con—

171 1494 304 1534 firmat3
331 1500 368 1528 at
389 1501 556 1539 quantum
573 1493 677 1527 alteri
698 1498 879 1527 venustate
908 1493 1033 1533 cedat,
1068 1491 1174 1525 facile
1200 1497 1362 1535 apparet.
1410 1492 1499 1525 Item
1525 1502 1602 1535 sup.
1631 1490 1702 1526 359

171 1541 206 1574 in
229 1548 332 1586 parte
351 1542 455 1575 codd.
472 1541 621 1586 legitur:
645 1540 855 1585 videturque
890 1539 981 1573 adeo
1002 1550 1128 1583 vagum
1154 1537 1194 1571 in
1218 1537 1377 1582 margine
1398 1538 1530 1581 vetusti
1556 1538 1702 1572 alicuius

171 1588 304 1623 codicis
332 1589 513 1634 appictum
539 1588 660 1622 fuisse.
705 1589 890 1634 (fluentes
918 1586 1047 1620 Medic.
1083 1585 1178 1630 Wr.)
1282 1586 1351 1631 371
1386 1585 1473 1619 Post
1503 1586 1703 1619 tenendum

170 1644 253 1671 ante
269 1635 392 1670 Heius.
413 1642 491 1669 erat
514 1644 589 1677 est3
623 1635 799 1668 sublatum
829 1633 1019 1668 secundum
1039 1632 1171 1674 libros;
1203 1632 1307 1667 abest
1332 1631 1436 1666 etiam
1457 1645 1477 1666 a
1496 1631 1660 1666 Mediceo
1682 1644 1703 1666 a

170 1696 216 1717 m.
235 1696 289 1729 pr.
314 1691 348 1717 et
370 1696 391 1717 a
405 1682 525 1717 multis
546 1691 594 1717 et.
637 1683 720 1728 (vid.
742 1684 784 1724 Q.
807 1682 853 1715 V.
873 1682 973 1723 XVI,
1001 1682 1032 1717 1.
1065 1680 1161 1724 W‘r.)
1211 1681 1412 1722 Romanus,
1445 1679 1701 1713 vetustissimus

170 1731 285 1773 liber,
311 1737 348 1764 et
374 1729 510 1764 Bodlei.
540 1731 729 1763 tuendum.
778 1728 946 1762 Arundel.
979 1736 1015 1761 et
1042 1729 1114 1762 iam
1129 1739 1246 1775 pecus
1266 1739 1371 1761 omne
1396 1727 1616 1761 timendum:
1640 1726 1702 1759 in-

171 1778 409 1824 terpolatione
428 1789 500 1811 non
519 1777 627 1817 mala;
662 1783 700 1809 ut
717 1781 809 1810 nunc
830 1775 934 1808 etiam
961 1775 1143 1809 Reiskium
1164 1773 1357 1808 coniecisse
1388 1773 1506 1807 video.
1554 1777 1602 1808 At
1619 1774 1702 1807 vul·-

172 1832 256 1870 gata
274 1825 366 1859 ratio
386 1824 527 1858 doctior
549 1836 626 1857 esse
642 1824 792 1857 videtur.

887 1823 959 1858 372
983 1825 1189 1855 Praeterea
1212 1834 1322 1867 quum
1331 1820 1448 1867 frons
1468 1829 1599 1854 tenera
1618 1822 1701 1855 No-

170 1883 249 1906 mus
271 1872 308 1906 in
317 1871 444 1917 frons.
494 1871 652 1906 Servium
663 1869 784 1917 fruns
800 1869 932 1914 legisse
951 1869 1120 1903 credebat
1143 1869 1259 1901 Burm.
1282 1874 1318 1901 et
1333 1868 1474 1902 Wakef.
1495 1868 1540 1901 ad
1558 1869 1700 1902 anret.

170 1921 214 1962 11,
240 1919 320 1955 596.

415 1919 486 1955 373
509 1919 692 1964 solemque
710 1925 890 1964 tepentem
907 1918 1048 1961 Menag.
1067 1915 1126 1949 alt.
1147 1927 1214 1960 pro
1235 1914 1374 1948 diversa
1392 1914 1559 1949 lectione.
1592 1915 1700 1949 Male.

172 1968 304 2012 Georg.
331 1968 366 2010 Ι,
390 1966 437 2002 92
465 1966 635 2014 rapidive
649 1966 823 2012 potentia
848 1964 950 1999 solis.
998 1963 1185 1998 Schrader.
1214 1962 1251 1995 in
1270 1961 1411 1997 schedis
1431 1962 1522 2001 coni.
1547 1963 1703 1997 Edonas

170 2014 316 2049 hiemes.

170 2126 220 2150 ra
248 2111 447 2162 imperia,
496 2109 539 2149 h.
571 2122 731 2159 severa,
782 2122 804 2147 a
842 2107 907 2147 dj-

171 2170 225 2208 sci
229 2169 339 2222 plina
360 2169 526 2208 militari
544 2168 738 2222 petitum3
758 2167 840 2206 sive
856 2167 906 2206 ab

172 2228 284 2279 equis
316 2227 500 2279 regendis
539 2227 607 2266 vel
647 2226 806 2279 pueriS‚
855 2239 906 2264 ex

170 2285 394 2325 Burmanni
422 2286 642 2335 sententia,
674 2284 744 2336 qui
762 2283 907 2322 laudat

170 2344 318 2383 Horat.
349 2344 479 2382 carm.
506 2343 583 2393 IV,
608 2346 654 2393 1,
688 2346 724 2384 6.
754 2345 792 2383 7.
825 2342 904 2381 Cic.

172 2403 259 2441 Cat.
280 2402 371 2440 mai.
399 2403 449 2445 15
470 2404 592 2440 vitem
605 2415 799 2454 —quam
819 2415 904 2438 ser—

166 2469 331 2512 pentem
349 2461 569 2511 multiplici
585 2461 707 2510 lapsu
737 2467 774 2496 et
794 2472 906 2496 erra—-

171 2521 248 2557 tico
278 2519 384 2557 ferro
413 2524 627 2571 amputans
653 2522 811 2555 coercet
841 2530 905 2555 ars

172 2577 457 2630 agricolarum,
509 2591 558 2614 ne
598 2576 787 2613 silvescat
812 2589 905 2612 sar-

171 2637 314 2674 mentis
336 2643 371 2672 et
394 2637 436 2672 in
457 2648 591 2672 omnes
613 2641 754 2684 partes
771 2634 903 2670 nimia

165 2693 382 2745 fundatur.
448 2695 543 2733 370.
573 2705 708 2729 ramos
715 2691 900 2741 fluentis,

170 2751 368 2806 palmitis,
400 2749 644 2798 diffluentes,
684 2748 902 2786 luxurian—

170 2816 244 2850 tes.
285 2809 472 2848 Diversae
498 2813 593 2846 sunt
603 2805 902 2858 fluidaefion—

171 2869 241 2907 des
267 2866 444 2906 Lucretii
472 2866 525 2915 11,
559 2865 656 2913 596,
685 2862 726 2902 h.
753 2863 904 2913 molles,

173 2941 196 2965 a
217 2931 341 2966 vento
360 2924 475 2964 facile
502 2923 703 2962 decussae.

230 2987 311 3027 371
326 2982 491 3025 —419.
520 2982 618 3021 Post
636 2993 736 3033 opus
755 2979 905 3017 sollen-

174 3054 226 3081 ne
247 3042 381 3081 cultus
408 3039 597 3081 vineatici
623 3043 903 3077 memorantur

966 2120 1068 2159 quae
1118 2105 1255 2146 adhuc
1297 2106 1467 2147 vinitori
1518 2105 1700 2144 curanda

965 2171 1079 2204 sunt:
1097 2165 1230 2218 primo
1247 2166 1336 2204 loco
1356 2163 1579 2204 avertenda
1589 2170 1698 2214 sunt,

965 2237 1066 2276 quae
1085 2224 1256 2263 novellis
1274 2223 1427 2263 vitibus
1443 2226 1699 2275 nocerefpos-

964 2282 1064 2321 sint:
1106 2282 1303 2335 pecude5‚
1350 2282 1495 2334 frigus,
1544 2286 1698 2319 aestus:

964 2340 1079 2379 ducit
1116 2354 1162 2378 ea
1188 2354 1253 2379 res
1291 2339 1344 2378 ad
1377 2338 1699 2378 immolationem

963 2398 1068 2438 hirci
1087 2398 1247 2438 Baccho
1281 2397 1371 2438 fieri
1398 2397 1578 2448 solitam;
1607 2402 1698 2435 tum

963 2470 1023 2497 vs,
1048 2460 1132 2499 397
1149 2471 1207 2508 sq.
1230 2456 1450 2509 repetenda
1478 2461 1537 2493 est
1567 2454 1697 2493 omnis

960 2516 1030 2554 illa
1052 2529 1149 2554 cura
1161 2515 1350 2555 vinitoria
1365 2512 1558 2563 fodiendi,
1578 2527 1697 2565 pam-

960 2573 1151 2626 pinandi,
1191 2571 1377 2625 putandi.
1401 2594 1459 2601 --
1485 2571 1697 2609 tenendam

960 2645 1107 2684 pecuS,
1145 2629 1188 2668 h.
1221 2628 1535 2678 continendum,
1579 2642 1696 2668 coer-

961 2689 1157 2738 cendum,
1199 2701 1279 2739 quo
1299 2688 1385 2740 ipso
1405 2687 1580 2726 efficitur
1599 2687 1695 2726 vul-

958 2753 1049 2799 gata
1060 2746 1354 2798 interpretatio,
1368 2745 1601 2795 arcendum,
1613 2758 1693 2796 quo

958 2804 1157 2844 vocabulo
1178 2804 1329 2843 Plinius
1351 2804 1396 2842 in
1413 2803 1553 2843 eodem
1573 2816 1695 2856 prae-

964 2869 1081 2915 cepto
1101 2863 1232 2901 utitur
1252 2862 1378 2912 XVII,
1395 2865 1463 2911 22,
1487 2876 1516 2901 S.
1535 2865 1603 2912 35,
1627 2863 1692 2903 17.

938 2923 1060 2963 '372
1077 2920 1202 2972 frons
1240 2921 1455 2972 inprudens
1491 2919 1688 2969 laborum,

961 2978 1002 3018 h.
1024 2978 1189 3018 frondes
1204 2978 1365 3031 ignarae
1383 2983 1425 3017 et
1438 2977 1693 3030 impatientes

960 3036 1129 3077 iniuriae
1167 3050 1218 3076 ex
1249 3036 1371 3076 dente
1397 3035 1575 3089 pecudis.
1607 3032 1691 3088 (re-
