1768 3320
207 275 269 323 14
463 270 563 318 DE
611 265 976 319 CARMINE
1029 257 1456 311 BUCOLICO

204 407 257 448 et
287 394 520 446 refertur
554 391 841 442 facetum
878 387 1099 438 omnino
1132 383 1198 433 ad
1228 382 1308 447 id,
1361 383 1511 451 quod
1546 382 1721 451 placet

205 475 259 519 et
287 456 583 517 iucundum
623 471 722 526 est,
778 467 1000 527 propter
1041 453 1355 519 elegantiam
1398 453 1628 504 maxime
1668 462 1721 503 et

202 536 470 588 urbanum
499 532 730 599 aliquem
763 530 1030 596 leporem;
1101 522 1198 573 sed
1232 522 1432 574 molle
1479 523 1549 573 ita
1588 523 1721 573 acci-

201 605 467 676 piendum
499 611 600 667 est,
654 609 714 650 ut
740 599 1046 648 suavitatem
1085 591 1370 658 significet,
1429 610 1566 661 quae
1598 609 1722 643 cum

206 674 466 743 aequabili
510 681 563 722 et
589 670 811 720 remisso
848 682 1044 733 genere
1076 664 1358 713 coniuncta
1388 672 1491 725 est;
1547 676 1721 730 oppo-

206 747 351 796 nitur
391 743 535 793 enim
586 755 742 806 epos
786 737 961 787 forte
1005 734 1184 786 Varii
1232 733 1423 799 acriS‚
1493 742 1546 784 et
1579 731 1722 800 apud

207 815 529 867 Ciceronem
570 808 790 858 mollis
828 816 880 857 et
914 804 1188 856 remissa
1225 803 1394 853 oratio
1425 802 1723 854 vehemen-

207 884 328 936 tiori
374 891 427 932 et
464 878 758 943 intentiori,
813 894 915 945 qua
956 875 1118 925 animi
1150 873 1410 925 tumultus
1451 889 1510 924 ac
1541 882 1724 924 motus

210 954 510 1006 excitantur.

342 1010 635 1088 Atque'his
666 1016 815 1066 dictis
853 1015 936 1065 vix
964 1014 1252 1082 quicquam
1282 1012 1596 1064 addendum
1629 1021 1724 1077 est,

207 1103 267 1145 ut
290 1091 431 1142 illam
462 1104 717 1150 caussam,
754 1103 888 1153 quae
907 1094 1018 1134 tam
1051 1084 1269 1134 diversis
1298 1083 1587 1134 hominum
1623 1082 1724 1133 do-

211 1174 417 1214 ctorum
441 1157 643 1208 iudiciis
666 1156 949 1222 disceptata
981 1164 1074 1220 est,
1098 1150 1468 1219 diiudice'muS,
1503 1162 1724 1203 utrum

209 1230 521 1296 Virgilius
559 1226 921 1277 Theocrito
958 1233 1268 1292 praestet.
1343 1227 1459 1287 Qua
1491 1224 1547 1273 in
1575 1239 1725 1273 com-

208 1301 480 1370 paratione
511 1295 728 1347 difficile
766 1304 844 1345 est
876 1296 1106 1362 assequi,
1146 1294 1277 1363 quid
1311 1309 1503 1360 magna
1534 1310 1726 1343 eorum

207 1388 326 1440 pars
354 1376 574 1436 sequuta
604 1367 691 1430 sit,
756 1366 847 1432 qui
885 1365 1166 1431 Virgilium
1202 1365 1494 1415 Theocrito
1548 1363 1606 1413 in
1632 1379 1726 1428 ge-

208 1457 337 1491 nere
378 1437 622 1487 bucolico
667 1453 828 1503 quam
872 1437 1101 1485 maxime
1154 1433 1569 1486 anteferendum
1610 1444 1725 1483 esse

210 1510 589 1566 existimarunt;
638 1505 734 1555 sed
776 1506 1164 1557 consuetudine
1203 1504 1344 1569 fere,
1400 1503 1726 1568 auctoritate,

212 1594 478 1646 caecoque
499 1574 674 1643 aliquo
697 1592 879 1626 amore
904 1586 956 1627 et
974 1577 1182 1644 impetu
1204 1589 1296 1627 eos
1318 1575 1441 1626 duci
1460 1573 1640 1625 videas
1650 1575 1726 1645 *23

211 1664 535 1719 quamquam
567 1646 839 1696 interdum
868 1664 938 1697 ne
965 1647 1000 1696 ii
1024 1646 1247 1715 quidem
1275 1647 1390 1713 ipsi,
1429 1646 1520 1713 qui
1543 1643 1727 1695 Theo-

213 1721 403 1769 critum
443 1716 600 1765 huius
639 1717 879 1766 carminis
907 1734 1098 1767 verum
1133 1717 1446 1782 magistrum
1476 1731 1590 1765 esse
1625 1713 1728 1763 lar-

212 1790 451 1855 giuntur,
497 1786 674 1836 iudicii
703 1787 1045 1837 subtilitatem
1076 1796 1128 1838 et
1159 1803 1386 1837 acumen
1417 1785 1575 1835 nobis
1607 1785 1728 1834 satis

215 1857 542 1926 approbant,
618 1855 748 1906 dum
794 1856 909 1908 fere
950 1859 1170 1908 minutis
1214 1857 1396 1907 nescio
1441 1855 1634 1924 quibus
1677 1862 1731 1904 et

213 1926 562 1995 grammaticis
605 1942 724 1975 rem
762 1928 1075 1978 rationibus
1104 1926 1374 1980 decidunt.
1445 1925 1729 1991 Virgilio

217 1996 584 2063 elegantiae
628 1995 911 2064 laudem,
973 1998 1322 2064 dignitatis
1369 2005 1431 2048 et
1475 1995 1729 2046 doctri-

215 2084 334 2117 nae
370 2082 532 2116 nemo
568 2066 848 2128 invidebit3
904 2069 1000 2119 sed
1033 2067 1470 2135 simplicitate
1518 2075 1580 2117 et
1615 2082 1729 2114 na-

215 2136 414 2187 turali
463 2135 676 2203 aliqua
725 2148 1073 2189 venustate
1122 2154 1480 2205 rerumque
1542 2136 1730 2202 copia

225 2223 294 2256 ac
341 2206 662 2256 varietate
707 2224 837 2257 non
871 2210 1086 2259 minus
1125 2209 1302 2260 cedit
1341 2207 1730 2269 Theocrit0‚

220 2291 409 2344 quam
446 2290 543 2323 ars
578 2282 872 2344 naturae,
934 2297 1095 2347 quam
1133 2281 1348 2330 vincere
1387 2277 1609 2346 quidem
1647 2274 1731 2325 illa

220 2360 447 2412 operose
481 2344 535 2392 in
566 2345 810 2409 singulari
842 2349 1012 2417 aliqua
1040 2367 1100 2400 re
1132 2359 1335 2417 potest,
1372 2347 1469 2398 sed
1499 2348 1555 2397 in
1586 2363 1732 2396 sum-

218 2431 306 2463 ma
333 2414 410 2462 rei
441 2413 580 2462 iners
611 2423 663 2463 ct
689 2433 820 2467 vana
846 2418 1095 2470 habenda
1128 2429 1219 2473 est.
1289 2423 1509 2483 Verum,
1548 2417 1733 2467 etiam—

219 2484 262 2533 si
298 2500 394 2550 par
427 2482 535 2532 laus
570 2484 783 2552 utrique
813 2488 868 2537 in
900 2490 960 2538 iis
1001 2490 1124 2556 ipsis
1161 2490 1349 2554 rebus,
1405 2504 1542 2557 quae
1568 2485 1733 2536 maxi-

218 2569 340 2603 mae
369 2561 514 2617 sunt,
568 2564 727 2620 esset,
786 2557 1101 2609 Theocritus
1131 2569 1313 2611 tamen
1347 2559 1403 2609 in
1441 2574 1506 2608 eo
1535 2557 1733 2624 primas

219 2631 423 2686 tuetur,
487 2623 634 2689 quod
680 2641 739 2674 ea
777 2627 1001 2692 invenit,
1058 2630 1113 2679 in
1156 2630 1348 2699 quibus
1388 2625 1733 2679 retractandis

221 2691 353 2742 alter
386 2701 438 2742 et
466 2691 728 2758 poliendis
761 2711 817 2746 se
849 2699 1132 2759 continuit;
1171 2700 1320 2768 quod
1349 2698 1588 2767 quamvis
1619 2712 1734 2746 ma—

219 2777 328 2828 gno
365 2762 684 2829 plerumque
728 2764 941 2830 ingenio
980 2767 1181 2819 sactum
1217 2787 1382 2820 nemo
1412 2777 1598 2834 neget,
1651 2766 1733 2823 in-

269 2885 297 2932 ‘)
312 2886 407 2921 Nolo
426 2886 594 2931 Scaligeri
613 2888 757 2922 criticen
773 2890 808 2922 in
820 2890 949 2934 poetic.
1006 2892 1138 2925 Franc.
1168 2894 1356 2927 Sclzmeizii
1387 2892 1511 2926 similis
1542 2888 1734 2935 disputatio

222 2933 286 2968 lib.
307 2935 361 2976 V,
386 2940 423 2967 et
441 2934 501 2978 qui
521 2946 597 2967 eum
613 2937 751 2980 sequuti
770 2944 869 2979 sunt,
893 2938 951 2971 hic
1007 2936 1057 2971 ita
1086 2947 1286 2983 comparata
1318 2945 1391 2982 est,
1425 2946 1465 2973 ut
1483 2938 1550 2973 tali
1566 2936 1733 2982 magistro

223 2981 386 3015 excitare.
433 2981 523 3023 Sed,
556 2993 644 3026 quae
660 2995 810 3028 nuperae
828 2984 952 3028 Virgi-
1011 2984 1129 3019 iudicii
1149 2986 1259 3020 critici
1280 2986 1514 3020 subtilitatem
1533 2984 1592 3021 vix
1619 2993 1734 3019 acuas·

222 3026 262 3061 lii
299 3026 447 3062 editioni
484 3029 662 3062 Romanae
710 3031 847 3065 adiecta
888 3039 953 3074 est,
