1768 3320
151 213 260 276 ‘118
469 223 524 273 P.
570 218 935 272 vinoun
980 211 1360 265 MARole

159 355 334 418 Atq'ue
361 347 510 398 idem
530 347 712 410 iungat
737 343 945 410 vulpffi,
986 348 1039 390 et
1060 338 1298 403 mulgeat
1311 336 1504 390 hircos,

159 438 208 473 n.
247 418 351 483 Qui
367 418 538 483 legitis
561 414 723 465 flores
748 423 801 464 et
821 410 973 462 humi
995 408 1263 458 nascentia
1282 405 1442 473 fraga,

159 487 426 554 Frigidus,
464 504 495 537 o
515 485 685 554 pueri,
721 482 887 548 fugite
906 481 1047 543 hinc,
1076 478 1205 528 latet
1225 478 1407 543 anguis
1423 477 1479 527 in
1495 475 1679 530 herba.

161 577 216 612 M.
238 559 458 621 Parcite,
482 573 622 619 oveS,
647 554 875 604 nimium
897 547 1222 617 procedere;
1241 564 1355 598 non
1369 548 1514 598 bene
1532 547 1679 615 ripae

165 628 434 682 Creditur:
471 628 583 693 ipse
603 625 734 674 aries
758 623 916 672 etiam
939 635 1083 669 nunc
1101 618 1304 669 vellera
1323 618 1494 671 siccat.
1612 618 1679 670 95

162 716 210 752 n.
249 700 427 763 Tityre
443 738 455 759 ,
492 694 753 762 pascentis
775 710 801 741 a
822 690 1049 740 flumine
1075 689 1218 738 reice
1239 687 1489 756 capellas3

164 772 312 836 Ipse,
347 767 441 817 ubi
462 776 674 830 tempus
700 762 819 826 erit,
858 760 1033 810 omnis
1057 759 1111 807 in
1140 757 1295 808 fonte
1316 757 1517 809 lavabo,

165 856 220 891 Μ.
260 838 446 902 Cogite
472 835 606 900 ovis,
644 831 820 899 pueri3
859 831 900 879 si
923 829 1002 878 lac
1020 828 1356 895 praeceperit
1376 836 1564 891 aestUS,

165 911 237 960 Ut
257 923 455 973 nuper,
490 902 682 953 frustra
705 900 1063 969 pressabimus
1083 898 1252 949 ubera
1269 897 1473 965 palmis,

166 995 214 1030 D.
249 981 397 1039 HeU,
442 974 573 1037 hen,
631 988 794 1039 quam
821 969 1006 1038 pingui
1032 985 1214 1019 macer
1245 977 1323 1018 est
1343 967 1480 1018 mihi
1499 976 1681 1017 taurus

932 1065 934 1067 ·
957 1040 1012 1089 in
1039 1043 1195 1090 ervo!
1583 1042 1683 1090 100

258 1142 305 1176 91
330 1138 484 1172 mulceat
498 1138 598 1170 Rom.
617 1142 650 1168 et
671 1135 741 1168 duo
757 1141 884 1167 tresve.
978 1132 1026 1169 94
1051 1141 1139 1168 ante
1150 1145 1208 1180 pr.
1226 1131 1360 1166 Zulich.
1374 1130 1583 1179 producere
1591 1132 1685 1166 Rot-

166 1188 274 1230 tend„
284 1194 321 1221 ut
335 1195 463 1231 pueros
481 1182 654 1228 appellet3
678 1181 774 1227 quod
790 1181 940 1214 illustrat
955 1181 1139 1215 Burmann.
1178 1192 1264 1214 nam
1281 1178 1370 1213 bene
1387 1178 1442 1212 ed.
1453 1179 1542 1212 Dan.
1550 1178 1685 1222 Heius„

167 1234 304 1268 vitiose.
397 1231 444 1267 95
469 1232 578 1264 etlam
597 1241 667 1262 sua
685 1229 824 1272 Menag.
874 1228 941 1273 (—
959 1229 1017 1264 96.
1040 1227 1111 1262 vid.
1130 1228 1174 1262 V.
1190 1227 1231 1261 L.
1250 1227 1314 1260 Ge.
1333 1226 1396 1269 IV,
1416 1225 1497 1262 355.
1518 1233 1554 1259 et
1574 1226 1620 1260 K.
1640 1226 1684 1260 L.

168 1278 374 1316 Schneideri
402 1279 463 1312 Gr.
490 1278 566 1310 Lat.
589 1277 635 1310 V.
661 1276 687 1309 Ι.
718 1287 754 1320 p.
785 1276 810 1308 1.
844 1286 925 1319 pag.
941 1276 1023 1311 288.
1054 1273 1149 1319 Wr.)

1243 1274 1291 1310 98
1311 1274 1518 1320 perceperit
1539 1274 1629 1308 Ven.
1651 1280 1687 1307 et

167 1327 327 1362 Parrhas.
352 1333 476 1359 aestas
493 1325 592 1357 Rom.
612 1334 688 1356 cum
708 1321 785 1355 aliis
807 1321 899 1355 Pier.
995 1323 1042 1358 99

1093 1319 1284 1355 νεεεαόἰιὶε
1309 1319 1365 1354 ed.
1387 1321 1478 1356 ven.
1522 1332 1687 1367 prensa-

169 1374 284 1408 bimus
301 1372 433 1406 Zulich.
475 1368 704 1418 pulsabimus
719 1370 846 1403 Moret.
872 1380 931 1414 qu-
949 1368 1020 1403 vid.
1041 1381 1061 1403 a
1103 1370 1189 1402 Aen.
1223 1368 1291 1408 111,
1311 1364 1391 1403 642.
1486 1368 1556 1403 100
1578 1369 1688 1402 Heu!

168 1422 274 1455 Heu!
297 1421 480 1453 Burmann.
501 1428 543 1450 ex
566 1415 742 1450 nonnullis
760 1427 827 1460 pro
846 1415 939 1460 vulg.
963 1417 1081 1451 Eheu.
1107 1415 1200 1449 conf.
1221 1414 1347 1449 adEcl.
1366 1414 1409 1456 ΙΙ,
1426 1413 1485 1450 58.
1531 1415 1573 1448 ἰη.
1598 1427 1687 1449 ervo

169 1469 211 1502 ab
234 1466 353 1501 Heius.
374 1465 553 1499 reductum
570 1470 605 1497 et
620 1463 790 1497 firmatum
814 1475 833 1496 e
851 1462 954 1496 libris
977 1462 1183 1509 permultis,
1209 1469 1244 1496 et
1273 1460 1380 1496 Plinii
1404 1472 1446 1496 ac
1472 1460 1687 1496 columellae

169 1542 237 1582 90.
253 1537 362 1578 Nihil
378 1537 456 1587 his,
486 1549 588 1588 quae
608 1535 709 1574 alter
727 1534 899 1584 subiicit,

171 1611 262 1635 cum
280 1595 456 1635 Pollione
474 1607 684 1633 commune
703 1606 798 1644 esse,
829 1598 901 1632 aut

956 1551 1032 1577 νον
1045 1532 1314 1585 ὖποτιθέναις
1329 1534 1354 1556 “
1380 1534 1453 1574 W
1444 1531 1493 1589 r.)
1534 1535 1590 1576 92
1601 1547 1686 1587 sqq.

959 1595 1196 1645 Sequuntur
1216 1591 1437 1631 sententiae
1453 1597 1605 1631 temere
1619 1606 1690 1632 ar-

169 1653 266 1693 huic
281 1653 451 1692 Bavium
469 1652 638 1704 opponi,
669 1665 761 1690 cum
785 1650 899 1690 nulla

171 1712 230 1751 rei
251 1710 468 1750 auctoritas
491 1709 615 1760 adsit,
657 1709 900 1748 censendum

173 1775 252 1819 est3
291 1768 382 1818 sed,
425 1781 517 1806 cum
540 1767 615 1806 iste
629 1767 783 1806 bonum
799 1780 901 1820 poe-

173 1833 258 1865 tam
276 1826 498 1875 laudasset,
527 1824 612 1878 ipse
638 1825 790 1864 malum
812 1838 900 1863 me-

173 1890 328 1934 morat,
381 1883 542 1934 eiusque
573 1883 761 1923 studiosis
795 1883 902 1922 mala

174 1942 350 1981 maxima
364 1947 566 1994 precatur,
585 1955 625 1980 n.
645 1954 778 1980 amare
788 1940 901 1980 Mae-

174 1999 299 2049 vium,
317 2000 492 2052 peiorem
508 1999 628 2039 etiam
644 2005 806 2052 poetam
824 2005 900 2039 etc.

176 2056 365 2096 Creditur
389 2056 496 2096 idem
525 2069 606 2096 esse
626 2071 744 2109 quem
765 2057 903 2110 exagi-

177 2121 240 2154 tat
258 2115 400 2153 Horat.
420 2114 546 2167 Epod.
561 2118 625 2158 10.
645 2118 791 2168 iungat
807 2115 901 2155 vul-

174 2187 248 2224 pes
265 2172 317 2211 ad
335 2172 542 2211 arandum.
589 2170 711 2227 (Sunt
727 2186 902 2227 prover-

177 2230 299 2269 biales
315 2230 549 2280 locutiones,
578 2244 665 2270 rem
679 2231 797 2284 plane
813 2233 903 2270 ine-

178 2294 291 2341 ptam
326 2293 367 2326 et
402 2288 615 2327 absurdam
653 2289 903 2329 denotantes.

179 2345 328 2384 Similia
349 2344 423 2395 his,
455 2346 503 2384 ab
525 2346 608 2385 aliis
626 2346 707 2385 iam
724 2347 904 2397 laudata,

181 2403 290 2457 apud
307 2403 490 2442 Sujdam:
517 2399 697 2457 ’Al-aium}
713 2403 780 2446 τὸν
802 2406 906 2459 βοῦν

181 2456 363 2512 ἐλαύνει,
392 2467 433 2499 et
454 2461 561 2513 apud
577 2462 737 2502 Lucian.
755 2463 799 2501 in
819 2463 906 2503 vita

182 2519 412 2557 Demonact.
443 2518 487 2557 T.
505 2519 534 2558 I.
563 2533 649 2572 pag.
672 2519 768 2563 865.
799 2527 904 2560 extr.

181 2575 288 2615 Edit.
309 2577 450 2618 1687.:
489 2607 514 2626 ,‚
528 2574 625 2618 ι’δαὶν
653 2576 696 2618 δέ
715 2593 810 2619 ποτε
830 2573 906 2619 δύο

181 2630 294 2682 mois
313 2629 564 2686 φιλοσόφους
595 2635 746 2692 κομιδῇ
779 2631 907 2677 ἅπαι-

184 2687 351 2739 δεύτους
368 2689 412 2732 ἐν
431 2686 588 2743 ζητήσει
606 2690 820 2745 ἐρίζοντας,
837 2692 907 2734 καὶ

182 2745 255 2791 τόν
276 2745 349 2802 μὲν
373 2744 504 2788 ἄτοπα
522 2747 742 2803 ἐρωτῶντα,
772 2747 841 2791 τὸν
864 2748 908 2792 δὲ

184 2801 307 2848 οὐδὲν
348 2801 449 2860 πρὸς
485 2804 607 2860 λόγον
641 2802 909 2860 ἀποκρινόμε-

184 2869 280 2917 νονῆ·
330 2858 381 2904 οὔ
408 2862 522 2904 δοκεῖ
547 2861 669 2916 ὑμῖν,
720 2858 753 2904 ὦ
781 2865 907 2916 φίλοι,

185 2919 287 2976 ἔφη,
323 2918 349 2962 ὅ
373 2917 447 2973 μὲν
477 2918 609 2974 ἕτερος
636 2917 790 2961 τούτων
817 2918 910 2974 τρά-

184 2993 260 3034 γον
275 2972 479 3032 ἀμέλγειν,
518 2976 543 3019 o‘
570 2975 613 3019 δὲ
641 2972 750 3034 αὐτῷ
779 2974 908 3020 κόσκι-

956 1657 1115 1704 reptae,
1142 1656 1192 1690 ut
1218 1663 1260 1689 se
1284 1650 1459 1690 certanti
1473 1650 1689 1690 Damoetae

957 1709 1190 1749 offerebant.

1016 1766 1218 1810 93—95.
1239 1764 1434 1817 Frigidus
1452 1767 1603 1817 anguis
1623 1765 1689 1804 di-

959 1831 1048 1864 ctus
1067 1838 1119 1864 ex
1133 1830 1283 1863 natura
1299 1822 1449 1863 horum
1466 1823 1689 1876 reptilium:

959 1884 1016 1922 sic
1036 1889 1078 1923 et
1095 1882 1178 1922 Ecl.
1189 1881 1291 1932 VIII,
1315 1884 1384 1924 71.
1416 1882 1594 1932 Parcite,
1619 1895 1689 1920 ca·-

958 1947 1064 1991 vete,
1094 1940 1231 1990 nolite,
1262 1954 1375 1990 ovea,
1408 1941 1580 1978 nimium
1587 1954 1690 1991 pm—

959 1999 1118 2047 cedere5
1179 2013 1202 2037 o
1229 2011 1344 2047 oves,
1383 2010 1435 2036 ne
1462 1997 1689 2050 procedite:

960 2071 1013 2096 ex
1048 2071 1106 2110 gr.
1144 2056 1292 2107 φείδου
1320 2058 1553 2109 προελθεῖν.
1610 2070 1692 2095 non

960 2115 1055 2154 bene
1073 2114 1246 2153 creditur
1253 2129 1269 2162 ;
1300 2113 1494 2153 Horat.II
1511 2115 1638 2154 Serm.
1648 2113 1690 2164 4,

959 2175 1012 2215 21
1044 2172 1175 2225 fungis
1193 2194 1252 2202 —-
1268 2171 1363 2210 aliis
1382 2171 1489 2210 male
1509 2171 1690 2212 creditur.

959 2230 1215 2270 Adumbrata
1273 2235 1409 2268 autem
1475 2228 1579 2269 haec
1599 2263 1605 2271 .
1640 2243 1693 2269 ex

961 2288 1131 2328 Theocr.
1162 2288 1218 2338 V,
1252 2290 1334 2330 100
1370 2293 1445 2327 etc.
1506 2285 1693 2342 (Pertur-

960 2347 1167 2387 bationem
1193 2345 1315 2385 animi
1335 2351 1376 2384 et
1395 2345 1572 2385 numeris
1592 2359 1692 2384 ana-

961 2404 1172 2459 paesticis,
1216 2403 1338 2455 pueri
1353 2433 1364 2453 ,
1401 2403 1546 2456 sugite
1577 2404 1689 2454 hinc,

963 2462 1181 2512 declarari,
1213 2461 1312 2501 dicit
1332 2460 1518 2512 Vossius,
1549 2467 1591 2501 et
1606 2461 1695 2515 ipsa

961 2521 1183 2561 verborum
1210 2519 1395 2573 positura
1416 2519 1547 2572 pingi,
1601 2520 1691 2559 coll.

963 2578 1086 2632 Soph.
1125 2576 1187 2617 ΑΞ.
1224 2575 1346 2619 1040.
1373 2590 1452 2629 sq„
1516 2577 1695 2617 ostendit

963 2634 1304 2676 Wunderlichjus.
1320 2655 1380 2665 —
1418 2632 1579 2690 ψυχρός
1595 2632 1695 2688 ὄφις

963 2694 1132 2733 Theocr.
1151 2692 1248 2743 XV,
1279 2692 1347 2735 58.
1383 2691 1502 2748 Wr.)

1021 2754 1089 2794 96.
1113 2754 1182 2794 97.
1221 2751 1286 2789 Ex
1312 2748 1481 2791 Theocr.
1508 2749 1565 2801 V,
1600 2749 1693 2793 146.

965 2811 1033 2852 98.
1067 2809 1206 2861 Cogite
1223 2808 1277 2848 ad
1295 2808 1483 2848 umbram
1511 2815 1552 2847 et
1571 2808 1695 2861 frigus

966 2867 1224 2919 captandum.
1250 2867 1454 2919 praec-cpit
1478 2867 1546 2906 lac
1562 2874 1697 2905 aestus

965 2924 1112 2963 siccato
1132 2925 1269 2965 ubere.

1027 2985 1119 3023 100.
1176 2983 1331 3022 Ervum
1356 2980 1583 3034 legumini-«³,
1619 2994 1696 3019 no-
