1734 3320
161 176 263 227 546
491 176 544 225 P.
581 143 942 226 VIRGILII
978 175 1357 226 MARole

159 305 282 369 Ipse
303 303 410 352 ruit
434 300 720 369 dentisque
744 301 1037 351 Sabellicus
1057 303 1258 352 exacuit
1285 320 1387 367 SUS,
1560 336 1562 338 -
1592 306 1694 356 255

158 375 226 425 Et
246 373 389 440 pede
411 373 711 440 prosubigit
735 382 961 436 terram,
999 370 1152 422 fricat
1171 374 1367 424 arbore
1391 382 1579 438 costaS,
1617 380 1633 389 ²

158 447 337 511 Atque
358 443 485 493 hinc
511 452 672 511 atque
702 442 845 492 illinc
864 443 1127 493 humeros
1147 444 1215 494 ad
1232 444 1456 494 volnera
1478 443 1646 495 durat.

161 514 306 577 Quid
333 514 566 579 iuvenis,
603 529 863 578 magnum
889 513 973 562 cui
991 524 1166 564 versat
1186 516 1240 565 in
1264 515 1472 565 ossibus
1491 515 1671 580 ignem

155 587 336 636 Durus
358 591 546 636 amor?
582 588 795 650 Nempe
824 584 1062 650 abruptis
1085 586 1294 636 turbata
1319 585 1574 654 procellis

157 660 330 708 Nocte
372 664 516 704 natat
570 671 724 703 caeca
773 671 924 704 serus
967 651 1141 716 freta.;
1201 673 1367 724 quem
1403 673 1568 723 super
1612 656 1693 704 in—

956 739 1088 789 gens
1588 732 1692 779 260

229 799 347 849 256.
388 809 583 845 cosrAs
621 797 679 845 A.
822 797 939 848 257.
978 811 1178 862 nnuc,
1216 811 1581 857 HUMERQSQUE
1652 839 1655 842 ,

208 936 276 972 255
304 937 522 982 dentemque
552 935 672 969 Schol.
703 936 827 969 Horat.
861 937 996 982 cruqu.‘
1019 937 1084 971 Od.
1116 939 1143 980 I,
1171 939 1203 979 1,
1229 943 1266 971 at
1294 937 1389 971 idem
1419 938 1464 972 ad
1490 939 1554 972 Od.
1580 940 1638 980 111,
1673 939 1696 973 6

159 985 312 1026 dentes,
338 990 376 1016 ut
395 990 430 1016 et
454 985 581 1016 Donat.
608 983 653 1016 ad
671 985 818 1017 Terent.
843 984 984 1018 excitat.
1012 985 1157 1030 (dentes
1180 985 1309 1019 Medic.
1341 987 1438 1030 lVr.)
1529 986 1599 1022 256
1626 1000 1694 1034 pe—

158 1030 267 1065 dibus
287 1029 425 1078 subigit
442 1031 592 1072 Zulich„
614 1037 650 1063 et
668 1031 704 1063 in
728 1043 791 1064 ora
815 1031 900 1064 edit.
922 1033 1010 1065 lunt.
1032 1039 1194 1066 notatum
1213 1045 1233 1066 a
1254 1033 1385 1075 Pierio,
1408 1034 1528 1080 sicque
1547 1035 1601 1068 ed.
1623 1036 1694 1067 Pa-

158 1079 218 1112 ris.
243 1076 346 1113 1494.
442 1079 513 1114 257
538 1079 781 1124 humerosque
808 1079 908 1111 multi
936 1092 991 1125 ap.
1015 1080 1151 1122 Heins.,
1174 1082 1353 1113 Romanus
1378 1093 1455 1115 cum
1477 1082 1554 1115 aliis
1574 1081 1694 1123 Pierii,

156 1133 231 1159 tres
256 1125 403 1158 Martini
432 1138 507 1159 cum
540 1133 622 1159 vett.
653 1126 754 1168 edd.,
787 1127 883 1172 quod
911 1133 948 1160 et
974 1127 1144 1160 Martinus
1176 1128 1332 1173 recepit,
1379 1135 1415 1162 et
1442 1129 1513 1164 hoc
1547 1136 1693 1175 recepto

156 1179 254 1207 recte
286 1173 482 1218 distinguas
514 1180 599 1218 post
625 1174 747 1215 illinc,
793 1180 832 1206 ut
861 1175 1068 1218 iungantur:
1109 1173 1231 1221 fricat
1260 1174 1393 1210 arbore
1422 1186 1546 1211 costas
1573 1180 1695 1222 Atque

157 1221 244 1254 ltine
262 1228 372 1266 atque
390 1221 513 1261 illinc3
548 1221 792 1266 humerosque
813 1221 862 1254 ad
883 1222 1043 1255 volnera
1072 1223 1197 1256 durat.
1242 1230 1346 1268 atque
1365 1223 1435 1258 hoc
1452 1237 1542 1259 nunc
1561 1223 1693 1268 recepi.

157 1270 269 1301 Antea
290 1268 500 1312 legebatur:
520 1266 642 1314 fricat
662 1267 794 1301 arbore
822 1277 969 1311 costas,
1006 1272 1129 1315 Atque
1152 1271 1238 1303 hinc
1263 1279 1374 1316 atque
1399 1272 1505 1305 illinc
1523 1273 1696 1306 humeros

158 1315 207 1348 ad
234 1316 394 1348 vulnera
424 1316 550 1348 durat.
583 1327 655 1348 non
683 1315 808 1357 video,
845 1329 906 1350 cur
933 1316 983 1350 ita
1005 1316 1268 1361 interpunxerit
1288 1317 1410 1352 Heins.
1446 1320 1530 1365 (que
1549 1326 1694 1366 praeter

157 1362 248 1396 alios
282 1362 449 1396 omittunt
481 1362 633 1406 optimus
655 1362 783 1396 Medic.
812 1370 847 1396 et
871 1364 1024 1397 Parisini
1057 1366 1090 1399 2.
1119 1365 1153 1400 3.
1182 1364 1215 1400 5.
1238 1366 1294 1400 11.
1326 1372 1363 1398 et
1380 1366 1522 1400 videtur
1543 1380 1631 1412 que,
1657 1373 1694 1400 ut

157 1422 207 1443 vs.
233 1410 327 1453 254„
353 1410 478 1443 erebro
507 1410 657 1455 copulae
684 1411 761 1443 usui
794 1410 929 1444 deberi.
980 1412 1189 1445 Geminatur
1214 1412 1356 1458 quidem
1373 1422 1484 1460 atque
1501 1414 1693 1455 interdum,

158 1458 223 1490 sed.
252 1457 320 1499 ita,
365 1463 405 1490 ut
432 1457 477 1490 ad
502 1458 736 1503 polysyndeti
771 1458 920 1502 figuram
947 1459 1105 1493 accedat.
1156 1461 1235 1501 Quo
1265 1473 1308 1493 ex
1338 1473 1467 1506 genere
1500 1467 1552 1495 est
1585 1461 1694 1495 etiam

156 1504 247 1537 illud
266 1504 360 1550 apud
385 1504 517 1537 Tibull.
538 1506 581 1546 II,
606 1505 640 1547 5,
666 1506 747 1540 73.:
773 1509 957 1551 „Atque
984 1507 1104 1549 tubas,
1141 1513 1279 1553 atque
1305 1521 1400 1542 arma
1422 1510 1544 1543 ferunt
1573 1509 1693 1555 crepi-

156 1552 269 1585 tantia
299 1551 398 1585 caelo
421 1551 584 1586 Audita.“
635 1553 705 1585 Cfr.
738 1565 827 1597 quae
859 1554 980 1587 notavi
1011 1554 1047 1587 in
1070 1556 1115 1589 V.
1144 1555 1184 1587 L.
1215 1556 1260 1588 ad
1286 1556 1360 1590 Ecl.
1381 1558 1426 1599 V,
1451 1558 1508 1592 22.
1528 1563 1566 1590 et
1587 1559 1629 1599 Q.
1647 1558 1692 1591 V.

157 1600 319 1641 XXXV,
344 1600 401 1635 23.
435 1601 532 1644 lVr.)
629 1600 699 1635 258
724 1613 804 1633 eum
831 1610 960 1634 versat
982 1602 1113 1646 Regius
1132 1603 1272 1636 Martin.
1322 1604 1458 1637 durum
1473 1606 1534 1638 eui
1552 1603 1691 1639 Nonius

156 1647 193 1679 in
212 1651 360 1687 Duru-53
387 1647 450 1680 sed
473 1647 509 1679 in
535 1648 670 1681 Versat
697 1647 807 1681 habet
836 1661 1031 1695 magnum,
1066 1656 1105 1682 ut
1130 1656 1166 1682 et
1190 1652 1318 1684 Donat.
1342 1651 1386 1684 ad
1407 1653 1554 1685 Terent.
1582 1651 1691 1685 Andr.

158 1696 185 1736 1,
209 1694 242 1736 5,
267 1692 324 1729 44-
420 1694 490 1730 259
517 1695 712 1741 adruptis,
748 1694 933 1742 obruptis,
966 1695 1155 1743 abruptis,
1190 1711 1215 1731 a
1241 1697 1378 1741 brutis,
1413 1700 1591 1732 sollennes
1624 1699 1692 1738 ab·-

159 1741 354 1775 errationes
380 1741 440 1774 hic
468 1741 549 1774 vide
580 1754 636 1786 ap.
667 1743 783 1775 Burm.
832 1743 987 1776 Defendi
1014 1751 1136 1789 potest
1157 1744 1344 1792 obruptis,
1370 1753 1452 1780 ante
1474 1747 1547 1780 eius
1568 1746 1691 1780 oculos

158 1795 195 1822 et
216 1800 290 1822 ora.
325 1788 496 1821 Defendit
515 1800 655 1833 quoque
673 1789 816 1822 Wakef.
839 1790 884 1823 ad
903 1791 1043 1824 Lucret.
1064 1793 1110 1833 V,
1138 1792 1219 1827 505.
1254 1793 1394 1840 Nempe
1415 1793 1579 1828 obruerit
1596 1795 1692 1827 Rot-

158 1836 256 1868 tend.
281 1835 340 1869 alt.
438 1837 509 1870 260
533 1836 611 1868 Hoc
642 1835 766 1868 ordine
787 1848 907 1870 omnes
924 1838 1048 1882 scripti
1068 1840 1183 1872 Burm.
1205 1846 1240 1872 et
1259 1840 1381 1874 Heins.
1404 1848 1440 1874 et
1462 1840 1693 1874 vetustissimi

158 1882 277 1916 Pierii.
326 1885 373 1916 At
398 1895 440 1915 ex
465 1894 507 1915 eo
529 1889 698 1928 apparet,
730 1883 860 1916 lectum
891 1896 1030 1930 quoque
1059 1897 1154 1919 esse:
1191 1890 1305 1920 Caeca
1335 1897 1441 1922 nocte
1464 1888 1590 1929 natat,
1628 1889 1692 1933 (sic

157 1930 237 1964 Ald.
257 1936 340 1964 tert.
373 1931 469 1974 Wr.)
496 1936 532 1962 et
559 1929 595 1962 in
625 1930 808 1975 Oblongo:
835 1932 954 1965 Nocte
975 1941 1085 1966 natat
1111 1946 1221 1967 caeca
1235 1932 1344 1980 freta
1365 1948 1483 1970 serus.
1531 1937 1691 1971 Venetus

157 1989 287 2023 porro:
313 1977 432 2011 Nocte
448 1985 559 2011 natat
575 1985 656 2011 tota
668 2003 677 2020 ,
704 1984 740 2011 et
757 1979 866 2012 Goth.
888 1991 942 2024 pr.
969 1988 1092 2013 sectus
1099 1979 1219 2027 freta.

156 2096 455 2151 ingravescunt.
521 2097 720 2137 Convenit
758 2098 895 2138 Hora-

156 2154 314 2193 tianum
345 2155 382 2194 II
410 2156 541 2194 Carm.
566 2158 591 2197 8
621 2162 723 2195 extr.
756 2166 828 2196 tua
846 2172 895 2196 ne

156 2213 328 2252 retardet
344 2214 462 2252 Aura
483 2216 664 2252 maritos.
700 2216 799 2258 253.
818 2217 896 2256 Va-

156 2271 207 2310 rii
224 2285 388 2310 versum
403 2279 546 2324 poetae
575 2279 718 2312 nostro
739 2288 895 2327 propo—

157 2329 280 2368 situm
313 2330 432 2368 fuisse
455 2361 465 2380 ,
525 2337 672 2370 notant.
711 2332 893 2385 Interpp.

159 2389 261 2426 Non
294 2403 433 2426 amnes
471 2389 589 2426 illum
619 2390 768 2439 medii,
811 2406 893 2429 non

158 2446 290 2483 ardua
325 2446 490 2485 tardant
501 2462 516 2494 ,-
571 2447 681 2501 apud
712 2448 892 2488 Macrob.

156 2504 240 2542 Sat.
262 2504 328 2554 VI,
346 2507 386 2545 2.
408 2518 446 2556 p.
467 2507 563 2546 381.
622 2506 722 2545 Mox
740 2516 892 2546 montes

156 2567 253 2600 sunt
281 2562 477 2614 fragmina
499 2592 510 2612 ,
558 2577 655 2601 saxa
682 2565 893 2604 ruentium

155 2620 368 2659 montium.
428 2620 525 2663 255.
555 2622 659 2660 Loca
687 2623 764 2661 alia
791 2637 893 2676 poe-

155 2684 294 2717 tarum
316 2691 546 2731 congessere
567 2680 761 2731 Guellius,
793 2682 892 2720 Cer—

157 2736 231 2788 da,
273 2742 312 2775 et
346 2737 563 2776 Beckman.
603 2738 656 2776 ad
697 2738 890 2792 Antigon.

154 2809 243 2848 pag.
258 2797 352 2838 161.
394 2795 571 2834 Praeivit
586 2802 801 2848 poetarum
814 2811 890 2849 pa-

153 2867 247 2892 rens
270 2853 381 2892 Iliad.
402 2857 445 2903 λ,
478 2852 576 2896 416.
599 2870 643 2903 ν,
674 2853 771 2897 475.
803 2855 889 2894 He-

155 2912 254 2950 siod.
283 2913 344 2951 Sc.
377 2914 461 2954 386
482 2925 538 2963 sq.
598 2912 698 2954 257.
742 2913 884 2962 durat,

154 2970 337 3009 indurat.
368 2970 519 3010 Plinius
547 2969 649 3020 VIII,
679 2970 747 3020 52,
775 2985 804 3011 s.
832 2974 887 3014 78

956 2101 1056 2138 Sues
1067 2100 1190 2153 serae
1210 2102 1334 2139 semel
1361 2116 1469 2140 anno
1496 2104 1689 2154 gignunt.

954 2159 1148 2197 Muribus
1167 2161 1211 2197 in.
1231 2161 1338 2198 coitu
1357 2161 1545 2211 plurima
1567 2175 1690 2211 aspe-

952 2219 1063 2256 ritas.
1132 2219 1236 2256 Tum
1269 2219 1371 2256 inter
1403 2233 1444 2256 se
1473 2218 1685 2268 dimicant,

953 2276 1187 2314 indurantes
1224 2278 1363 2315 attritu
1398 2276 1585 2315 arborum
1619 2291 1689 2315 co-

952 2342 1037 2372 stas
1067 2336 1229 2386 lutoque
1251 2349 1308 2372 1se
1333 2343 1593 2387 tergorantes.
1638 2335 1688 2374 cf.

951 2390 1123 2431 Aristot.
1144 2392 1249 2431 Hist.
1267 2392 1400 2432 Anim.
1421 2393 1488 2443 Vl,
1513 2396 1578 2435 17.
1609 2394 1689 2433 Res

951 2450 1047 2488 satis
1074 2457 1185 2490 nota.
1248 2451 1471 2489 Sabellicus
1505 2466 1596 2502 sus,
1637 2466 1689 2490 ex

948 2509 1156 2548 montibus
1181 2509 1350 2552 Sabinis.
1410 2509 1494 2547 Iam
1523 2509 1581 2560 II,
1605 2512 1688 2552 167

940 2567 1095 2618 pubem
1115 2564 1321 2605 Sabellam
1339 2566 1550 2620 vidimus)
1576 2569 1687 2620 ligo-

948 2639 1017 2662 nes
1037 2625 1228 2674 Sabellos,
1259 2624 1300 2664 h.
1320 2638 1352 2663 e.
1373 2618 1554 2676 Sabinos,
1577 2626 1687 2679 apud

949 2682 1093 2721 Horat.
1158 2680 1376 2736 (Ceterum
1420 2684 1506 2723 vid.
1549 2684 1600 2733 Q.
1637 2685 1684 2725 V.

948 2741 1126 2790 XXXX,
1149 2743 1188 2782 2.
1225 2743 1295 2780 W
1289 2740 1337 2796 r.)

1006 2799 1270 2841 258—263.
1301 2798 1367 2838 Ad
1385 2801 1561 2840 Leandri
1583 2801 1684 2840 Hel-

946 2856 1177 2908 lespontum
1213 2859 1415 2897 tranantis
1435 2889 1445 2908 ,
1485 2866 1538 2898 ut.
1572 2859 1683 2899 Hero

945 2915 1168 2967 potiretur,
1201 2916 1410 2955 audaciam
1426 2917 1582 2970 respici,
1608 2918 1684 2957 ob-

945 2974 1059 3012 vium
1079 2980 1149 3013 est.
1211 2975 1377 3015 Praeter
1403 2975 1614 3015 Musaeum
1644 2981 1684 3015 et
