1768 3320
0 0 67 291 {i
519 201 1086 276 >ARGUMENTA
1467 218 1599 255 cuv

0 310 34 441 ἓ
62 331 331 384 Ascanium,
359 329 532 375 frustra
551 346 577 374 a
597 338 727 396 tergo
747 328 994 374 comitante
1014 325 1206 371 Creusa:

64 391 282 452 Ereptum
301 387 417 435 hanc
439 388 557 433 fato:
596 403 741 433 socios
759 388 805 432 in
828 393 987 431 monte
1003 392 1220 445 receptos.
1540 390 1599 430 30

686 491 971 529 TERTII

64 560 170 618 Pone
187 578 340 609 eversa
362 562 602 622 Phrygum
626 576 786 629 regna,
814 569 868 605 ut
885 559 996 618 fuga
1016 566 1176 618 coepta
1195 558 1393 603 moveri:

25 646 27 651 ·
60 622 219 682 thue
236 622 295 666 sit
309 622 357 665 in
379 620 591 665 Thracen
613 635 768 679 primo
790 619 1025 663 devectus:
1056 617 1208 675 ibique
1360 634 1361 643 ¹

61 679 243 726 Moenia
264 678 535 731 condiderit,
567 677 785 736 Polydori
813 677 947 721 caede
975 676 1110 735 piata.

61 737 194 797 Regis
212 745 257 782 et
275 737 556 797 hospitium:
586 744 641 779 ut·
659 734 831 783 Phoebi
851 749 1068 794 responsa
1088 731 1320 784 canebant,
1379 734 1383 737 “

62 796 396 855 Coeptum'iter
414 794 461 837 in
483 794 689 837 Cretam:
722 807 884 836 rursus
905 807 1021 835 nova
1047 789 1137 839 fata
1159 797 1353 849 reperta.
1543 792 1599 836 35

63 853 322 912 Naufragus
346 859 399 908 ut
422 851 565 896 fuerit
591 850 872 910 Strophadas
902 848 1171 908 compulsus
1202 848 1257 891 ad
1281 846 1442 891 undas.

5 917 6 920 ’
62 912 173 956 Inde
189 911 374 970 fugam,
402 917 447 955 et
472 910 594 953 dirae
614 916 793 953 enarrat
814 915 1052 967 praecepta
1073 905 1313 949 Celaenus:

64 970 267 1029 Liquerit
289 975 433 1027 utque
456 966 676 1011 Helenum
700 966 953 1026 praeceptis
979 965 1140 1009 ordine
1162 962 1276 1017 fatis,

63 1027 326 1087 Supplicem
345 1025 703 1070 Achaemeniden
724 1023 1014 1083 Polyphemo
1035 1029 1225 1079 urgente
1247 1020 1428 1080 recepit,

63 1087 387 1144 Amissumque
404 1091 585 1145 patrem
607 1083 828 1142 Drepani,
860 1089 997 1141 atque
1022 1079 1126 1124 hinc
1152 1078 1255 1122 inde
1280 1079 1462 1138 quievit.
1543 1080 1600 1124 40

677 1187 978 1230 QUARTI

0 1264 22 1320 ff
64 1262 124 1304 At
142 1260 294 1318 regina
314 1258 441 1317 gravi
467 1258 652 1301 Veneris
673 1258 766 1301 iam
786 1258 992 1316 carpitur
1013 1256 1116 1314 igni.

65 1318 334 1362 Consulitur
352 1331 488 1360 soror
508 1317 656 1360 Anna:
685 1315 832 1375 placet
849 1315 1148 1358 succubmere
1170 1314 1343 1358 amori}

63 1375 199 1420 Fiunt
220 1390 343 1419 sacra
368 1374 482 1418 deis:
514 1380 762 1416 onerantur
782 1374 971 1416 numina
990 1372 1135 1414 donis.

0 1429 12 1478 ιῖ
61 1433 165 1478 {tur
185 1441 410 1478 venatum.
470 1433 654 1474 Veneris
672 1430 785 1474 clam
814 1429 995 1473 foedera
1016 1430 1228 1487 iungunt.

64 1491 183 1536 Facti
205 1490 325 1534 fama
348 1489 481 1534 volat.
542 1488 747 1532 Monitus
767 1496 878 1531 tunc
899 1488 1088 1530 numine
1109 1486 1265 1528 divum
1542 1488 1600 1533 45

2 1567 6 1601 j
66 1551 237 1593 Aeneas
255 1547 530 1605 classemque
555 1545 690 1604 fugae
709 1547 946 1603 sociosque
966 1544 1166 1604 parabat.

65 1607 213 1651 Sensit
235 1621 388 1650 amans
407 1605 551 1657 Dido,
583 1605 790 1663 precibus
813 1610 971 1646 conata
989 1602 1171 1645 morari.

70 1666 312 1722 Postquam
335 1663 428 1706 fata
448 1663 626 1714 iubent,
657 1677 738 1705 nec
758 1663 846 1704 iam
872 1661 1007 1704 datur
1032 1659 1123 1703 ulla
1142 1658 1345 1711 facultas,

67 1721 427 1780 conscenditque
448 1735 639 1780 pyram,
671 1719 878 1777 dixitque
899 1718 1142 1761 novissima
1168 1716 1312 1768 verba,

69 1780 125 1825 Et
156 1781 295 1826 vitam
315 1778 478 1823 infelix
500 1778 651 1822 multo
668 1793 773 1821 cum
792 1777 1006 1836 sanguine
1028 1774 1159 1819 fudit.
1546 1776 1603 1818 50

690 1883 980 1925 QUINTI

67 1955 255 2013 Navigat
273 1955 459 1998 Aeneas:
491 1951 659 1996 Siculas
680 1952 881 1996 defertur
905 1951 957 1995 ad
980 1966 1095 1994 oras.

0 2019 20 2048 Ἀ
67 2014 151 2057 Hic
170 2027 323 2056 manes
343 2011 540 2055 celebrat
562 2011 754 2070 patrios:
788 2026 875 2054 una
898 2009 1064 2068 hospes
1089 2009 1276 2052 Acestes.

0 2109 3 2117 s
31 2118 34 2120 ,
67 2070 220 2115 Ludos
236 2071 288 2113 ad
315 2068 548 2113 tumulum
577 2068 767 2112 faciunt:
810 2069 1052 2111 certamina
1082 2073 1276 2124 ponunt.

9 2164 17 2176 2
67 2128 333 2186 Prodigium
355 2135 420 2170 est
440 2127 608 2170 cunctis
633 2127 794 2169 ardens
817 2126 995 2184 delapsa
1015 2125 1185 2182 sagitta.

67 2187 151 2231 Iris
170 2201 309 2230 anum
331 2184 502 2228 Beroen
528 2184 691 2227 habitu
712 2185 899 2227 mentita
922 2182 1049 2225 senili
1545 2180 1601 2224 55

14 2244 21 2288 ἶ
68 2243 269 2288 Incendit
299 2258 455 2294 naves,
484 2243 661 2285 subitus
682 2257 793 2300 quas
815 2241 1007 2284 vindicat
1024 2239 1182 2282 imber.

69 2303 119 2345 In
135 2302 306 2344 somnis
329 2308 457 2360 pater
479 2300 713 2350 Anchises,
745 2315 860 2358 quae
881 2298 993 2342 bella
1017 2296 1223 2355 gerenda,

70 2361 269 2417 Quoque
287 2359 399 2401 duce
419 2357 473 2401 ad
491 2358 644 2401 Manes
665 2358 809 2416 possit
830 2356 1119 2407 descendere,
1150 2360 1388 2397 monstrat.

69 2416 369 2461 Transscribit
389 2423 557 2459 matres
579 2416 701 2468 urbi,
734 2414 1060 2474 populumque
1083 2411 1335 2466 volentem,

70 2475 128 2519 Et
151 2474 379 2535 placidum
401 2477 568 2517 Aeneas
590 2473 856 2516 Palinurum
881 2471 1055 2530 quaerit
1081 2470 1129 2512 in
1152 2469 1295 2513 undis.
1544 2471 1601 2512 60

712 2580 737 2613 S
761 2578 790 2613 Ε
814 2578 853 2611 X
877 2578 910 2611 T
934 2577 951 2610 I

73 2619 241 2693 Cumas
262 2649 422 2693 deinde
441 2648 575 2692 venit.
634 2646 737 2691 Fert
754 2647 860 2690 hinc
875 2658 1094 2705 responsa
1116 2641 1336 2701 sibyllae:

119 2754 169 2790 30
189 2757 369 2801 Areputm
390 2754 673 2802 V.—-repertos
690 2751 741 2786 id.
914 2750 962 2786 54
987 2749 1146 2794 adlapsa
1161 2748 1207 2781 V.

118 2800 167 2836 37
190 2809 326 2836 narrat
346 2802 394 2837 V.
913 2797 959 2833 55
984 2805 1061 2830 tum
1079 2798 1121 2829 Β.
1146 2795 1191 2828 V.

119 2847 167 2882 48
190 2847 293 2881 videt
313 2849 359 2883 V.
371 2847 604 2894 —voluptas
617 2845 667 2880 id.
913 2845 962 2880 60
985 2844 1108 2877 arni-vit
1130 2842 1176 2876 V.

122 2893 166 2929 51
192 2894 295 2928 Hunc
311 2893 351 2928 in
374 2894 515 2929 Viecht.
538 2892 724 2940 praecedit
749 2892 809 2927 hic
912 2892 957 2927 61
982 2892 1077 2924 Ante
1098 2889 1191 2922 hunc
1208 2887 1244 2920 in
1268 2883 1409 2922 Viecht.
1428 2882 1487 2916 hic
1504 2881 1599 2926 legi-

20 2942 30 2944 *
75 2952 216 2975 versus:
243 2941 403 2984 Quintus
415 2940 527 2975 habet
537 2941 649 2975 ludos
658 2948 696 2975 et
705 2940 807 2974 clas—
866 2945 925 2971 tur
953 2948 1093 2971 versus:
1130 2938 1372 2979 Quaeruntur
1397 2938 1501 2964 sexto
1518 2940 1599 2961 ma·-

74 2999 150 3023 sem
165 2988 321 3034 corripit
337 2988 448 3034 ignis.
865 2997 934 3019 nes
954 2992 991 3018 et
1014 2986 1179 3018 Tartara
1194 2982 1306 3016 Ditis.
1455 2991 1457 2993 ·

144 3046 591 3126 Vmfflnffbul.
1279 3035 1315 3084 k
