1734 3320
420 627 1131 695 ExcURsusl

260 769 357 810 De
410 774 712 811 aratro
786 768 1287 823 Virgiliano.

16 863 192 953 Georg.
219 900 252 951 1,
285 903 368 945 169
383 914 468 954 sqq.
531 901 726 940 Commu«)
750 902 795 939 in
822 901 938 939 silvis
965 915 1124 953 magna
1149 904 1196 940 νι·
1215 904 1334 954 flexa
1350 903 1539 943 domatur

13 959 70 999 In
87 957 220 1000 burim
235 967 275 997 et
288 959 602 1011 cmvijbrmam
616 960 774 1011 ade-ipit
793 959 928 997 ulmus
947 962 1078 998 aratri
1090 976 1102 998 .-
1133 961 1252 999 Huic
1268 976 1296 1000 a
1316 963 1440 1013 stirpe
1456 977 1537 1014 pe-

14 1009 210 1055 des·‘temo
220 1025 431 1069 protentus
449 1019 492 1055 in
512 1026 599 1056 octo
610 1033 627 1065 ;
659 1019 797 1055 Binae
818 1031 948 1067 aures,
968 1017 1126 1068 duplici
1143 1027 1340 1069 aptantur
1354 1020 1536 1059 dentalia

16 1074 150 1113 dorso.
195 1074 389 1114 Caeditur
408 1083 447 1113 et
465 1076 557 1114 tilia
584 1083 679 1113 ante
699 1077 798 1127 iugo
815 1076 929 1124 les-125,
957 1075 1123 1128 altaque
1129 1076 1271 1128 fagus
1283 1108 1294 1128 ‚
1330 1078 1535 1131 Stivaque,

15 1146 123 1187 quae
140 1146 281 1171 cun-us·
299 1146 329 1171 a
348 1141 459 1185 tergo
478 1141 659 1186 torqueat
679 1134 795 1171 imos.

129 1189 312 1244 Exposui
329 1189 467 1229 locum
490 1197 690 1243 quantum
708 1190 824 1244 potui
846 1204 922 1243 pro
953 1190 1147 1229 sermonis
1178 1192 1354 1243 rafione3
1384 1193 1458 1232 etsi
1469 1194 1537 1233 ‘rei

17 1247 199 1301 agrariae
212 1244 369 1301 ,petitia
395 1262 480 1287 non
506 1249 602 1288 satis
635 1249 872 1288 instructus.
930 1248 1164 1288 Admodum
1190 1250 1326 1302 itaque
1341 1251 1534 1302 laetabar,

17 1318 114 1345 cum
130 1311 227 1359 post
241 1305 311 1345 illa
329 1319 353 1344 a
370 1319 435 1344 me
451 1307 602 1360 scripta
621 1306 803 1346 viderem
824 1307 959 1346 virum
977 1307 1156 1356 doctum,
1186 1308 1247 1346 rei
1266 1310 1444 1361 agrariae
1461 1323 1536 1362 pe-

14 1363 174 1414 ritum,->
186 1377 358 1416 eumque
374 1365 772 1417 perspicacissimum,
802 1365 852 1402 de
870 1373 1006 1403 aratro
1023 1374 1198 1403 veterum
1213 1373 1400 1406 accurate
1420 1381 1536 1420 agere

17 1419 374 1476 (Betrachtungen
406 1423 608 1461 teutschen
633 1425 840 1461 Patr-loten
870 1422 1002 1475 hedtg
1023 1423 1078 1462 ΙΙΙ
1100 1423 1217 1461 Band
1241 1427 1364 1475 1780,
1390 1440 1429 1479 p.
1450 1428 1535 1468 283

15 1477 142 1534 sqq.);
168 1481 335 1533 repetiit
363 1480 503 1519 eadem
534 1482 617 1520 fere
641 1481 683 1520 in
708 1482 826 1519 Actis
852 1481 988 1519 Acad.
1022 1482 1152 1519 Elect.
1176 1483 1373 1534 Mogunt.
1412 1487 1535 1534 1779,

14 1551 56 1591 p.
77 1537 159 1580 125
180 1551 267 1589 sqq.
325 1537 555 1591 Proponam
581 1553 632 1577 ex
661 1552 726 1590 eo,
758 1552 859 1591 quae
886 1538 939 1577 ad
959 1538 1167 1591 Virgilium
1186 1547 1386 1592 spectant,
1418 1548 1537 1581 acute

17 1594 161 1647 utique
183 1601 225 1634 et
249 1595 452 1648 ingeniose
481 1597 697 1650 disputata.
756 1598 813 1635 De
841 1597 982 1635 ceteris
1007 1596 1189 1650 dispiciet
1218 1597 1348 1638 bonus
1369 1599 1537 1640 Hesiodi

16 1652 153 1692 editor
160 1682 172 1702 ,
202 1653 236 1692 si
258 1653 348 1707 quis
369 1654 453 1693 eius
478 1656 646 1694 carmini
668 1655 883 1707 aliquando
904 1655 1103 1707 obtigerit.

131 1710 267 1750 Primo
288 1725 449 1751 versus:
483 1713 675 1752 Caeditur
689 1722 726 1751 ει
745 1715 837 1751 tilia
853 1721 947 1751 ante
964 1715 1061 1765 iugo
1079 1714 1191 1762 levae,
1220 1714 1387 1766 altaque
1395 1714 1536 1766 sagus

18 1769 158 1808 Stivae
171 1799 184 1820 ‚
218 1784 323 1822 quae
345 1784 484 1808 currus
506 1786 535 1809 a
558 1780 669 1824 tergo
689 1779 869 1824 torqueat
885 1772 987 1809 imos
1000 1787 1012 1808 .-
1042 1784 1063 1808 e
1078 1771 1244 1810 Martini
1260 1772 1411 1810 iudjcio
1435 1787 1536 1811 con-

16 1826 174 1878 stituit5
203 1840 351 1879 eosque
370 1828 475 1867 bono
494 1842 614 1868 sensu
645 1842 781 1868 carere
802 1829 1042 1882 pronuntiat
1055 1858 1066 1878 ,
1096 1829 1173 1868 nisi
1189 1843 1327 1867 cursus
1345 1831 1536 1869 emende-

14 1890 89 1925 tur
109 1898 204 1924 cum
236 1885 328 1925 viro
358 1885 480 1925 docto
511 1887 621 1940 apud
648 1886 883 1926 Martinum.
941 1886 1160 1926 Enimvero
1191 1887 1248 1925 sic
1270 1887 1385 1927 Maro
1411 1888 1537 1928 latine

17 1942 151 1982 dicere
180 1957 265 1982 non
287 1945 441 1996 potuit:
483 1945 594 1997 quod
620 1959 759 1984 seusus
784 1958 983 1997 quemque
1006 1958 1105 1984 suus
1140 1944 1285 1984 docere
1313 1953 1472 1998 potest,
1502 1946 1536 1985 si

0 2001 212 2040 sermonis
243 2015 364 2040 usum
393 2001 554 2042 habeat.
612 2005 669 2042 At
696 2018 856 2042 currum
882 2018 959 2056 pro
986 2012 1120 2042 aratro
1145 2005 1241 2041 rotis
1261 2005 1449 2042 instnoem
1469 2004 1536 2044 di-

18 2071 110 2098 cere
133 2073 208 2112 per
227 2060 375 2112 poetici
393 2061 588 2100 sermonis
610 2061 789 2100 indolem
817 2068 859 2100 et
882 2075 1003 2100 usum
1021 2061 1154 2110 licuit;
1184 2075 1293 2111 eum,
1322 2061 1363 2101 h.
1385 2075 1419 2102 e.
1440 2076 1536 2102 ara-

15 2122 151 2167 trum,
179 2117 304 2169 regit,
335 2132 365 2155 a
386 2127 496 2171 tergo
518 2128 670 2172 torquet
700 2125 859 2170 arator3
891 2121 966 2157 imi
990 2134 1128 2157 currus
1153 2118 1334 2171 epitheto
1363 2127 1536 2160 ornante

19 2174 121 2214 dicti
148 2180 244 2214 sunt
264 2189 351 2214 non
378 2176 511 2215 minus
538 2178 715 2229 poetice,
745 2184 944 2229 quatenus
970 2190 1134 2216 vomere
1153 2177 1234 2216 alte
1255 2177 1449 2230 impresso
1468 2178 1536 2218 in·-

17 2232 144 2272 ferior
168 2232 295 2272 aran-i
318 2247 414 2286 pars
441 2234 613 2288 desuper
640 2235 690 2273 ab
712 2249 780 2285 eo,
812 2235 881 2287 qui
897 2236 1043 2274 stivam
1067 2233 1326 2286 moderatur,
1355 2235 1537 2281 flectitur

19 2304 68 2329 ac
85 2290 263 2342 regitur5
304 2292 390 2330 exit
414 2292 577 2344 itaque,
607 2293 731 2332 modo
759 2294 920 2345 genium
946 2293 1095 2346 poetici
1116 2294 1309 2332 sermonis
1324 2299 1484 2344 teneas,
1513 2308 1536 2333 e

16 2348 236 2401 virgiliana
250 2349 426 2389 lectione
449 2351 646 2389 sententia
667 2351 826 2401 eadem,
858 2365 979 2404 quam
998 2351 1077 2390 viri
1096 2351 1206 2390 docti
1223 2351 1371 2391 inferre
1387 2352 1536 2392 volunt

15 2419 91 2460 per
113 2406 328 2446 lectionem
345 2415 593 2461 corruptam.
651 2410 777 2462 Negat
801 2410 868 2449 vir
888 2409 1032 2448 doctus
1050 2416 1234 2448 aratrum
1252 2410 1355 2448 rotis
1377 2410 1535 2449 instru-

17 2470 131 2504 ctum
148 2465 230 2504 iam
254 2471 345 2504 tum
371 2467 603 2505 innotuisse.
662 2466 787 2519 Atqui
813 2474 957 2506 notum
974 2467 1078 2506 illud
1096 2468 1217 2506 fuisse
1232 2466 1300 2506 hic
1318 2468 1401 2520 ipse
1422 2469 1535 2506 locus

18 2521 164 2561 dooere
186 2523 370 2563 debebat.
430 2525 554 2573 Quod
575 2539 598 2563 a
620 2526 769 2564 Catone
790 2532 830 2564 et
857 2526 1038 2564 Varrone
1062 2525 1166 2564 illud
1186 2539 1270 2564 non
1290 2539 1534 2564 commemo-

17 2586 157 2619 ratum
175 2578 255 2631 est,
284 2595 361 2634 pro
383 2590 618 2635 argumento
636 2583 782 2622 idoneo
804 2596 886 2622 esse
906 2585 1065 2636 nequit:
1096 2597 1188 2622 cum
1207 2590 1352 2622 neuter
1369 2584 1413 2622 id
1430 2591 1532 2635 agat,

17 2643 68 2676 ut
90 2638 456 2679 instrumentorum
494 2642 742 2681 rusticorum
779 2642 952 2681 sormam
985 2642 1141 2681 curiose
1185 2641 1397 2681 describat.
1455 2642 1535 2680 Fac

17 2708 118 2735 vero
146 2703 368 2749 utrumque
398 2699 443 2737 id
471 2699 591 2750 egisse
607 2730 617 2749 ,
656 2700 768 2751 quod
803 2714 888 2739 non
908 2700 1005 2752 egit:
1033 2699 1171 2752 potuit
1189 2700 1412 2738 secundum
1431 2700 1532 2748 illos,

17 2753 174 2805 Virgilii
200 2760 351 2805 aetate,
387 2757 432 2795 in
462 2771 556 2809 agro
581 2758 829 2808 Mantuano,
863 2757 975 2796 aliud
1009 2772 1088 2797 usu
1113 2756 1265 2797 haberi.
1316 2758 1533 2796 Innotuere

17 2816 111 2864 post
135 2824 248 2850 arma
265 2825 289 2850 a
310 2813 412 2853 Iulio
428 2815 592 2854 Caesare
613 2816 656 2854 in
680 2816 828 2855 Gallias
855 2816 968 2855 illata
996 2817 1074 2855 alia
1097 2828 1258 2868 quoque
1280 2829 1304 2853 a
1325 2815 1448 2853 Gallis
1468 2814 1534 2851 in·-

17 2874 163 2919 venta3
200 2876 250 2908 ut
276 2876 388 2909 certa
410 2871 692 2913 vehiculorum
714 2887 859 2927 genera
874 2904 886 2924 ,
929 2887 1121 2914 can-ucae
1152 2879 1192 2911 et
1209 2873 1266 2911 sic
1282 2885 1426 2924 pon-03
1456 2870 1534 2908 coli

17 2926 153 2979 coepit
175 2927 219 2965 in
248 2925 416 2979 Alpibus
443 2930 570 2969 secale
606 2930 723 2986 (Plin.
751 2931 907 2982 XVIII,
941 2935 1019 2982 16,
1051 2930 1097 2986 4)
1127 2929 1318 2969 Romanis
1337 2929 1531 2981 ignotum.

89 2995 300 3045 Vmen..
339 2995 482 3047 ΤοΜ.
514 2998 555 3046 Ι.
1186 2997 1254 3044 25
