<?xml version="1.0" encoding="UTF-8"?>
<!DOCTYPE html PUBLIC "-//W3C//DTD XHTML 1.0 Transitional//EN"
    "http://www.w3.org/TR/xhtml1/DTD/xhtml1-transitional.dtd">
<html xmlns="http://www.w3.org/1999/xhtml" xml:lang="en" lang="en">
 <head>
  <title>
</title>
<meta http-equiv="Content-Type" content="text/html;charset=utf-8" />
  <meta name='ocr-system' content='tesseract 3.04.00' />
  <meta name='ocr-capabilities' content='ocr_page ocr_carea ocr_par ocr_line ocrx_word'/>
</head>
<body>
  <div class='ocr_page' id='page_1' title='image "./publiusvirgilius01virguoft_0335.png"; bbox 0 0 1768 3320; ppageno 0'>
   <div class='ocr_carea' id='block_1_1' title="bbox 0 0 1471 329">
    <p class='ocr_par' dir='ltr' id='par_1_1' title="bbox 0 0 1471 329">
     <span class='ocr_line' id='line_1_1' title="bbox 0 0 1471 329; baseline 0 2991"><span class='ocrx_word' id='word_1_1' title='bbox 0 0 1471 329; x_wconf 95' lang='lat' dir='ltr'><strong> </strong></span> 
     </span>
    </p>
   </div>
   <div class='ocr_carea' id='block_1_2' title="bbox 456 794 1282 1047">
    <p class='ocr_par' dir='ltr' id='par_1_2' title="bbox 456 794 1282 1047">
     <span class='ocr_line' id='line_1_2' title="bbox 456 794 1282 848; baseline 0 -2"><span class='ocrx_word' id='word_1_2' title='bbox 456 798 501 846; x_wconf 91' lang='lat' dir='ltr'><strong>E</strong></span> <span class='ocrx_word' id='word_1_3' title='bbox 573 797 616 848; x_wconf 91' lang='lat' dir='ltr'>C</span> <span class='ocrx_word' id='word_1_4' title='bbox 685 797 727 847; x_wconf 93' lang='lat' dir='ltr'>L</span> <span class='ocrx_word' id='word_1_5' title='bbox 802 794 851 845; x_wconf 91' lang='lat' dir='ltr'>O</span> <span class='ocrx_word' id='word_1_6' title='bbox 927 797 975 845; x_wconf 90' lang='lat' dir='ltr'>G</span> <span class='ocrx_word' id='word_1_7' title='bbox 1045 799 1089 846; x_wconf 86' lang='lat' dir='ltr'>A</span> <span class='ocrx_word' id='word_1_8' title='bbox 1208 797 1282 846; x_wconf 83' lang='lat' dir='ltr'><strong>vl</strong></span> 
     </span>
     <span class='ocr_line' id='line_1_3' title="bbox 678 905 1045 965; baseline -0.005 -15"><span class='ocrx_word' id='word_1_9' title='bbox 678 907 972 950; x_wconf 62' lang='lat' dir='ltr'><strong>sinimus</strong></span> <span class='ocrx_word' id='word_1_10' title='bbox 1002 905 1045 965; x_wconf 84' lang='grc'><strong>*)</strong></span> 
     </span>
     <span class='ocr_line' id='line_1_4' title="bbox 606 1005 1130 1047; baseline -0.004 0"><span class='ocrx_word' id='word_1_11' title='bbox 606 1005 1130 1047; x_wconf 74' lang='lat' dir='ltr'><strong>ARGUMENTUM</strong></span> 
     </span>
    </p>
   </div>
   <div class='ocr_carea' id='block_1_3' title="bbox 84 1097 1629 2871">
    <p class='ocr_par' dir='ltr' id='par_1_3' title="bbox 97 1097 1629 1875">
     <span class='ocr_line' id='line_1_5' title="bbox 100 1097 1628 1188; baseline 0.003 -19"><span class='ocrx_word' id='word_1_12' title='bbox 100 1097 312 1172; x_wconf 67' lang='lat' dir='ltr'><strong>Exci-dio</strong></span> <span class='ocrx_word' id='word_1_13' title='bbox 329 1134 549 1187; x_wconf 78' lang='lat' dir='ltr'><strong>praemisso</strong></span> <span class='ocrx_word' id='word_1_14' title='bbox 564 1140 686 1187; x_wconf 86' lang='lat' dir='ltr'><strong>poeta</strong></span> <span class='ocrx_word' id='word_1_15' title='bbox 704 1147 758 1184; x_wconf 87' lang='lat' dir='ltr'><strong>se,</strong></span> <span class='ocrx_word' id='word_1_16' title='bbox 776 1147 923 1188; x_wconf 86' lang='lat' dir='ltr'><strong>parum</strong></span> <span class='ocrx_word' id='word_1_17' title='bbox 940 1132 1111 1173; x_wconf 81' lang='lat' dir='ltr'><strong>feliciter</strong></span> <span class='ocrx_word' id='word_1_18' title='bbox 1127 1139 1288 1172; x_wconf 87' lang='lat' dir='ltr'><strong>tentato</strong></span> <span class='ocrx_word' id='word_1_19' title='bbox 1305 1133 1484 1172; x_wconf 79' lang='lat' dir='ltr'>carmine</span> <span class='ocrx_word' id='word_1_20' title='bbox 1502 1134 1628 1187; x_wconf 85' lang='lat' dir='ltr'><strong>epico,</strong></span> 
     </span>
     <span class='ocr_line' id='line_1_6' title="bbox 100 1188 1629 1243; baseline 0 -13"><span class='ocrx_word' id='word_1_21' title='bbox 100 1188 236 1230; x_wconf 81' lang='lat' dir='ltr'><strong>redire</strong></span> <span class='ocrx_word' id='word_1_22' title='bbox 259 1189 318 1230; x_wconf 85' lang='lat' dir='ltr'><strong>ait</strong></span> <span class='ocrx_word' id='word_1_23' title='bbox 335 1189 390 1230; x_wconf 78' lang='lat' dir='ltr'><strong>ad</strong></span> <span class='ocrx_word' id='word_1_24' title='bbox 411 1205 575 1231; x_wconf 82' lang='lat' dir='ltr'><strong>carmen</strong></span> <span class='ocrx_word' id='word_1_25' title='bbox 601 1190 852 1243; x_wconf 87' lang='lat' dir='ltr'><strong>bucolicum;</strong></span> <span class='ocrx_word' id='word_1_26' title='bbox 890 1191 989 1231; x_wconf 88' lang='lat' dir='ltr'><strong>Vari</strong></span> <span class='ocrx_word' id='word_1_27' title='bbox 1006 1199 1144 1231; x_wconf 90' lang='lat' dir='ltr'><strong>tamen</strong></span> <span class='ocrx_word' id='word_1_28' title='bbox 1169 1191 1358 1230; x_wconf 77' lang='lat' dir='ltr'><strong>laudibus</strong></span> <span class='ocrx_word' id='word_1_29' title='bbox 1380 1191 1629 1231; x_wconf 90' lang='lat' dir='ltr'><strong>celebrandis</strong></span> 
     </span>
     <span class='ocr_line' id='line_1_7' title="bbox 101 1247 1628 1304; baseline 0.002 -17"><span class='ocrx_word' id='word_1_30' title='bbox 101 1252 145 1304; x_wconf 81' lang='lat' dir='ltr'><strong>et</strong></span> <span class='ocrx_word' id='word_1_31' title='bbox 162 1247 245 1288; x_wconf 76' lang='lat' dir='ltr'><strong>hoe</strong></span> <span class='ocrx_word' id='word_1_32' title='bbox 262 1247 378 1289; x_wconf 77' lang='lat' dir='ltr'><strong>haud</strong></span> <span class='ocrx_word' id='word_1_33' title='bbox 403 1249 534 1303; x_wconf 86' lang='lat' dir='ltr'>impar</span> <span class='ocrx_word' id='word_1_34' title='bbox 560 1250 647 1289; x_wconf 89' lang='lat' dir='ltr'><strong>sore</strong></span> <span class='ocrx_word' id='word_1_35' title='bbox 672 1252 843 1292; x_wconf 85' lang='lat'><strong>1—12.</strong></span> <span class='ocrx_word' id='word_1_36' title='bbox 902 1250 1002 1289; x_wconf 89' lang='lat' dir='ltr'><strong>Inde</strong></span> <span class='ocrx_word' id='word_1_37' title='bbox 1028 1255 1193 1299; x_wconf 87' lang='lat' dir='ltr'><strong>narrat,</strong></span> <span class='ocrx_word' id='word_1_38' title='bbox 1235 1249 1317 1288; x_wconf 92' lang='lat' dir='ltr'><strong>duo</strong></span> <span class='ocrx_word' id='word_1_39' title='bbox 1341 1251 1510 1302; x_wconf 78' lang='lat' dir='ltr'><strong>Satyros</strong></span> <span class='ocrx_word' id='word_1_40' title='bbox 1536 1264 1628 1290; x_wconf 91' lang='lat' dir='ltr'><strong>cum</strong></span> 
     </span>
     <span class='ocr_line' id='line_1_8' title="bbox 99 1303 1628 1362; baseline 0.001 -16"><span class='ocrx_word' id='word_1_41' title='bbox 99 1303 290 1362; x_wconf 74' lang='lat' dir='ltr'><strong>Nympha</strong></span> <span class='ocrx_word' id='word_1_42' title='bbox 307 1305 427 1360; x_wconf 80' lang='lat' dir='ltr'>Aegle</span> <span class='ocrx_word' id='word_1_43' title='bbox 446 1308 626 1347; x_wconf 89' lang='lat' dir='ltr'>Silenum</span> <span class='ocrx_word' id='word_1_44' title='bbox 642 1308 841 1347; x_wconf 85' lang='lat' dir='ltr'><strong>iacentem</strong></span> <span class='ocrx_word' id='word_1_45' title='bbox 862 1322 1064 1361; x_wconf 81' lang='lat' dir='ltr'><strong>aggressos</strong></span> <span class='ocrx_word' id='word_1_46' title='bbox 1083 1307 1270 1360; x_wconf 81' lang='lat' dir='ltr'><strong>adegisse,</strong></span> <span class='ocrx_word' id='word_1_47' title='bbox 1300 1314 1350 1347; x_wconf 94' lang='lat' dir='ltr'><strong>ut</strong></span> <span class='ocrx_word' id='word_1_48' title='bbox 1368 1308 1444 1346; x_wconf 88' lang='lat' dir='ltr'><strong>sibi</strong></span> <span class='ocrx_word' id='word_1_49' title='bbox 1465 1322 1628 1347; x_wconf 87' lang='lat' dir='ltr'><strong>carmen</strong></span> 
     </span>
     <span class='ocr_line' id='line_1_9' title="bbox 101 1361 1627 1420; baseline 0 -15"><span class='ocrx_word' id='word_1_50' title='bbox 101 1361 266 1405; x_wconf 61' lang='lat' dir='ltr'><strong>caneret</strong></span> <span class='ocrx_word' id='word_1_51' title='bbox 284 1369 431 1409; x_wconf 67' lang='lat'><strong>--«30.</strong></span> <span class='ocrx_word' id='word_1_52' title='bbox 490 1366 670 1420; x_wconf 80' lang='lat' dir='ltr'><strong>Exponit</strong></span> <span class='ocrx_word' id='word_1_53' title='bbox 696 1366 791 1406; x_wconf 88' lang='lat' dir='ltr'><strong>inde</strong></span> <span class='ocrx_word' id='word_1_54' title='bbox 818 1367 1049 1405; x_wconf 76' lang='lat' dir='ltr'><strong>summatim</strong></span> <span class='ocrx_word' id='word_1_55' title='bbox 1075 1372 1196 1419; x_wconf 87' lang='lat' dir='ltr'><strong>poeta</strong></span> <span class='ocrx_word' id='word_1_56' title='bbox 1222 1368 1410 1408; x_wconf 87' lang='lat'><strong>31—-63</strong></span> <span class='ocrx_word' id='word_1_57' title='bbox 1439 1367 1627 1405; x_wconf 84' lang='lat' dir='ltr'><strong>carminis</strong></span> 
     </span>
     <span class='ocr_line' id='line_1_10' title="bbox 100 1423 1625 1478; baseline 0 -15"><span class='ocrx_word' id='word_1_58' title='bbox 100 1429 404 1478; x_wconf 77' lang='lat' dir='ltr'><strong>argumentum,</strong></span> <span class='ocrx_word' id='word_1_59' title='bbox 436 1423 546 1476; x_wconf 90' lang='lat' dir='ltr'><strong>quod</strong></span> <span class='ocrx_word' id='word_1_60' title='bbox 571 1425 799 1477; x_wconf 83' lang='lat' dir='ltr'><strong>mythicum</strong></span> <span class='ocrx_word' id='word_1_61' title='bbox 827 1431 908 1475; x_wconf 86' lang='lat' dir='ltr'><strong>est;</strong></span> <span class='ocrx_word' id='word_1_62' title='bbox 939 1425 1128 1477; x_wconf 82' lang='lat' dir='ltr'><strong>attigerat</strong></span> <span class='ocrx_word' id='word_1_63' title='bbox 1148 1425 1303 1462; x_wconf 88' lang='lat' dir='ltr'><strong>Silenus</strong></span> <span class='ocrx_word' id='word_1_64' title='bbox 1320 1424 1476 1462; x_wconf 82' lang='lat' dir='ltr'><strong>fabulas</strong></span> <span class='ocrx_word' id='word_1_65' title='bbox 1495 1425 1625 1477; x_wconf 90' lang='lat' dir='ltr'><strong>primo</strong></span> 
     </span>
     <span class='ocr_line' id='line_1_11' title="bbox 100 1482 1627 1536; baseline -0.001 -15"><span class='ocrx_word' id='word_1_66' title='bbox 100 1495 124 1521; x_wconf 88' lang='lat' dir='ltr'><strong>e</strong></span> <span class='ocrx_word' id='word_1_67' title='bbox 149 1482 405 1535; x_wconf 75' lang='lat' dir='ltr'><strong>cosmogouia</strong></span> <span class='ocrx_word' id='word_1_68' title='bbox 430 1482 642 1533; x_wconf 78' lang='lat'>31-403</span> <span class='ocrx_word' id='word_1_69' title='bbox 674 1483 770 1521; x_wconf 91' lang='lat' dir='ltr'><strong>inde</strong></span> <span class='ocrx_word' id='word_1_70' title='bbox 797 1483 915 1532; x_wconf 90' lang='lat' dir='ltr'><strong>alias,</strong></span> <span class='ocrx_word' id='word_1_71' title='bbox 952 1483 1179 1536; x_wconf 88' lang='lat' dir='ltr'><strong>promiscue</strong></span> <span class='ocrx_word' id='word_1_72' title='bbox 1212 1488 1477 1531; x_wconf 88' lang='lat' dir='ltr'><strong>memoratas,</strong></span> <span class='ocrx_word' id='word_1_73' title='bbox 1518 1483 1627 1521; x_wconf 90' lang='lat' dir='ltr'><strong>inter</strong></span> 
     </span>
     <span class='ocr_line' id='line_1_12' title="bbox 100 1539 1624 1594; baseline 0.002 -14"><span class='ocrx_word' id='word_1_74' title='bbox 100 1553 200 1594; x_wconf 79' lang='lat' dir='ltr'><strong>quas</strong></span> <span class='ocrx_word' id='word_1_75' title='bbox 219 1540 420 1594; x_wconf 82' lang='lat' dir='ltr'><strong>copiosius</strong></span> <span class='ocrx_word' id='word_1_76' title='bbox 438 1541 606 1592; x_wconf 82' lang='lat' dir='ltr'><strong>exponit</strong></span> <span class='ocrx_word' id='word_1_77' title='bbox 614 1540 827 1594; x_wconf 85' lang='lat' dir='ltr'><strong>Pasiphaes</strong></span> <span class='ocrx_word' id='word_1_78' title='bbox 844 1541 1067 1580; x_wconf 78' lang='lat' dir='ltr'><strong>infaustum</strong></span> <span class='ocrx_word' id='word_1_79' title='bbox 1087 1553 1264 1579; x_wconf 87' lang='lat' dir='ltr'><strong>amorem</strong></span> <span class='ocrx_word' id='word_1_80' title='bbox 1283 1540 1394 1578; x_wconf 87' lang='lat' dir='ltr'><strong>tauri</strong></span> <span class='ocrx_word' id='word_1_81' title='bbox 1415 1539 1624 1590; x_wconf 77' lang='lat'>45—605</span> 
     </span>
     <span class='ocr_line' id='line_1_13' title="bbox 100 1598 1625 1652; baseline -0.001 -14"><span class='ocrx_word' id='word_1_82' title='bbox 100 1598 171 1651; x_wconf 87' lang='lat' dir='ltr'><strong>qui</strong></span> <span class='ocrx_word' id='word_1_83' title='bbox 196 1610 271 1638; x_wconf 86' lang='lat' dir='ltr'><strong>cur</strong></span> <span class='ocrx_word' id='word_1_84' title='bbox 301 1610 394 1638; x_wconf 89' lang='lat' dir='ltr'><strong>eum</strong></span> <span class='ocrx_word' id='word_1_85' title='bbox 421 1598 676 1652; x_wconf 87' lang='lat' dir='ltr'><strong>potissimum</strong></span> <span class='ocrx_word' id='word_1_86' title='bbox 704 1599 926 1650; x_wconf 75' lang='lat' dir='ltr'><strong>detinuerit</strong></span> <span class='ocrx_word' id='word_1_87' title='bbox 955 1599 991 1637; x_wconf 91' lang='lat' dir='ltr'><strong>si</strong></span> <span class='ocrx_word' id='word_1_88' title='bbox 1014 1612 1207 1651; x_wconf 84' lang='lat' dir='ltr'><strong>quaeras,</strong></span> <span class='ocrx_word' id='word_1_89' title='bbox 1238 1611 1419 1636; x_wconf 85' lang='lat' dir='ltr'><strong>caussam</strong></span> <span class='ocrx_word' id='word_1_90' title='bbox 1436 1598 1625 1637; x_wconf 87' lang='lat' dir='ltr'><strong>idoneam</strong></span> 
     </span>
     <span class='ocr_line' id='line_1_14' title="bbox 99 1655 1625 1710; baseline -0.001 -14"><span class='ocrx_word' id='word_1_91' title='bbox 99 1670 184 1696; x_wconf 90' lang='lat' dir='ltr'><strong>non</strong></span> <span class='ocrx_word' id='word_1_92' title='bbox 208 1655 391 1710; x_wconf 82' lang='lat' dir='ltr'><strong>reperio,</strong></span> <span class='ocrx_word' id='word_1_93' title='bbox 427 1662 589 1709; x_wconf 87' lang='lat' dir='ltr'><strong>praeter</strong></span> <span class='ocrx_word' id='word_1_94' title='bbox 613 1656 790 1696; x_wconf 89' lang='lat' dir='ltr'><strong>lubitum</strong></span> <span class='ocrx_word' id='word_1_95' title='bbox 819 1664 974 1710; x_wconf 84' lang='lat' dir='ltr'><strong>poetae.</strong></span> <span class='ocrx_word' id='word_1_96' title='bbox 1042 1658 1222 1710; x_wconf 81' lang='lat' dir='ltr'><strong>Repente</strong></span> <span class='ocrx_word' id='word_1_97' title='bbox 1248 1656 1344 1694; x_wconf 85' lang='lat' dir='ltr'><strong>inde</strong></span> <span class='ocrx_word' id='word_1_98' title='bbox 1377 1656 1430 1694; x_wconf 87' lang='lat' dir='ltr'><strong>ad</strong></span> <span class='ocrx_word' id='word_1_99' title='bbox 1463 1656 1625 1695; x_wconf 86' lang='lat' dir='ltr'><strong>Gallum</strong></span> 
     </span>
     <span class='ocr_line' id='line_1_15' title="bbox 99 1712 1624 1768; baseline -0.002 -13"><span class='ocrx_word' id='word_1_100' title='bbox 99 1727 264 1755; x_wconf 83' lang='lat' dir='ltr'><strong>carmen</strong></span> <span class='ocrx_word' id='word_1_101' title='bbox 281 1712 511 1765; x_wconf 84' lang='lat' dir='ltr'><strong>deducitur,</strong></span> <span class='ocrx_word' id='word_1_102' title='bbox 540 1721 581 1753; x_wconf 87' lang='lat' dir='ltr'><strong>et</strong></span> <span class='ocrx_word' id='word_1_103' title='bbox 602 1715 655 1753; x_wconf 87' lang='lat' dir='ltr'><strong>ad</strong></span> <span class='ocrx_word' id='word_1_104' title='bbox 673 1715 756 1754; x_wconf 89' lang='lat' dir='ltr'><strong>eius</strong></span> <span class='ocrx_word' id='word_1_105' title='bbox 781 1715 940 1754; x_wconf 83' lang='lat' dir='ltr'><strong>laudem</strong></span> <span class='ocrx_word' id='word_1_106' title='bbox 960 1715 1160 1768; x_wconf 87' lang='lat' dir='ltr'><strong>poeticam</strong></span> <span class='ocrx_word' id='word_1_107' title='bbox 1180 1721 1220 1753; x_wconf 87' lang='lat' dir='ltr'><strong>et</strong></span> <span class='ocrx_word' id='word_1_108' title='bbox 1237 1714 1415 1753; x_wconf 86' lang='lat' dir='ltr'><strong>carmina</strong></span> <span class='ocrx_word' id='word_1_109' title='bbox 1431 1713 1624 1753; x_wconf 84' lang='lat' dir='ltr'><strong>inchoata</strong></span> 
     </span>
     <span class='ocr_line' id='line_1_16' title="bbox 98 1771 1623 1826; baseline -0.003 -10"><span class='ocrx_word' id='word_1_110' title='bbox 98 1771 156 1816; x_wconf 82' lang='lat'><strong>64</strong></span> <span class='ocrx_word' id='word_1_111' title='bbox 171 1795 231 1803; x_wconf 92' lang='lat'><strong>—·</strong></span> <span class='ocrx_word' id='word_1_112' title='bbox 247 1775 316 1815; x_wconf 82' lang='lat'><strong>73.</strong></span> <span class='ocrx_word' id='word_1_113' title='bbox 375 1772 480 1812; x_wconf 88' lang='lat' dir='ltr'><strong>Tum</strong></span> <span class='ocrx_word' id='word_1_114' title='bbox 502 1773 654 1812; x_wconf 88' lang='lat' dir='ltr'><strong>iterum</strong></span> <span class='ocrx_word' id='word_1_115' title='bbox 683 1774 736 1812; x_wconf 89' lang='lat' dir='ltr'><strong>ad</strong></span> <span class='ocrx_word' id='word_1_116' title='bbox 760 1773 917 1812; x_wconf 83' lang='lat' dir='ltr'><strong>fabulas</strong></span> <span class='ocrx_word' id='word_1_117' title='bbox 944 1773 1054 1812; x_wconf 86' lang='lat' dir='ltr'><strong>redit</strong></span> <span class='ocrx_word' id='word_1_118' title='bbox 1086 1773 1154 1816; x_wconf 75' lang='lat'><strong>84.</strong></span> <span class='ocrx_word' id='word_1_119' title='bbox 1213 1771 1386 1826; x_wconf 88' lang='lat' dir='ltr'><strong>Vespere</strong></span> <span class='ocrx_word' id='word_1_120' title='bbox 1409 1772 1623 1825; x_wconf 83' lang='lat' dir='ltr'><strong>ingruente</strong></span> 
     </span>
     <span class='ocr_line' id='line_1_17' title="bbox 97 1830 875 1875; baseline 0 -5"><span class='ocrx_word' id='word_1_121' title='bbox 97 1831 198 1870; x_wconf 77' lang='lat' dir='ltr'><strong>facit</strong></span> <span class='ocrx_word' id='word_1_122' title='bbox 214 1831 372 1870; x_wconf 89' lang='lat' dir='ltr'><strong>Silenus</strong></span> <span class='ocrx_word' id='word_1_123' title='bbox 388 1830 510 1870; x_wconf 88' lang='lat' dir='ltr'><strong>finem</strong></span> <span class='ocrx_word' id='word_1_124' title='bbox 528 1832 699 1870; x_wconf 88' lang='lat' dir='ltr'><strong>canendi</strong></span> <span class='ocrx_word' id='word_1_125' title='bbox 720 1833 788 1875; x_wconf 90' lang='lat'><strong>85.</strong></span> <span class='ocrx_word' id='word_1_126' title='bbox 808 1834 875 1873; x_wconf 87' lang='lat'><strong>86.</strong></span> 
     </span>
    </p>

    <p class='ocr_par' dir='ltr' id='par_1_4' title="bbox 84 1887 1622 2871">
     <span class='ocr_line' id='line_1_18' title="bbox 211 1887 1622 1942; baseline -0.001 -14"><span class='ocrx_word' id='word_1_127' title='bbox 211 1887 328 1928; x_wconf 82' lang='lat' dir='ltr'><strong>Felix</strong></span> <span class='ocrx_word' id='word_1_128' title='bbox 362 1889 405 1928; x_wconf 86' lang='lat' dir='ltr'><strong>in</strong></span> <span class='ocrx_word' id='word_1_129' title='bbox 437 1887 560 1929; x_wconf 89' lang='lat' dir='ltr'><strong>huius</strong></span> <span class='ocrx_word' id='word_1_130' title='bbox 591 1890 758 1942; x_wconf 84' lang='lat' dir='ltr'><strong>Eclogae</strong></span> <span class='ocrx_word' id='word_1_131' title='bbox 796 1895 1033 1942; x_wconf 86' lang='lat' dir='ltr'><strong>argumento</strong></span> <span class='ocrx_word' id='word_1_132' title='bbox 1069 1895 1110 1927; x_wconf 88' lang='lat' dir='ltr'><strong>et</strong></span> <span class='ocrx_word' id='word_1_133' title='bbox 1150 1888 1236 1927; x_wconf 93' lang='lat' dir='ltr'><strong>eius</strong></span> <span class='ocrx_word' id='word_1_134' title='bbox 1265 1888 1510 1926; x_wconf 85' lang='lat' dir='ltr'><strong>tractatione</strong></span> <span class='ocrx_word' id='word_1_135' title='bbox 1542 1888 1622 1927; x_wconf 84' lang='lat' dir='ltr'><strong>suit</strong></span> 
     </span>
     <span class='ocr_line' id='line_1_19' title="bbox 96 1945 1620 2001; baseline -0.001 -15"><span class='ocrx_word' id='word_1_136' title='bbox 96 1953 229 2001; x_wconf 86' lang='lat' dir='ltr'><strong>poeta.</strong></span> <span class='ocrx_word' id='word_1_137' title='bbox 287 1946 588 1986; x_wconf 80' lang='lat' dir='ltr'><strong>Iucundissimis</strong></span> <span class='ocrx_word' id='word_1_138' title='bbox 609 1949 727 1998; x_wconf 90' lang='lat' dir='ltr'><strong>enim,</strong></span> <span class='ocrx_word' id='word_1_139' title='bbox 749 1947 999 1997; x_wconf 79' lang='lat' dir='ltr'><strong>dulcissimis,</strong></span> <span class='ocrx_word' id='word_1_140' title='bbox 1022 1960 1070 1985; x_wconf 90' lang='lat' dir='ltr'><strong>ac</strong></span> <span class='ocrx_word' id='word_1_141' title='bbox 1086 1946 1340 2000; x_wconf 87' lang='lat' dir='ltr'><strong>pulcerrimis</strong></span> <span class='ocrx_word' id='word_1_142' title='bbox 1357 1960 1498 1985; x_wconf 90' lang='lat' dir='ltr'><strong>rerum</strong></span> <span class='ocrx_word' id='word_1_143' title='bbox 1516 1945 1620 1984; x_wconf 92' lang='lat' dir='ltr'><strong>ima—</strong></span> 
     </span>
     <span class='ocr_line' id='line_1_20' title="bbox 97 2004 1620 2059; baseline -0.001 -15"><span class='ocrx_word' id='word_1_144' title='bbox 97 2005 255 2059; x_wconf 84' lang='lat' dir='ltr'><strong>ginibus</strong></span> <span class='ocrx_word' id='word_1_145' title='bbox 275 2005 405 2045; x_wconf 91' lang='lat' dir='ltr'><strong>omnis</strong></span> <span class='ocrx_word' id='word_1_146' title='bbox 420 2004 523 2045; x_wconf 80' lang='lat' dir='ltr'><strong>haec</strong></span> <span class='ocrx_word' id='word_1_147' title='bbox 542 2007 724 2045; x_wconf 85' lang='lat' dir='ltr'><strong>narratio</strong></span> <span class='ocrx_word' id='word_1_148' title='bbox 748 2006 938 2044; x_wconf 86' lang='lat' dir='ltr'><strong>distincta</strong></span> <span class='ocrx_word' id='word_1_149' title='bbox 963 2011 1045 2055; x_wconf 89' lang='lat' dir='ltr'><strong>est,</strong></span> <span class='ocrx_word' id='word_1_150' title='bbox 1077 2019 1156 2056; x_wconf 89' lang='lat' dir='ltr'><strong>qua</strong></span> <span class='ocrx_word' id='word_1_151' title='bbox 1178 2005 1334 2043; x_wconf 91' lang='lat' dir='ltr'><strong>Silenus</strong></span> <span class='ocrx_word' id='word_1_152' title='bbox 1352 2018 1403 2042; x_wconf 80' lang='lat' dir='ltr'><strong>ex</strong></span> <span class='ocrx_word' id='word_1_153' title='bbox 1422 2004 1620 2056; x_wconf 86' lang='lat' dir='ltr'><strong>antiquis-</strong></span> 
     </span>
     <span class='ocr_line' id='line_1_21' title="bbox 97 2063 1619 2117; baseline -0.001 -15"><span class='ocrx_word' id='word_1_154' title='bbox 97 2064 292 2103; x_wconf 77' lang='lat' dir='ltr'><strong>simorum</strong></span> <span class='ocrx_word' id='word_1_155' title='bbox 324 2070 539 2117; x_wconf 85' lang='lat' dir='ltr'><strong>poetarum</strong></span> <span class='ocrx_word' id='word_1_156' title='bbox 564 2079 611 2103; x_wconf 92' lang='lat' dir='ltr'><strong>ac</strong></span> <span class='ocrx_word' id='word_1_157' title='bbox 643 2063 978 2117; x_wconf 82' lang='lat' dir='ltr'><strong>philosophorum</strong></span> <span class='ocrx_word' id='word_1_158' title='bbox 1010 2063 1236 2102; x_wconf 86' lang='lat' dir='ltr'><strong>rationibus</strong></span> <span class='ocrx_word' id='word_1_159' title='bbox 1264 2063 1455 2114; x_wconf 87' lang='lat' dir='ltr'><strong>originem</strong></span> <span class='ocrx_word' id='word_1_160' title='bbox 1482 2076 1619 2101; x_wconf 78' lang='lat' dir='ltr'><strong>rerum</strong></span> 
     </span>
     <span class='ocr_line' id='line_1_22' title="bbox 98 2120 1618 2175; baseline -0.002 -14"><span class='ocrx_word' id='word_1_161' title='bbox 98 2122 228 2172; x_wconf 84' lang='lat' dir='ltr'><strong>canit,</strong></span> <span class='ocrx_word' id='word_1_162' title='bbox 257 2128 379 2174; x_wconf 91' lang='lat' dir='ltr'><strong>atque</strong></span> <span class='ocrx_word' id='word_1_163' title='bbox 395 2121 492 2161; x_wconf 88' lang='lat' dir='ltr'><strong>inde</strong></span> <span class='ocrx_word' id='word_1_164' title='bbox 508 2120 581 2175; x_wconf 81' lang='lat' dir='ltr'><strong>per</strong></span> <span class='ocrx_word' id='word_1_165' title='bbox 599 2123 756 2161; x_wconf 88' lang='lat' dir='ltr'><strong>fabulas</strong></span> <span class='ocrx_word' id='word_1_166' title='bbox 775 2129 964 2161; x_wconf 88' lang='lat' dir='ltr'><strong>ornatum</strong></span> <span class='ocrx_word' id='word_1_167' title='bbox 984 2122 1189 2174; x_wconf 86' lang='lat' dir='ltr'><strong>poeticum</strong></span> <span class='ocrx_word' id='word_1_168' title='bbox 1207 2121 1380 2159; x_wconf 67' lang='lat' dir='ltr'><strong>mmne</strong></span> <span class='ocrx_word' id='word_1_169' title='bbox 1397 2121 1618 2159; x_wconf 85' lang='lat' dir='ltr'><strong>admitten-</strong></span> 
     </span>
     <span class='ocr_line' id='line_1_23' title="bbox 96 2179 1619 2233; baseline -0.001 -15"><span class='ocrx_word' id='word_1_170' title='bbox 96 2187 158 2219; x_wconf 87' lang='lat' dir='ltr'><strong>tes</strong></span> <span class='ocrx_word' id='word_1_171' title='bbox 187 2186 371 2233; x_wconf 88' lang='lat' dir='ltr'><strong>vagatur.</strong></span> <span class='ocrx_word' id='word_1_172' title='bbox 427 2180 516 2219; x_wconf 85' lang='lat' dir='ltr'><strong>Non</strong></span> <span class='ocrx_word' id='word_1_173' title='bbox 548 2181 676 2230; x_wconf 87' lang='lat' dir='ltr'><strong>enim,</strong></span> <span class='ocrx_word' id='word_1_174' title='bbox 715 2194 839 2232; x_wconf 85' lang='lat' dir='ltr'><strong>quare</strong></span> <span class='ocrx_word' id='word_1_175' title='bbox 869 2195 961 2218; x_wconf 89' lang='lat' dir='ltr'><strong>cum</strong></span> <span class='ocrx_word' id='word_1_176' title='bbox 987 2179 1289 2228; x_wconf 86' lang='lat' dir='ltr'><strong>Grammaticis,</strong></span> <span class='ocrx_word' id='word_1_177' title='bbox 1328 2179 1397 2230; x_wconf 91' lang='lat' dir='ltr'><strong>qui</strong></span> <span class='ocrx_word' id='word_1_178' title='bbox 1421 2181 1619 2232; x_wconf 69' lang='lat' dir='ltr'><strong>Syr-onem</strong></span> 
     </span>
     <span class='ocr_line' id='line_1_24' title="bbox 95 2236 1618 2292; baseline -0.001 -15"><span class='ocrx_word' id='word_1_179' title='bbox 95 2236 180 2277; x_wconf 87' lang='lat' dir='ltr'><strong>huc</strong></span> <span class='ocrx_word' id='word_1_180' title='bbox 198 2239 350 2277; x_wconf 83' lang='lat' dir='ltr'><strong>vocant</strong></span> <span class='ocrx_word' id='word_1_181' title='bbox 373 2236 440 2291; x_wconf 86' lang='lat' dir='ltr'><strong>(de</strong></span> <span class='ocrx_word' id='word_1_182' title='bbox 462 2252 542 2289; x_wconf 93' lang='lat' dir='ltr'><strong>quo</strong></span> <span class='ocrx_word' id='word_1_183' title='bbox 562 2253 602 2278; x_wconf 84' lang='lat' dir='ltr'><strong>v.</strong></span> <span class='ocrx_word' id='word_1_184' title='bbox 630 2238 684 2277; x_wconf 87' lang='lat' dir='ltr'><strong>ad</strong></span> <span class='ocrx_word' id='word_1_185' title='bbox 706 2238 1002 2277; x_wconf 85' lang='lat' dir='ltr'><strong>Pseudodonat.</strong></span> <span class='ocrx_word' id='word_1_186' title='bbox 1023 2253 1053 2276; x_wconf 81' lang='lat' dir='ltr'><strong>S.</strong></span> <span class='ocrx_word' id='word_1_187' title='bbox 1078 2236 1163 2292; x_wconf 83' lang='lat'>79.)</span> <span class='ocrx_word' id='word_1_188' title='bbox 1177 2268 1186 2286; x_wconf 91' lang='lat'><strong>,</strong></span> <span class='ocrx_word' id='word_1_189' title='bbox 1227 2237 1281 2275; x_wconf 89' lang='lat' dir='ltr'><strong>ad</strong></span> <span class='ocrx_word' id='word_1_190' title='bbox 1297 2237 1461 2290; x_wconf 87' lang='lat' dir='ltr'><strong>Epicuri</strong></span> <span class='ocrx_word' id='word_1_191' title='bbox 1487 2237 1618 2289; x_wconf 86' lang='lat' dir='ltr'><strong>potis-</strong></span> 
     </span>
     <span class='ocr_line' id='line_1_25' title="bbox 97 2295 1616 2349; baseline -0.001 -15"><span class='ocrx_word' id='word_1_192' title='bbox 97 2296 242 2335; x_wconf 83' lang='lat' dir='ltr'><strong>simum</strong></span> <span class='ocrx_word' id='word_1_193' title='bbox 273 2297 423 2349; x_wconf 85' lang='lat' dir='ltr'><strong>placita</strong></span> <span class='ocrx_word' id='word_1_194' title='bbox 455 2309 495 2335; x_wconf 86' lang='lat' dir='ltr'><strong>v.</strong></span> <span class='ocrx_word' id='word_1_195' title='bbox 521 2298 572 2338; x_wconf 83' lang='lat'><strong>31</strong></span> <span class='ocrx_word' id='word_1_196' title='bbox 605 2310 689 2348; x_wconf 86' lang='lat' dir='ltr'><strong>sqq.</strong></span> <span class='ocrx_word' id='word_1_197' title='bbox 717 2297 909 2345; x_wconf 81' lang='lat' dir='ltr'><strong>referam,</strong></span> <span class='ocrx_word' id='word_1_198' title='bbox 946 2296 1089 2344; x_wconf 79' lang='lat' dir='ltr'><strong>vide03</strong></span> <span class='ocrx_word' id='word_1_199' title='bbox 1130 2295 1256 2347; x_wconf 75' lang='lat' dir='ltr'><strong>quid?</strong></span> <span class='ocrx_word' id='word_1_200' title='bbox 1288 2295 1400 2347; x_wconf 85' lang='lat' dir='ltr'><strong>quotl</strong></span> <span class='ocrx_word' id='word_1_201' title='bbox 1439 2301 1616 2346; x_wconf 88' lang='lat' dir='ltr'><strong>quatuor</strong></span> 
     </span>
     <span class='ocr_line' id='line_1_26' title="bbox 97 2353 1617 2406; baseline -0.002 -13"><span class='ocrx_word' id='word_1_202' title='bbox 97 2354 314 2404; x_wconf 85' lang='lat' dir='ltr'><strong>elementa,</strong></span> <span class='ocrx_word' id='word_1_203' title='bbox 345 2367 367 2391; x_wconf 92' lang='lat' dir='ltr'><strong>e</strong></span> <span class='ocrx_word' id='word_1_204' title='bbox 391 2353 537 2406; x_wconf 87' lang='lat' dir='ltr'><strong>quibus</strong></span> <span class='ocrx_word' id='word_1_205' title='bbox 556 2354 793 2393; x_wconf 84' lang='lat' dir='ltr'><strong>universum</strong></span> <span class='ocrx_word' id='word_1_206' title='bbox 814 2355 869 2393; x_wconf 91' lang='lat' dir='ltr'><strong>ibi</strong></span> <span class='ocrx_word' id='word_1_207' title='bbox 899 2354 1172 2402; x_wconf 81' lang='lat' dir='ltr'><strong>construitur,</strong></span> <span class='ocrx_word' id='word_1_208' title='bbox 1213 2366 1314 2405; x_wconf 89' lang='lat' dir='ltr'><strong>quae</strong></span> <span class='ocrx_word' id='word_1_209' title='bbox 1344 2353 1394 2391; x_wconf 89' lang='lat' dir='ltr'><strong>ad</strong></span> <span class='ocrx_word' id='word_1_210' title='bbox 1413 2353 1617 2405; x_wconf 85' lang='lat' dir='ltr'><strong>Empedo-</strong></span> 
     </span>
     <span class='ocr_line' id='line_1_27' title="bbox 96 2411 1615 2466; baseline -0.003 -14"><span class='ocrx_word' id='word_1_211' title='bbox 96 2412 223 2452; x_wconf 87' lang='lat' dir='ltr'><strong>cleam</strong></span> <span class='ocrx_word' id='word_1_212' title='bbox 249 2412 451 2451; x_wconf 76' lang='lat' dir='ltr'><strong>rationem</strong></span> <span class='ocrx_word' id='word_1_213' title='bbox 469 2412 696 2466; x_wconf 82' lang='lat' dir='ltr'><strong>pertinent,</strong></span> <span class='ocrx_word' id='word_1_214' title='bbox 728 2413 777 2450; x_wconf 86' lang='lat' dir='ltr'><strong>ab</strong></span> <span class='ocrx_word' id='word_1_215' title='bbox 797 2413 1087 2465; x_wconf 82' lang='lat' dir='ltr'><strong>Epicureorum</strong></span> <span class='ocrx_word' id='word_1_216' title='bbox 1107 2411 1288 2464; x_wconf 88' lang='lat' dir='ltr'><strong>principe</strong></span> <span class='ocrx_word' id='word_1_217' title='bbox 1309 2411 1496 2450; x_wconf 84' lang='lat' dir='ltr'><strong>Lucretio</strong></span> <span class='ocrx_word' id='word_1_218' title='bbox 1517 2424 1615 2448; x_wconf 79' lang='lat' dir='ltr'><strong>exa-</strong></span> 
     </span>
     <span class='ocr_line' id='line_1_28' title="bbox 94 2468 1615 2524; baseline -0.001 -16"><span class='ocrx_word' id='word_1_219' title='bbox 94 2471 275 2524; x_wconf 86' lang='lat' dir='ltr'><strong>gitantur</strong></span> <span class='ocrx_word' id='word_1_220' title='bbox 292 2470 330 2521; x_wconf 91' lang='lat' dir='ltr'><strong>I,</strong></span> <span class='ocrx_word' id='word_1_221' title='bbox 362 2473 468 2521; x_wconf 89' lang='lat'><strong>717,</strong></span> <span class='ocrx_word' id='word_1_222' title='bbox 499 2477 541 2509; x_wconf 88' lang='lat' dir='ltr'><strong>et</strong></span> <span class='ocrx_word' id='word_1_223' title='bbox 560 2471 708 2509; x_wconf 86' lang='lat' dir='ltr'><strong>nititur</strong></span> <span class='ocrx_word' id='word_1_224' title='bbox 734 2477 823 2509; x_wconf 86' lang='lat' dir='ltr'><strong>tota</strong></span> <span class='ocrx_word' id='word_1_225' title='bbox 849 2470 898 2508; x_wconf 91' lang='lat' dir='ltr'><strong>de</strong></span> <span class='ocrx_word' id='word_1_226' title='bbox 915 2469 1078 2521; x_wconf 84' lang='lat' dir='ltr'><strong>Virgilio</strong></span> <span class='ocrx_word' id='word_1_227' title='bbox 1103 2470 1321 2521; x_wconf 77' lang='lat' dir='ltr'><strong>Epicureae</strong></span> <span class='ocrx_word' id='word_1_228' title='bbox 1340 2468 1615 2522; x_wconf 87' lang='lat' dir='ltr'><strong>philosophiae</strong></span> 
     </span>
     <span class='ocr_line' id='line_1_29' title="bbox 95 2527 1614 2580; baseline -0.002 -13"><span class='ocrx_word' id='word_1_229' title='bbox 95 2535 295 2568; x_wconf 82' lang='lat' dir='ltr'><strong>sectatore</strong></span> <span class='ocrx_word' id='word_1_230' title='bbox 314 2529 452 2568; x_wconf 78' lang='lat' dir='ltr'><strong>fabula</strong></span> <span class='ocrx_word' id='word_1_231' title='bbox 469 2529 549 2568; x_wconf 85' lang='lat' dir='ltr'><strong>fide</strong></span> <span class='ocrx_word' id='word_1_232' title='bbox 565 2528 866 2568; x_wconf 80' lang='lat' dir='ltr'><strong>Pseudodonati</strong></span> <span class='ocrx_word' id='word_1_233' title='bbox 885 2534 926 2566; x_wconf 84' lang='lat' dir='ltr'><strong>ct</strong></span> <span class='ocrx_word' id='word_1_234' title='bbox 950 2527 1100 2576; x_wconf 79' lang='lat' dir='ltr'><strong>Servii,</strong></span> <span class='ocrx_word' id='word_1_235' title='bbox 1132 2534 1203 2566; x_wconf 89' lang='lat' dir='ltr'><strong>aut</strong></span> <span class='ocrx_word' id='word_1_236' title='bbox 1219 2528 1356 2580; x_wconf 89' lang='lat' dir='ltr'><strong>potius</strong></span> <span class='ocrx_word' id='word_1_237' title='bbox 1375 2528 1614 2566; x_wconf 86' lang='lat' dir='ltr'><strong>vanissimo-</strong></span> 
     </span>
     <span class='ocr_line' id='line_1_30' title="bbox 94 2585 1615 2638; baseline -0.002 -12"><span class='ocrx_word' id='word_1_238' title='bbox 94 2601 189 2626; x_wconf 89' lang='lat' dir='ltr'><strong>rum</strong></span> <span class='ocrx_word' id='word_1_239' title='bbox 214 2586 450 2636; x_wconf 88' lang='lat' dir='ltr'><strong>hominum,</strong></span> <span class='ocrx_word' id='word_1_240' title='bbox 490 2587 557 2638; x_wconf 91' lang='lat' dir='ltr'><strong>qui</strong></span> <span class='ocrx_word' id='word_1_241' title='bbox 586 2587 749 2625; x_wconf 89' lang='lat' dir='ltr'><strong>nomina</strong></span> <span class='ocrx_word' id='word_1_242' title='bbox 776 2587 850 2625; x_wconf 88' lang='lat' dir='ltr'><strong>ista</strong></span> <span class='ocrx_word' id='word_1_243' title='bbox 880 2592 975 2624; x_wconf 84' lang='lat' dir='ltr'><strong>sunt</strong></span> <span class='ocrx_word' id='word_1_244' title='bbox 997 2586 1168 2624; x_wconf 85' lang='lat' dir='ltr'><strong>mentiti.</strong></span> <span class='ocrx_word' id='word_1_245' title='bbox 1227 2586 1324 2623; x_wconf 83' lang='lat' dir='ltr'><strong>Fuit</strong></span> <span class='ocrx_word' id='word_1_246' title='bbox 1349 2592 1484 2624; x_wconf 83' lang='lat' dir='ltr'><strong>autem</strong></span> <span class='ocrx_word' id='word_1_247' title='bbox 1508 2585 1615 2623; x_wconf 88' lang='lat' dir='ltr'><strong>anti-</strong></span> 
     </span>
     <span class='ocr_line' id='line_1_31' title="bbox 95 2639 1614 2697; baseline -0.003 -13"><span class='ocrx_word' id='word_1_248' title='bbox 95 2645 287 2697; x_wconf 87' lang='lat' dir='ltr'><strong>quissima</strong></span> <span class='ocrx_word' id='word_1_249' title='bbox 313 2639 445 2697; x_wconf 82' lang='lat' dir='ltr'><strong>aliqua</strong></span> <span class='ocrx_word' id='word_1_250' title='bbox 474 2645 723 2684; x_wconf 79' lang='lat' dir='ltr'><strong>reconditior</strong></span> <span class='ocrx_word' id='word_1_251' title='bbox 745 2645 882 2683; x_wconf 85' lang='lat' dir='ltr'><strong>fabula</strong></span> <span class='ocrx_word' id='word_1_252' title='bbox 913 2644 962 2682; x_wconf 86' lang='lat' dir='ltr'><strong>de</strong></span> <span class='ocrx_word' id='word_1_253' title='bbox 992 2644 1115 2683; x_wconf 84' lang='lat' dir='ltr'><strong>Sileni</strong></span> <span class='ocrx_word' id='word_1_254' title='bbox 1144 2641 1398 2697; x_wconf 86' lang='lat' dir='ltr'><strong>philosophia</strong></span> <span class='ocrx_word' id='word_1_255' title='bbox 1427 2650 1468 2681; x_wconf 87' lang='lat' dir='ltr'><strong>et</strong></span> <span class='ocrx_word' id='word_1_256' title='bbox 1495 2656 1614 2695; x_wconf 90' lang='lat' dir='ltr'><strong>super</strong></span> 
     </span>
     <span class='ocr_line' id='line_1_32' title="bbox 94 2700 1613 2756; baseline -0.002 -15"><span class='ocrx_word' id='word_1_257' title='bbox 94 2715 159 2741; x_wconf 80' lang='lat' dir='ltr'><strong>res</strong></span> <span class='ocrx_word' id='word_1_258' title='bbox 182 2705 391 2743; x_wconf 85' lang='lat' dir='ltr'><strong>naturales</strong></span> <span class='ocrx_word' id='word_1_259' title='bbox 413 2709 455 2741; x_wconf 90' lang='lat' dir='ltr'><strong>et</strong></span> <span class='ocrx_word' id='word_1_260' title='bbox 478 2703 630 2742; x_wconf 87' lang='lat' dir='ltr'><strong>ethicas</strong></span> <span class='ocrx_word' id='word_1_261' title='bbox 654 2703 1019 2756; x_wconf 80' lang='lat' dir='ltr'><strong>disputationibus:</strong></span> <span class='ocrx_word' id='word_1_262' title='bbox 1058 2715 1186 2753; x_wconf 83' lang='lat' dir='ltr'><strong>neque</strong></span> <span class='ocrx_word' id='word_1_263' title='bbox 1213 2715 1364 2740; x_wconf 81' lang='lat' dir='ltr'><strong>vanum</strong></span> <span class='ocrx_word' id='word_1_264' title='bbox 1391 2707 1470 2751; x_wconf 86' lang='lat' dir='ltr'><strong>est,</strong></span> <span class='ocrx_word' id='word_1_265' title='bbox 1503 2700 1613 2751; x_wconf 89' lang='lat' dir='ltr'><strong>quod</strong></span> 
     </span>
     <span class='ocr_line' id='line_1_33' title="bbox 95 2759 1615 2803; baseline -0.003 -5"><span class='ocrx_word' id='word_1_266' title='bbox 95 2761 236 2800; x_wconf 87' lang='lat' dir='ltr'><strong>Servio</strong></span> <span class='ocrx_word' id='word_1_267' title='bbox 267 2762 469 2800; x_wconf 81' lang='lat' dir='ltr'><strong>insertum</strong></span> <span class='ocrx_word' id='word_1_268' title='bbox 493 2767 553 2799; x_wconf 88' lang='lat' dir='ltr'><strong>est</strong></span> <span class='ocrx_word' id='word_1_269' title='bbox 592 2762 645 2800; x_wconf 88' lang='lat' dir='ltr'><strong>ad</strong></span> <span class='ocrx_word' id='word_1_270' title='bbox 681 2775 721 2800; x_wconf 84' lang='lat' dir='ltr'><strong>v.</strong></span> <span class='ocrx_word' id='word_1_271' title='bbox 753 2763 804 2803; x_wconf 85' lang='lat'><strong>13</strong></span> <span class='ocrx_word' id='word_1_272' title='bbox 852 2762 959 2798; x_wconf 84' lang='lat' dir='ltr'><strong>Sane</strong></span> <span class='ocrx_word' id='word_1_273' title='bbox 991 2761 1066 2798; x_wconf 78' lang='lat' dir='ltr'><strong>hoc</strong></span> <span class='ocrx_word' id='word_1_274' title='bbox 1107 2761 1156 2797; x_wconf 79' lang='lat' dir='ltr'><strong>cle</strong></span> <span class='ocrx_word' id='word_1_275' title='bbox 1186 2760 1319 2798; x_wconf 82' lang='lat' dir='ltr'><strong>Sileno</strong></span> <span class='ocrx_word' id='word_1_276' title='bbox 1352 2775 1431 2797; x_wconf 84' lang='lat' dir='ltr'><strong>non</strong></span> <span class='ocrx_word' id='word_1_277' title='bbox 1467 2759 1615 2796; x_wconf 74' lang='lat' dir='ltr'><strong>dicitur</strong></span> 
     </span>
     <span class='ocr_line' id='line_1_34' title="bbox 84 2817 1611 2871; baseline -0.003 -15"><span class='ocrx_word' id='word_1_278' title='bbox 84 2817 236 2867; x_wconf 76' lang='lat' dir='ltr'><strong>fictum</strong></span> <span class='ocrx_word' id='word_1_279' title='bbox 261 2834 290 2857; x_wconf 87' lang='grc' dir='ltr'><em>α</em></span> <span class='ocrx_word' id='word_1_280' title='bbox 325 2820 527 2871; x_wconf 75' lang='lat' dir='ltr'><strong>Virgilio,</strong></span> <span class='ocrx_word' id='word_1_281' title='bbox 568 2820 641 2857; x_wconf 81' lang='lat' dir='ltr'><strong>sed</strong></span> <span class='ocrx_word' id='word_1_282' title='bbox 664 2834 692 2857; x_wconf 86' lang='grc' dir='ltr'><em>α</em></span> <span class='ocrx_word' id='word_1_283' title='bbox 726 2819 984 2870; x_wconf 78' lang='lat' dir='ltr'><strong>Theopompo</strong></span> <span class='ocrx_word' id='word_1_284' title='bbox 1010 2818 1264 2856; x_wconf 78' lang='lat' dir='ltr'><strong>translatum.</strong></span> <span class='ocrx_word' id='word_1_285' title='bbox 1327 2819 1372 2856; x_wconf 79' lang='lat' dir='ltr'><strong>Is·</strong></span> <span class='ocrx_word' id='word_1_286' title='bbox 1399 2819 1504 2854; x_wconf 76' lang='lat' dir='ltr'><strong>cnc&#39;m</strong></span> <span class='ocrx_word' id='word_1_287' title='bbox 1530 2830 1611 2866; x_wconf 79' lang='lat' dir='ltr'><strong>ap—</strong></span> 
     </span>
    </p>
   </div>
   <div class='ocr_carea' id='block_1_4' title="bbox 94 2927 1610 3115">
    <p class='ocr_par' dir='ltr' id='par_1_5' title="bbox 94 2927 1610 3115">
     <span class='ocr_line' id='line_1_35' title="bbox 141 2927 1608 2976; baseline -0.003 -13"><span class='ocrx_word' id='word_1_288' title='bbox 141 2930 175 2973; x_wconf 79' lang='grc'><strong>*)</strong></span> <span class='ocrx_word' id='word_1_289' title='bbox 201 2930 360 2964; x_wconf 73' lang='lat' dir='ltr'><strong>Silenus.</strong></span> <span class='ocrx_word' id='word_1_290' title='bbox 394 2932 619 2976; x_wconf 79' lang='lat' dir='ltr'><strong>Adscriptum</strong></span> <span class='ocrx_word' id='word_1_291' title='bbox 637 2939 823 2975; x_wconf 83' lang='lat' dir='ltr'><strong>praeterea</strong></span> <span class='ocrx_word' id='word_1_292' title='bbox 880 2932 1063 2972; x_wconf 85' lang='lat' dir='ltr'><strong>lenorum,</strong></span> <span class='ocrx_word' id='word_1_293' title='bbox 1086 2931 1129 2964; x_wconf 88' lang='lat' dir='ltr'><strong>ab</strong></span> <span class='ocrx_word' id='word_1_294' title='bbox 1152 2931 1229 2963; x_wconf 86' lang='lat' dir='ltr'><strong>aliis</strong></span> <span class='ocrx_word' id='word_1_295' title='bbox 1243 2941 1320 2963; x_wconf 84' lang='lat' dir='ltr'><strong>voc.</strong></span> <span class='ocrx_word' id='word_1_296' title='bbox 1338 2929 1480 2962; x_wconf 88' lang='lat' dir='ltr'><strong>omnino</strong></span> <span class='ocrx_word' id='word_1_297' title='bbox 1500 2927 1608 2959; x_wconf 79' lang='lat' dir='ltr'><strong>abest.</strong></span> 
     </span>
     <span class='ocr_line' id='line_1_36' title="bbox 94 2974 1610 3023; baseline -0.003 -14"><span class='ocrx_word' id='word_1_298' title='bbox 94 2976 134 3009; x_wconf 84' lang='lat' dir='ltr'><strong>in</strong></span> <span class='ocrx_word' id='word_1_299' title='bbox 153 2976 234 3010; x_wconf 85' lang='lat' dir='ltr'><strong>edd.</strong></span> <span class='ocrx_word' id='word_1_300' title='bbox 255 2979 469 3011; x_wconf 79' lang='lat' dir='ltr'><strong>Faunorum</strong></span> <span class='ocrx_word' id='word_1_301' title='bbox 480 3005 491 3020; x_wconf 93' lang='lat'>‚</span> <span class='ocrx_word' id='word_1_302' title='bbox 523 2981 761 3023; x_wconf 80' lang='lat' dir='ltr'><strong>Satyrorum,</strong></span> <span class='ocrx_word' id='word_1_303' title='bbox 787 2986 824 3011; x_wconf 74' lang='lat' dir='ltr'><strong>et</strong></span> <span class='ocrx_word' id='word_1_304' title='bbox 879 2979 949 3011; x_wconf 88' lang='lat' dir='ltr'><strong>Pro</strong></span> <span class='ocrx_word' id='word_1_305' title='bbox 961 2978 1111 3011; x_wconf 78' lang='lat' dir='ltr'><strong>Silenus</strong></span> <span class='ocrx_word' id='word_1_306' title='bbox 1124 2978 1159 3010; x_wconf 92' lang='lat' dir='ltr'><strong>in</strong></span> <span class='ocrx_word' id='word_1_307' title='bbox 1173 2977 1250 3010; x_wconf 86' lang='lat' dir='ltr'><strong>aliis</strong></span> <span class='ocrx_word' id='word_1_308' title='bbox 1262 2975 1515 3021; x_wconf 87' lang='lat' dir='ltr'><strong>praescriptum</strong></span> <span class='ocrx_word' id='word_1_309' title='bbox 1531 2974 1568 3006; x_wconf 88' lang='lat' dir='ltr'><em>V</em></span> <span class='ocrx_word' id='word_1_310' title='bbox 1564 2985 1610 3005; x_wconf 82' lang='lat' dir='ltr'><strong>a-</strong></span> 
     </span>
     <span class='ocr_line' id='line_1_37' title="bbox 94 3019 1610 3068; baseline -0.004 -11"><span class='ocrx_word' id='word_1_311' title='bbox 94 3023 334 3057; x_wconf 78' lang='lat' dir='ltr'><strong>Silvanorum</strong></span> <span class='ocrx_word' id='word_1_312' title='bbox 353 3024 559 3059; x_wconf 70' lang='lat' dir='ltr'><strong>delectatio.</strong></span> <span class='ocrx_word' id='word_1_313' title='bbox 582 3023 660 3058; x_wconf 80' lang='lat' dir='ltr'><strong>Hoc</strong></span> <span class='ocrx_word' id='word_1_314' title='bbox 675 3032 710 3058; x_wconf 88' lang='lat' dir='ltr'><strong>et</strong></span> <span class='ocrx_word' id='word_1_315' title='bbox 720 3024 824 3058; x_wconf 85' lang='lat' dir='ltr'><strong>codd.</strong></span> <span class='ocrx_word' id='word_1_316' title='bbox 885 3036 961 3058; x_wconf 74' lang='lat' dir='ltr'><strong>rus.</strong></span> <span class='ocrx_word' id='word_1_317' title='bbox 984 3025 1076 3068; x_wconf 75' lang='lat' dir='ltr'><strong>(Hoc</strong></span> <span class='ocrx_word' id='word_1_318' title='bbox 1083 3024 1231 3058; x_wconf 85' lang='lat' dir='ltr'><strong>Vossius</strong></span> <span class='ocrx_word' id='word_1_319' title='bbox 1242 3021 1431 3066; x_wconf 80' lang='lat' dir='ltr'><strong>adoptavit,</strong></span> <span class='ocrx_word' id='word_1_320' title='bbox 1443 3019 1610 3053; x_wconf 81' lang='lat' dir='ltr'><strong>suadente</strong></span> 
     </span>
     <span class='ocr_line' id='line_1_38' title="bbox 94 3067 1562 3115; baseline -0.002 -13"><span class='ocrx_word' id='word_1_321' title='bbox 94 3070 243 3111; x_wconf 86' lang='lat' dir='ltr'><strong>habent;</strong></span> <span class='ocrx_word' id='word_1_322' title='bbox 254 3070 415 3103; x_wconf 88' lang='lat' dir='ltr'><strong>nonnulli</strong></span> <span class='ocrx_word' id='word_1_323' title='bbox 430 3082 497 3115; x_wconf 88' lang='lat' dir='ltr'><strong>pro</strong></span> <span class='ocrx_word' id='word_1_324' title='bbox 510 3072 746 3105; x_wconf 71' lang='lat' dir='ltr'><strong>Silvanomm</strong></span> <span class='ocrx_word' id='word_1_325' title='bbox 763 3072 826 3105; x_wconf 84' lang='lat' dir='ltr'><strong>Si-</strong></span> <span class='ocrx_word' id='word_1_326' title='bbox 885 3070 991 3104; x_wconf 82' lang='lat' dir='ltr'><strong>etiam</strong></span> <span class='ocrx_word' id='word_1_327' title='bbox 1006 3082 1056 3104; x_wconf 66' lang='grc' dir='ltr'><strong>τε.</strong></span> <span class='ocrx_word' id='word_1_328' title='bbox 1079 3072 1133 3107; x_wconf 78' lang='lat'><strong>12.</strong></span> <span class='ocrx_word' id='word_1_329' title='bbox 1152 3073 1260 3104; x_wconf 84' lang='lat' dir='ltr'><strong>Recte</strong></span> <span class='ocrx_word' id='word_1_330' title='bbox 1282 3071 1440 3102; x_wconf 82' lang='lat' dir='ltr'><strong>fortasse.</strong></span> <span class='ocrx_word' id='word_1_331' title='bbox 1468 3067 1562 3110; x_wconf 85' lang='lat' dir='ltr'><strong>Wr.)</strong></span> 
     </span>
    </p>
   </div>
  </div>
 </body>
</html>
