1768 3320
328 247 751 313 auco-alea
782 243 966 298 1301..
1001 246 1067 310 11,
1096 252 1328 300 33-48

71 378 205 428 Bina
231 376 320 428 die
333 376 531 427 siccant
549 374 662 425 ovis
677 373 869 435 ubera3

1518 252 1588 303 ‘89

907 389 1044 441 quos
1066 372 1162 422 tibi
1182 389 1350 423 scrv0.

73 449 188 499 Iam
205 445 421 515 pridem
439 462 468 496 a
489 461 582 495 me
601 443 720 494 illos
738 443 1006 493 abducere
1038 441 1303 506 Thestylis
1327 451 1466 499 orat:r

73 520 143 569 Et
160 515 342 578 faciet3
379 515 636 583 quoniam
654 513 879 564 sordent
895 513 992 562 'tibi
1014 528 1241 562 munera
1259 521 1453 562 nostra.

74 590 194 638 Huc
212 585 361 651 adeS‚
400 603 432 636 o
456 583 698 634 formose
718 600 876 651 puer:
912 582 1009 632 tibi
1029 582 1133 631 lilia
1150 581 1323 649 plenis

1527 584 1593 632 45

74 659 216 708 Ecce
234 653 416 706 ferunt
435 653 716 722 Nymphae
739 652 976 714 calathis;
1013 652 1111 702 tibi
1130 650 1354 702 candida
1369 650 1508 715 Nais,

76 724 328 778 Pallentis
346 725 509 776 violas
529 733 582 774 ct
607 741 816 775 summa
840 740 1099 790 papavera
1122 737 1360 789 carpens,

75 796 380 849 Narcissum
415 803 470 845 et
488 792 684 845 florem
704 793 873 859 iungit
895 793 1040 844 bene
1061 791 1254 843 olentis
1272 789 1477 849 anethi3

124 910 173 949 42
196 913 295 961 quod
310 915 413 947 Rom.

81 960 174 995 coni.
198 969 313 1008 optat.

500 909 549 949 43
570 913 671 960 ipsos
690 924 715 946 a
733 925 789 945 me
807 911 976 945 Rottend.
999 923 1024 944 a
1040 923 1095 944 me
1116 910 1213 944 ullos
1231 908 1331 943 Leid.
1341 920 1397 953 pr.
1410 907 1596 942 Schrader.

405 956 452 996 47
477 959 657 993 Palcmtes
674 959 774 992 Leid.
795 971 815 992 a
835 971 880 992 m.
902 970 955 1003 pr.

1050 956 1098 994 48
1122 956 1211 990 bene
1228 958 1350 1004 iungit
1366 956 1491 1001 fragm.
1514 955 1597 987 Mo·—

78 1014 148 1041 ret.
166 1008 320 1042 acanthi
335 1006 425 1041 coni.
443 1007 629 1041 Schrader.
678 1009 731 1040 An
748 1007 843 1040 bene
863 1005 960 1039 oleat
976 1005 1144 1039 acanthus
1157 1030 1166 1046 ,
1188 1004 1328 1049 ignoro.

80 1115 192 1154 vero,
222 1103 318 1156 quia
337 1115 498 1142 accessu
511 1102 704 1154 temporis
716 1115 810 1141 mu-

82 1167 175 1200 tant
200 1161 398 1211 colorem,
448 1160 505 1199 m‘t
541 1161 728 1209 Servius,
760 1173 811 1198 ex

83 1220 175 1259 albo
219 1219 261 1259 in
305 1218 503 1272 pallidum
545 1232 597 1256 an
627 1218 811 1258 lividum.

82 1277 186 1327 Nisi,
217 1276 358 1316 durius
377 1276 559 1328 quidem,
591 1276 643 1315 ad
661 1279 814 1314 siccant

83 1336 252 1386 reseras3
281 1335 502 1373 etiamnum
519 1334 683 1373 lactent.
716 1333 813 1388 (Al-

85 1393 180 1431 bum
197 1393 248 1432 de
262 1393 395 1432 colore
417 1393 486 1430 Ge.
509 1392 575 1441 111,
593 1394 660 1435 56.
680 1394 815 1430 Senec.

85 1451 137 1500 Q.
159 1451 207 1491 N.
229 1451 296 1501 HI,
321 1451 389 1493 25.
408 1451 478 1502 Sp.
508 1472 567 1480 —
595 1451 696 1488 Rem
719 1463 818 1488 con-

85 1510 252 1548 firmant
266 1515 500 1557 venatores,
531 1509 735 1560 capreolos
752 1521 821 1546 re-

88 1573 223 1606 centes
255 1579 327 1605 sex
357 1567 481 1605 ferme
512 1579 666 1604 menses
701 1566 822 1619 pelles

89 1625 189 1664 albis
232 1625 399 1663 maculis
428 1624 637 1662 distinctas
673 1636 822 1676 gerere,

88 1688 286 1724 notantes.
323 1679 467 1736 nsok.)
526 1681 592 1723 42.
622 1682 698 1732 die,
720 1696 824 1733 quo-

89 1741 189 1781 tidie
209 1741 291 1779 Ecl.
317 1740 383 1789 111,
403 1740 470 1781 34.
501 1739 598 1778 Aen.
623 1741 693 1790 XI,
726 1742 822 1782 397.

90 1798 159 1842 44.
172 1801 226 1838 Et
222 1797 371 1851 saciet,
385 1797 560 1836 abducet
571 1813 581 1848 3
595 1811 644 1836 ex
653 1797 822 1836 Theocr.

90 1858 156 1907 m,
187 1860 255 1899 36.
285 1855 350 1894 Ad
360 1855 415 1899 45
434 1869 492 1908 sq.
513 1857 643 1906 cs.XI,
663 1855 730 1898 47.
753 1856 820 1898 56.

91 1918 161 1960 57.
221 1913 380 1968 (Faciet
395 1930 407 1952 :
449 1928 532 1952 non
563 1914 669 1953 dixit
703 1914 821 1962 dabo,

92 1987 145 2015 ne
172 1973 364 2012 voluntas
400 1972 604 2011 declarata
643 1978 823 2010 amatum

93 2031 326 2072 offenderet.
356 2031 426 2082 Sp.
445 2053 505 2061 —
523 2031 579 2068 De
596 2031 740 2084 copula
768 2037 819 2078 et,

93 2102 197 2143 quae
225 2089 294 2128 hic
321 2094 382 2127 est
407 2089 617 2139 minantis,
657 2088 742 2127 vid.
774 2087 824 2136 Q.

93 2148 142 2187 V.
164 2146 335 2197 XXXV,
356 2149 396 2196 7,
417 2161 450 2185 e.
473 2148 544 2187 W
537 2145 586 2200 r.)
768 2188 772 2192 ,

153 2205 221 2247 46.
228 2205 374 2257 serunt
393 2205 626 2256 Nymphae.
647 2205 827 2256 Repente

98 2279 121 2303 a
138 2263 226 2303 vita
241 2276 340 2302 vera
367 2268 408 2301 et
433 2261 636 2301 communi
665 2263 828 2301 aberrat

96 2328 219 2376 poeta
248 2327 290 2360 et
313 2321 461 2359 transit
497 2321 541 2359 in
570 2321 699 2360 vitam
733 2334 827 2373 my-

96 2380 249 2419 thicam
280 2385 322 2419 et
348 2378 571 2431 poeticam3
619 2379 730 2430 quod
756 2379 829 2417 vix

96 2439 200 2478 bene
228 2437 298 2476 fit:
326 2437 537 2489 inopinato
564 2437 670 2475 enim
700 2437 743 2475 in
762 2437 828 2475 vi-

98 2503 185 2536 tam
208 2496 414 2548 vulgarem
441 2495 695 2534 inducuntur
719 2495 828 2545 deae,

97 2553 309 2607 Nymphae
338 2559 379 2591 et
398 2553 555 2592 Naides.
614 2553 736 2591 Forte
762 2560 830 2592 ta-

99 2626 195 2652 men
211 2626 295 2650 non
310 2611 478 2650 nimium
489 2612 531 2650 in
546 2611 626 2650 hoc
638 2618 831 2663 argutan-

104 2671 224 2720 dum;
238 2671 298 2708 ita
310 2669 415 2707 enim
425 2669 535 2721 loqui
554 2676 595 2708 et
607 2669 701 2708 deos
715 2670 832 2708 deas·-

103 2741 183 2779 que
216 2723 388 2780 agrestes
431 2728 583 2766 lusibus
622 2734 832 2780 pastorum

103 2785 293 2824 interesse
316 2785 467 2834 dicere,
497 2799 619 2837 genus
648 2786 833 2824 carminis

103 2842 277 2882 bucolici
296 2843 401 2881 forte
418 2844 509 2882 sert.
539 2843 747 2896 splendidi
758 2858 833 2882 au-

50 2903 65 2917 ”“
106 2907 190 2938 tem
202 2899 246 2937 hi
256 2914 398 2939 versus
407 2900 589 2944 46—55.
609 2899 738 2954 (Haec
749 2915 832 2940 non

107 2958 166 2996 ita
185 2958 308 3010 accipi
323 2957 482 3007 debent,
496 2973 543 2996 ac
564 2959 595 2997 si
605 2960 739 2998 omnia
755 2959 834 2997 ista

109 3015 191 3054 hoc
206 3021 386 3069 tempore
400 3015 426 3055 i.
446 3029 479 3054 e.
499 3023 685 3069 tempore
697 3017 834 3055 messis

867 1079 928 1140 vs.
950 1103 1037 1150 1o.,
1069 1100 1308 1152 colligantur
1337 1112 1384 1137 ac
1402 1102 1599 1151 parentur

868 1159 996 1198 Alexi.
1054 1158 1198 1196 Demto
1234 1163 1384 1196 ornatu
1409 1155 1511 1194 hacc
1539 1161 1599 1192 cst

870 1217 1088 1255 sententia:
1118 1216 1229 1255 Hace
1256 1216 1390 1254 onmia
1423 1213 1600 1253 rutina-

869 1281 1061 1325 scuntur3
1100 1274 1266 1313 diversis
1285 1280 1422 1312 tamen
1442 1278 1602 1323 tempo-

872 1333 1006 1382 ribus,
1036 1346 1120 1371 non
1147 1345 1231 1370 una
1255 1338 1413 1370 cuncta.
1445 1330 1515 1381 Sp.
1544 1349 1604 1358 —-

876 1389 1131 1429 calathus
1152 1389 1288 1428 similis
1307 1389 1390 1427 lilio
1421 1387 1602 1440 explica-

875 1455 942 1498 to,
973 1448 1055 1487 vid.
1078 1448 1161 1486 eim
1183 1447 1311 1500 imago
1339 1461 1362 1485 a
1392 1444 1602 1499 Spanhem.

878 1507 932 1545 ad
959 1506 1109 1545 Gallim.
1147 1505 1197 1544 Η.
1220 1506 1262 1544 in
1284 1506 1370 1544 Cer.
1390 1518 1450 1543 vs,
1482 1506 1517 1544 1.
1535 1516 1603 1540 re-

879 1570 1145 1617 praesentata.
1203 1565 1312 1616 Copa
1334 1576 1394 1602 vs.
1431 1561 1495 1604 15.
1526 1574 1605 1611 sq.:

881 1624 959 1673 „Et
974 1635 1076 1674 quae
1090 1621 1268 1673 virgineo
1296 1621 1421 1659 libata
1439 1618 1475 1657 A
1486 1618 1543 1657 ch
1553 1631 1573 1655 e
1583 1640 1604 1646 -

879 1680 983 1720 lois
1014 1681 1063 1718 ab
1095 1693 1210 1717 amne
1238 1679 1337 1717 Lilia
1363 1676 1606 1717 vimineis

882 1738 1032 1778 adtulit
1047 1738 1089 1776 in
1111 1736 1376 1776 calathis.“
1399 1733 1607 1788 Nymphae

882 1803 1017 1836 autem
1050 1796 1166 1834 alunt
1200 1796 1340 1834 flores:
1388 1794 1474 1832 Cat.
1505 1791 1607 1840 LXI,

881 1858 949 1896 21.
969 1868 1122 1906 sqq.—-
1139 1854 1242 1902 lilia,
1262 1853 1393 1906 κρίνα,
1416 1866 1446 1890 ε.
1465 1851 1607 1903 λείρια,

879 1914 1015 1950 weisse
1030 1913 1178 1950 Lilien.
1215 1909 1347 1964 Voss.)
1406 1909 1474 1951 47.
1504 1909 1609 1946 Pal-

880 1972 996 2009 lenth
1016 1970 1146 2008 violas
1161 1999 1173 2018 ,
1207 1975 1303 2008 sunt
1334 1974 1497 2007 nostrae
1520 1967 1610 2005 vio-

880 2029 943 2068 lae
980 2028 1109 2067 ssavae
1121 2058 1131 2076 ,
1167 2027 1283 2079 gelbe
1322 2028 1367 2065 V
1362 2027 1488 2075 dolen,
1528 2023 1610 2063 vid.

882 2087 1045 2126 Martin.
1061 2085 1114 2124 ad
1136 2084 1178 2123 h.
1190 2085 1229 2134 l.,
1249 2085 1356 2123 inter
1377 2097 1523 2122 vernos
1534 2082 1611 2120 flo-

882 2158 947 2184 res
963 2142 1256 2192 numerandae,
1285 2137 1473 2184 λευκόϊον
1503 2155 1532 2179 s,
1553 2140 1612 2178 al-

882 2203 977 2242 bam
1001 2202 1170 2251 violam,
1201 2201 1301 2239 flore
1316 2200 1400 2239 sive
1420 2199 1511 2237 albo
1530 2198 1613 2237 sive

884 2261 991 2299 flavo
1019 2261 1103 2299 sive
1120 2272 1340 2312 purpureo,
1370 2263 1522 2297 vocant
1540 2269 1613 2295 ve-

884 2326 1002 2358 teres.
1062 2318 1230 2355 Pallens
1254 2330 1352 2355 vero
1379 2330 1455 2369 pro
1483 2316 1590 2354 flavo
1604 2328 1614 2363 ;

886 2377 919 2415 si
936 2390 1108 2429 corpora
1129 2375 1341 2414 hominum
1367 2373 1556 2412 calidiore
1573 2371 1614 2409 in

885 2436 1001 2488 plaga
1036 2433 1263 2472 viventium
1286 2439 1448 2485 reputes
1460 2462 1470 2481 ,
1502 2443 1615 2482 quae,

886 2493 1160 2545 cumpallent,
1170 2491 1480 2530 subflavescunt.
1502 2487 1615 2543 (pal-

886 2552 971 2589 lens
998 2565 1072 2603 pro
1088 2551 1235 2601 flavus
1249 2565 1261 2587 .·
1294 2548 1413 2587 Ovid.
1432 2547 1528 2585 Met.
1547 2545 1616 2593 XI,

891 2612 1005 2651 100.:
1035 2621 1213 2658 „saxum
1230 2619 1390 2658 quoque
1420 2603 1618 2658 palluit

890 2670 1056 2706 auro.“
1087 2665 1258 2704 Martial.
1280 2662 1483 2714 VIH‚44.:
1514 2663 1618 2711 „Su-

888 2726 1012 2779 perba
1025 2724 1154 2763 densis
1166 2737 1258 2762 arca
1267 2737 1294 2775 p
1306 2722 1404 2760 alle
1415 2735 1437 2758 a
1446 2727 1465 2758 t
1482 2734 1508 2758 n
1517 2733 1546 2757 u
1555 2732 1618 2755 m-

888 2784 953 2823 mi
967 2785 1031 2822 s.“
1061 2782 1190 2821 Aliter
1209 2780 1353 2820 statuit
1376 2780 1536 2818 Passow
1568 2774 1620 2812 ad

889 2842 996 2880 Pers.
1015 2855 1103 2893 pag.
1125 2842 1224 2882 213.
1255 2852 1338 2890 sqq.
1370 2837 1439 2888 qui
1460 2835 1617 2879 docens,

889 2900 1038 2953 pallere
1049 2899 1169 2936 etiam
1189 2897 1239 2936 de
1251 2897 1362 2935 fusco
1381 2894 1512 2932 colore
1525 2888 1614 2936 dici,

889 2956 1193 3008 intelligendum
1221 2958 1356 2992 censet
1383 2951 1448 2991 ἴον
1482 2946 1616 2999 μέλαν,

890 3028 974 3054 non
1000 3014 1151 3053 luteam
1182 3012 1352 3058 violam,
1395 3018 1495 3059 quae
1520 3008 1620 3042 teste
