1768 3320
751 978 847 1020 DE

222 1141 578 1200 VITA
669 1139 1369 1200 VIRGILII

24 1491 120 1567 De
140 1526 235 1568 Vita
260 1525 416 1580 Virgilii
445 1525 575 1566 multa
601 1533 699 1567 sunt
723 1533 913 1568 veterum
935 1526 1308 1567 Grammaticorum
1326 1534 1567 1580 commenta,

24 1611 151 1651 quae,
186 1604 397 1650 tamquam
423 1604 559 1637 certae
585 1604 628 1638 et
656 1597 893 1651 exploratae
922 1596 1041 1648 fidei,
1071 1599 1234 1650 sequuti
1252 1604 1351 1638 sunt
1372 1599 1464 1650 alii,
1496 1605 1568 1638 aut

23 1668 72 1708 iis
94 1668 248 1709 relictis
267 1682 396 1708 novas
431 1668 692 1708 ariolationes
720 1674 762 1708 et
782 1668 1038 1708 coniecturas
1061 1668 1121 1707 ita
1144 1682 1417 1722 proposuere,
1450 1669 1567 1722 quasi

0 1724 89 1780 ⁵res
117 1739 176 1779 ita
204 1744 336 1792 gestas
366 1745 597 1779 narrarent.
657 1738 749 1779 Non
778 1738 944 1792 quidem
968 1738 1013 1779 id
1030 1739 1207 1792 agimus,
1236 1745 1287 1778 ut
1302 1751 1446 1779 eorum
1466 1751 1565 1778 cen-

23 1822 161 1849 suram
190 1822 302 1849 nunc
336 1809 605 1864 suscipiamus
622 1840 634 1861 ,
672 1821 804 1862 neque
834 1809 951 1848 nobis
968 1809 1022 1848 ad
1043 1822 1182 1849 omnes
1210 1822 1299 1860 eos,
1329 1810 1400 1863 qui
1419 1810 1504 1849 sive
1523 1810 1567 1849 in

22 1879 271 1934 scriptorum
298 1885 486 1919 veterum
513 1893 685 1920 recensu
710 1880 797 1920 sive
826 1879 995 1933 proprio
1019 1879 1197 1932 quodam
1223 1880 1390 1920 consilio
1411 1881 1567 1934 Virgilii

22 1949 152 1991 vitam
181 1949 455 2003 scripserunt,
495 1950 746 1991 evolvendos
772 1950 867 1989 satis
901 1950 975 1989 otii
1006 1951 1211 2005 suppetit3
1252 1950 1285 1989 si
1319 1958 1459 1991 tamen
1484 1964 1565 2002 eos,

23 2019 95 2073 qui
112 2026 207 2074 post
223 2020 408 2061 Ruaeum
433 2034 481 2060 ac
498 2021 685 2075 Baylium
696 2020 734 2076 *)
765 2035 893 2074 nugas
911 2021 988 2060 sub
1012 2021 1179 2072 Donati,
1210 2020 1355 2071 Probi,
1396 2035 1445 2061 ac
1466 2022 1565 2060 Ser-

23 2090 83 2131 vii
107 2091 272 2131 nomine
298 2091 510 2143 venditas,
549 2092 746 2142 reiecere,
786 2091 829 2131 in
854 2091 995 2146 primis
1023 2091 1268 2142 Martinam,
1305 2090 1565 2142 Wartonum,

24 2159 214 2201 Crusium
225 2159 284 2216 **)
316 2162 523 2213 excutias,
565 2162 697 2202 multa
728 2162 879 2216 passim
915 2162 1223 2202 commemorari
1258 2160 1419 2213 videas,
1460 2173 1565 2214 quae

25 2244 119 2271 cum
139 2231 396 2271 coniecturae
430 2233 522 2272 loco
552 2247 575 2271 a
603 2233 704 2273 viris
731 2233 938 2272 nonnullis
960 2231 1092 2271 doctis
1113 2232 1210 2271 olim
1228 2230 1439 2285 proposita
1460 2231 1564 2271 suis-

23 2307 136 2353 sent,
165 2315 280 2342 nunc
297 2302 383 2341 sine
404 2303 488 2343 ulla
512 2303 768 2343 dubitatione
788 2309 999 2355 tamquam
1021 2301 1178 2354 antiqui
1194 2301 1364 2341 alieuius
1387 2301 1563 2355 scripto-

22 2371 80 2411 ris
107 2371 190 2411 fide
217 2377 259 2411 et
291 2374 534 2413 auctoritate
556 2374 722 2413 suffulta
753 2372 1038 2413 exhibeantur.
1097 2372 1201 2411 Cum
1226 2370 1278 2411 de
1306 2377 1425 2411 tanto
1442 2377 1564 2425 poeta

4 2441 146 2481 ‘etiam
178 2455 245 2494 ea,
287 2457 391 2496 quae
424 2451 498 2484 aut
522 2444 693 2484 molesta
714 2450 787 2483 aut
815 2443 931 2482 nulla
949 2441 1031 2482 fide
1047 2441 1293 2493 tradantur,
1323 2455 1565 2495 cognoscere

25 2525 111 2552 nou
128 2512 403 2553 iniucundum
420 2515 473 2554 sit
483 2529 495 2566 ;
525 2514 624 2555 dum
639 2514 764 2554 modo
784 2514 880 2553 satis
900 2513 1088 2567 explores
1099 2543 1111 2564 ,
1142 2526 1223 2565 quo
1240 2512 1333 2552 loco
1355 2518 1398 2551 et
1416 2512 1563 2551 existi-

24 2582 202 2623 matione
230 2597 499 2638 unaquaeque
525 2585 709 2625 narratio
743 2583 932 2624 habenda
967 2583 1042 2623 sit:
1091 2596 1181 2623 eam
1218 2582 1385 2636 quidem
1424 2582 1563 2623 Vitam

25 2651 203 2707 Virgilii,
233 2667 336 2707 quae
371 2656 447 2695 sub
479 2655 628 2695 Donati
659 2655 826 2695 nomine
852 2654 1163 2705 circumfertur,
1202 2660 1244 2694 et
1272 2666 1325 2693 ex
1351 2666 1433 2705 qua
1461 2653 1563 2693 aliae
1617 2655 1621 2659 '

24 2721 156 2774 vitae,
197 2737 222 2763 a
265 2724 549 2766 Grammaticis
582 2725 707 2766 modo
745 2726 946 2767 Bucolicis
979 2723 1104 2764 modo
1145 2722 1314 2764 Aeneidi
1342 2723 1562 2778 praefixae,

74 2859 104 2905 ⁹)
130 2861 172 2894 In
190 2862 421 2898 Dictionaire
438 2866 513 2898 Art.
534 2864 690 2912 Virgile.
820 2862 907 2897 edit.
932 2861 1080 2908 Virgilii
1102 2873 1181 2896 cum
1201 2873 1294 2896 vers.
1319 2861 1424 2908 Angl.
1464 2864 1560 2896 Cru-

75 2918 119 2964 ”)
143 2920 302 2965 Martyn
322 2921 409 2970 sze
436 2922 486 2971 of
500 2924 627 2971 Vir-gil
646 2923 761 2969 praef.
821 2923 902 2957 sius
935 2923 1047 2957 Livea
1080 2919 1131 2969 ⁰f
1158 2921 1222 2957 the
1255 2923 1403 2956 Roman
1431 2923 1558 2956 Poets.

29 2976 116 3012 edit.
132 2978 328 3016 Bucolicor.
373 2984 537 3019 Warton
553 2981 593 3017 in
610 2981 764 3029 eleganti
822 2982 867 3016 T.
891 2982 920 3016 1.
