1734 3320
158 193 260 244 540

160 319 343 401 Carpit
369 319 516 370 enim
533 320 672 370 vires
691 320 965 387 paullatim
984 320 1203 388 uritque
1222 321 1462 371 videndo

498 194 553 245 P.
589 193 936 245 VIRGILII
971 193 1343 244 MARONIS

1583 324 1687 374 215

156 390 406 452 Femma3
464 407 566 440 nec
606 407 899 440 nemorum
941 391 1141 457 patitur
1177 392 1526 456 meminisse,
1585 408 1686 441 nec

949 460 1165 514 herbae.

155 530 413 583 Dulcibus
436 530 520 580 illa
543 529 768 597 quidem
789 529 1074 580 inlecebris
1101 540 1153 581 et
1173 548 1333 601 saepe
1353 531 1617 599 superbos

159 602 428 652 Cornibus
454 601 595 650 inter
614 617 671 650 se
694 600 890 665 subigit
914 601 1210 651 decernere
1237 603 1476 655 amantis,

156 673 394 722 Pascitur
415 672 470 720 in
493 686 686 735 magna
722 670 827 719 Sila
845 669 1087 721 formosa
1109 672 1357 724 iuvenca:

156 741 240 792 Illi
261 742 582 792 alternantes
602 739 771 790 multa
790 741 841 790 vi
863 741 1072 808 proelia
1091 742 1321 792 miscent

1583 749 1687 796 220

155 812 482 864 Volneribus
500 810 726 873 crebris;
763 811 889 861 lavit
906 821 1019 862 ater
1040 829 1266 879 corpora
1286 812 1522 877 sanguis;

250 936 321 971 216
345 946 463 980 neque
491 932 626 968 herbae
650 933 759 968 Pierii
788 934 980 979 Oblongus.

1077 935 1147 970 218
1173 933 1307 968 subicit
1338 935 1485 968 Mentel.
1514 947 1534 969 a
1556 948 1602 969 m.
1632 947 1687 981 pr.

155 983 226 1018 219
250 982 451 1026 Legebatur
467 982 575 1015 silva.
626 983 708 1015 Sila
735 981 819 1015 olim
841 982 931 1015 alios
958 981 1109 1026 legisse,
1142 982 1282 1015 Servius
1303 989 1499 1024 memorat,
1534 983 1629 1028 quod
1649 989 1688 1016 ut

155 1030 236 1072 fiat,
262 1029 393 1062 nullam
411 1029 469 1062 hic
488 1028 738 1062 necessitatem
759 1041 906 1073 cogere,
933 1036 971 1062 ut
987 1029 1023 1062 in
1042 1033 1128 1062 Aen.
1148 1030 1229 1070 XII,
1247 1029 1316 1064 715
1342 1034 1398 1063 Ac
1417 1030 1522 1063 velut
1542 1031 1690 1077 ingenti

156 1077 255 1119 Sila,
281 1089 469 1110 summove
493 1075 685 1117 Taburn03
719 1077 839 1121 itaque
864 1076 970 1121 vulgo
1005 1077 1047 1110 ab
1068 1078 1185 1122 Intpp.
1214 1076 1427 1122 neglectum.
1476 1078 1609 1111 Fateor
1626 1083 1687 1110 ta—

155 1136 234 1157 men
247 1150 256 1166 ,
280 1123 368 1156 mihi
386 1135 525 1157 versum
548 1128 631 1157 ante
648 1124 806 1158 Servium
826 1123 1023 1169 inspectum
1042 1123 1110 1157 iam
1129 1124 1259 1157 dudum
1287 1123 1389 1157 nimis
1418 1130 1557 1158 tenuem
1574 1124 1688 1158 Visum

154 1171 263 1205 fuisse
277 1198 287 1214 ,
313 1171 419 1205 etiam
439 1182 528 1204 sono
551 1171 663 1204 minus
686 1177 842 1216 gratum3
867 1171 919 1204 ita
936 1177 975 1203 ut
995 1177 1205 1216 expunctum
1227 1183 1304 1204 esse
1326 1171 1487 1213 mallem3
1513 1178 1587 1204 tum
1604 1178 1688 1217 post

106 1234 109 1247 ι
157 1219 255 1252 silva
279 1219 433 1252 redeunt
459 1231 492 1252 v.
523 1219 593 1254 223
618 1219 745 1252 silvae.
794 1220 898 1252 Nunc
919 1218 1023 1252 video
1052 1218 1090 1251 in
1106 1218 1221 1252 altero
1241 1221 1328 1252 Aen.
1347 1220 1417 1252 XII
1435 1218 1518 1253 loco
1540 1219 1688 1252 eandem

157 1266 457 1312 comparationem
483 1265 644 1308 institui,
671 1272 707 1299 et
733 1273 912 1300 taurorum
938 1278 1092 1311 pugnam
1116 1266 1264 1300 narrari.
1314 1267 1395 1300 Sila
1425 1273 1561 1308 autem,
1585 1278 1686 1299 mons

155 1313 304 1347 silvosus
319 1340 328 1356 ,
354 1312 531 1358 Apennini
557 1313 627 1347 huc
652 1314 895 1359 procurrentis
927 1313 1002 1358 iugi
1030 1325 1112 1358 pars
1135 1320 1310 1356 extrema,
1333 1313 1372 1347 in
1392 1313 1557 1354 extremis
1578 1314 1687 1346 Brut-

154 1361 287 1395 tiorum
314 1361 406 1404 oris,
439 1361 533 1394 unde
560 1361 705 1394 laudata
728 1360 789 1394 illa
813 1363 882 1408 pix
899 1362 1062 1395 Bruma.
1097 1361 1189 1394 conf.
1219 1373 1296 1406 sup.
1317 1361 1362 1394 ad
1386 1362 1516 1406 Georg.
1536 1363 1579 1404 ΙΙ,
1604 1360 1685 1397 438.

154 1409 370 1442 Dubitabam
405 1408 510 1450 olim,
548 1420 592 1441 an
623 1414 659 1441 et
687 1409 788 1442 silva
814 1409 896 1442 Sila
925 1413 1147 1450 occurreret,
1182 1420 1259 1441 cum
1285 1419 1358 1442 non
1382 1409 1590 1442 recordarer
1616 1408 1685 1442 Cic.

154 1457 253 1490 Brut.
273 1458 321 1492 20
345 1456 443 1491 Nam
466 1456 602 1493 cumin
618 1456 716 1489 silva
736 1456 816 1489 Sila
837 1456 970 1489 caedes
980 1454 1090 1502 facta
1108 1464 1227 1497 esset,
1261 1462 1322 1489 aut
1338 1455 1445 1489 Plinii
1462 1457 1522 1500 ΙΙΙ,
1549 1458 1593 1492 10
1617 1458 1687 1490 Ιη-

156 1505 202 1538 de
222 1505 414 1550 Apennini
431 1504 529 1537 silva
547 1503 639 1537 Sila.
667 1509 703 1536 et
732 1515 808 1536 esse
830 1514 970 1548 quoque
991 1508 1130 1536 montes
1156 1502 1326 1537 feminino
1346 1515 1497 1548 genere,
1524 1510 1563 1537 ut
1580 1503 1686 1537 Rho-

155 1551 275 1597 dopen
303 1551 365 1584 inf.
391 1551 471 1586 351.
522 1550 679 1595 Reposui
706 1550 827 1596 itaque
855 1561 947 1584 nunc
974 1550 1194 1584 confidenter
1222 1552 1261 1584 in
1293 1563 1429 1598 magna
1457 1551 1556 1593 Sila,
1591 1551 1688 1596 quod

153 1605 240 1644 post
263 1598 333 1632 ista
353 1598 502 1632 Brunck.
521 1598 590 1631 iam
611 1598 823 1639 admiserat,
862 1604 898 1631 et
924 1609 1014 1631 nunc
1042 1609 1182 1643 quoque
1204 1599 1309 1632 Voss.
1328 1598 1481 1644 (Libri,
1515 1604 1555 1631 ut
1581 1599 1686 1632 vide-

154 1653 233 1688 tur,
260 1658 380 1679 omnes
402 1646 518 1687 silva,
543 1645 612 1678 nisi
634 1646 729 1691 quod
754 1645 791 1678 in
812 1644 942 1678 Medic.
963 1658 986 1678 v
1005 1651 1138 1689 puncto
1159 1651 1303 1688 notata,
1336 1651 1503 1691 tanquam
1523 1642 1685 1680 delenda.

154 1695 281 1739 Neque
302 1693 492 1739 epitheton
510 1705 665 1740 magna,
691 1704 756 1726 nec
775 1692 882 1726 tracti
910 1705 976 1738 per
998 1692 1178 1738 spondeos
1197 1693 1354 1735 numeri,
1387 1701 1446 1727 aut
1462 1700 1685 1727 recurrentes

156 1741 303 1774 eaedem
321 1740 572 1774 vocabulorum
590 1740 856 1773 terminationes
878 1740 1092 1773 conveniunt
1110 1740 1263 1786 simplici
1278 1741 1395 1774 silvae
1411 1737 1555 1774 nomini.
1604 1743 1686 1774 Ma—

154 1788 218 1822 lim
235 1795 351 1821 tamen
371 1788 495 1820 abesse
514 1787 607 1820 hunc
627 1800 785 1830 versum,
820 1793 859 1820 ut
875 1786 1050 1831 ingratam
1078 1799 1210 1820 moram
1231 1788 1428 1822 narrationi
1448 1788 1685 1823 obiicientem.

154 1838 225 1878 Ac,
250 1836 317 1868 nisi
334 1835 461 1877 fallor,
487 1834 687 1878 adscriptus
711 1835 780 1867 fuit
805 1834 956 1879 margini
977 1833 1036 1867 hic
1067 1846 1208 1877 versus,
1234 1844 1276 1868 ex
1306 1835 1377 1868 alio
1399 1835 1570 1880 quodam,
1597 1835 1685 1869 alius

154 1883 309 1917 fortasse
328 1888 480 1928 poetae,
507 1881 660 1915 carmine
680 1882 833 1927 petitus,
859 1881 974 1915 simile
998 1887 1179 1915 taurorum
1207 1894 1314 1927 super
1341 1882 1459 1928 aliqua
1478 1895 1585 1916 vacca
1603 1895 1687 1917 cer—

154 1937 274 1964 tamen
294 1930 510 1964 continente.
557 1930 704 1962 Praeter
721 1929 926 1974 rhythmum
942 1928 1020 1974 ipsa
1039 1940 1096 1962 res
1120 1929 1271 1973 probat,
1297 1930 1340 1963 ab
1369 1930 1437 1964 hoc
1458 1942 1563 1964 versu
1582 1931 1685 1964 ince—

154 1978 250 2024 pisse
282 1977 428 2023 aliquod
458 1989 617 2017 carmen3
659 1976 709 2010 sic
736 1983 850 2010 autem
876 1976 995 2010 solent
1015 1975 1121 2021 primi
1150 1988 1272 2010 versus
1304 1977 1425 2010 afferri
1456 1990 1476 2011 a
1505 1978 1684 2012 veteribus

154 2025 272 2071 poetis
294 2025 409 2058 aliena
430 2024 584 2058 carmina
602 2023 849 2068 allegantibus.
898 2025 976 2057 Nec
1003 2022 1147 2056 silentio
1169 2024 1438 2068 praeterierim,
1472 2025 1568 2070 quod
1586 2026 1683 2071 Lips.

155 2073 217 2107 alt.
238 2073 387 2106 eundem
406 2084 546 2105 versum
568 2073 743 2105 Pascitur
771 2079 836 2105 etc.
857 2079 941 2117 post
959 2080 1013 2104 vs:
1037 2072 1119 2105 221.
1140 2071 1284 2116 repetit.
1334 2072 1428 2105 Vide
1457 2072 1563 2105 etiam
1579 2075 1625 2107 V.
1642 2072 1683 2107 L.

155 2120 199 2154 ad
222 2122 284 2154 Ge.
306 2118 367 2162 IV,
391 2119 472 2154 203.
504 2121 560 2154 W
555 2119 600 2164 r.)

155 2175 213 2201 ter
234 2180 273 2201 se
303 2179 446 2201 cornua
473 2168 626 2200 miscent
649 2166 783 2200 Zulich.
831 2166 979 2213 praelia
1007 2165 1149 2199 tollant
1168 2178 1253 2200 unus
1280 2167 1397 2201 Mead.

694 2120 765 2154 220
789 2119 899 2152 Iidem
929 2119 1005 2151 fere
1027 2130 1146 2151 versus
1176 2121 1263 2153 Aen.
1279 2119 1360 2161 XII,
1386 2121 1602 2156 720—723.
1621 2122 1684 2154 in-

1492 2168 1561 2203 221
1589 2169 1685 2201 lavit

156 2223 239 2248 ater
266 2215 427 2248 vulnera
449 2215 606 2259 sanguis
631 2220 688 2247 ter
714 2214 810 2258 apud
837 2213 994 2247 Nonium
1025 2212 1195 2255 occurrit3
1232 2214 1296 2248 sed
1320 2215 1432 2257 male,
1458 2227 1535 2248 cum
1557 2215 1684 2248 eodem

154 2261 224 2295 iam
252 2274 357 2296 versu
390 2260 611 2295 vulneribus
647 2260 786 2294 crebris
817 2260 1064 2304 praecesserit.
1091 2259 1215 2295 Heins.
1264 2262 1371 2296 lavat
1396 2269 1469 2296 tres
1497 2263 1681 2296 Burmann.

153 2309 284 2344 Medic.
302 2321 323 2342 a
344 2321 389 2341 m.
410 2320 478 2342 sec.
504 2309 613 2354 (lavit
630 2308 730 2354 prior
748 2308 857 2342 lectio
878 2308 1042 2342 Medicei.
1073 2310 1124 2342 W
1124 2308 1170 2353 r.)

655 2408 753 2447 213.
784 2405 890 2445 Dum

153 2478 268 2502 mons
299 2469 359 2502 est
383 2466 634 2514 interpositas
662 2464 770 2503 inter
793 2464 888 2515 (luo,

152 2522 317 2573 utrique
346 2528 405 2559 est
433 2524 636 2572 oppositas
652 2552 662 2571 ,
696 2523 888 2561 obiectus.

153 2582 242 2620 lata
261 2593 358 2622 non
374 2579 547 2618 otiosum
567 2586 639 2619 est.
698 2580 797 2622 214.
817 2597 888 2620 sa-

153 2647 246 2677 tura
253 2640 473 2690 praesepia
492 2644 587 2676 sunt
607 2639 739 2691 plena,
769 2640 833 2678 uti
855 2640 889 2678 is

153 2697 225 2750 qui
242 2702 447 2735 saturatus
477 2701 547 2734 est.
606 2697 704 2739 215.
736 2700 890 2750 ariique

152 2755 349 2805 videndo,
375 2754 545 2807 passive,
576 2761 764 2806 macerat,
787 2769 889 2794 con-

152 2814 298 2863 sumit,
331 2813 430 2852 dum
450 2813 644 2851 cernitur.

210 2875 309 2915 217.
341 2871 413 2910 [lla
429 2870 591 2924 quidem
609 2883 724 2922 saepe
746 2885 888 2909 aman-

151 2937 210 2970 tes
233 2931 354 2970 etiam
372 2942 551 2984 pugnare
577 2929 683 2982 cogit
701 2929 809 2968 inter
834 2942 885 2968 se.

152 2990 258 3030 Loca
301 2990 378 3029 alia
425 2995 640 3042 poetarum
682 2987 731 3026 de
751 3002 885 3041 pugna

154 2420 274 2444 amne
307 2419 428 2458 equos
465 2404 582 2445 dixit.

946 2411 1161 2444 taurorum
1189 2405 1384 2458 congessit
1406 2405 1549 2444 Cerda.
1584 2405 1683 2444 Plu-

946 2477 994 2502 ra
1015 2464 1057 2502 in
1079 2463 1208 2502 Statio
1230 2461 1294 2517 (v.
1317 2477 1350 2502 c.
1373 2463 1497 2503 Theb.
1517 2464 1583 2514 VI,
1597 2462 1681 2507 864

948 2520 1050 2576 sqq.)
1084 2528 1122 2559 et
1152 2522 1296 2560 Flacco
1323 2521 1469 2574 passim
1493 2522 1681 2575 reperias.

949 2579 1055 2619 Add.
1087 2580 1257 2632 Oppian.
1284 2580 1430 2632 Cyneg.
1463 2581 1519 2630 II,
1548 2579 1603 2623 43
1622 2593 1680 2633 sq.

947 2639 1105 2677 lactant
1123 2638 1217 2676 sein
1232 2637 1311 2676 hoc
1328 2645 1564 2690 argumento
1580 2653 1681 2692 poe-

948 2703 1025 2735 tae.
1093 2698 1191 2738 218.
1223 2697 1351 2735 Totus
1383 2710 1524 2737 versus
1550 2711 1681 2737 unum

946 2754 1048 2793 illud
1078 2753 1281 2807 Apollonii
1308 2755 1366 2805 11,
1388 2758 1443 2798 89
1474 2756 1679 2809 exprimit,

946 2808 1083 2866 ταύρω
1113 2811 1328 2867 Φορβάόος
1350 2809 1459 2866 οἷμφὶ
1488 2812 1588 2868 βοός
1617 2830 1679 2855 κε-

945 2867 1114 2923 κοτηότε
1141 2868 1410 2925 δηριάασθον,
1453 2875 1495 2910 in
1521 2886 1680 2924 magna

947 2930 1058 2979 Sila,
1090 2929 1191 2969 silva
1220 2936 1259 2968 et
1286 2935 1423 2969 monte
1457 2928 1609 2970 Bruttii
1635 2931 1679 2969 in

945 2993 1128 3027 extrema
1147 2989 1274 3027 Italia.
1293 3002 1333 3028 v.
1357 2989 1404 3028 V.
1427 2990 1470 3029 L.
1503 2987 1678 3043 (magati
