1768 3320
447 227 859 290 PER-Annos
895 240 1200 290 mGEs'rA
1431 262 1587 296 cnm

169 369 335 420 (low,
376 368 499 408 rebus
538 368 713 422 Aegypti
750 369 985 409 constitutis
999 400 1010 420 ‚
1052 385 1134 422 per
1172 371 1333 423 Syriam
1370 375 1414 410 in
1444 377 1591 414 Asiam

47 428 308 480 provinciam
337 427 548 480 profectus
579 428 748 467 lziherna
786 427 845 466 ibi
880 430 988 480 egit,
1039 429 1244 481 simulque
1282 437 1318 467 et
1345 430 1592 472 subditorum

53 486 193 525 omnia
211 487 386 538 negotia
410 494 449 524 et
465 486 665 524 Parthica
691 489 927 538 composuit.
986 486 1047 525 Ita
1065 487 1141 525 Dio
1161 487 1223 536 LI,
1248 488 1286 529 8.
1310 488 1479 528 Sueton.
1490 489 1591 544 Aug

12 546 114 586 26
129 552 321 596 quartum
343 543 642 583 Consulatum'
624 559 668 582 m
682 545 810 594 Asia,
840 546 1027 597 quantum
1047 546 1091 583 in
1110 546 1248 583 insula
1266 546 1389 584 Samo
1410 569 1469 576 —
1489 550 1590 588 iniit.

0 600 138 660 ,ῘΝἰοὶ
163 601 423 642 Suetonius'
410 616 572 642 Inverse
592 602 694 641 haec
715 602 914 642 narravit.
983 603 1185 642 Tiridates
1213 616 1337 655 regno
1367 618 1390 642 a
1418 604 1592 645 Phraate

0 680 27 735 a}
0 612 222 714 i‘pulsus
209 674 255 700 m
280 660 441 713 Syriam
472 661 712 713 confugerat
732 667 795 710 et,
821 667 871 700 ut
891 661 1037 700 Caesar
1054 675 1095 699 se
1113 662 1310 700 Romanis
1329 662 1455 715 copiis
1472 665 1593 703 resti-

50 724 205 768 tueret,
236 718 518 772 supplicabat,
549 733 643 759 cum
667 720 824 759 interea
853 719 975 772 legati
996 733 1019 758 a
1042 720 1216 759 Phraate
1234 720 1345 759 missi
1365 727 1407 759 et
1429 722 1593 761 Tirida-

2 809 14 829 *
50 782 136 817 tem
169 747 247 817 sibi
276 777 399 817 reddi
423 778 679 832 postularent
712 784 754 817 et
783 777 1002 817 amicitiam
1039 792 1132 818 cum
1165 779 1334 818 Caesare
1366 779 1592 831 iungerent.

0 853 19 996 ἐξ

0 1121 10 1160 ὲ.

6 844 7 848 ’
51 835 198 874 (hem
213 836 380 888 utrique
400 837 571 876 comiter
584 836 810 890 respondit,
842 842 884 875 et
899 835 1085 876 Phraatis
1103 837 1247 887 filium,
1278 837 1363 876 sive
1381 851 1404 876 a
1419 838 1593 878 Phraate

51 893 139 934 sive
169 907 194 932 a
219 894 401 933 Tiridate
434 900 671 949 acceptum,
708 896 879 959 Romam
909 907 1046 934 secum
1081 895 1256 934 abduxit
1282 902 1322 934 et
1350 909 1426 949 pro
1454 898 1592 937 obside

0 999 10 1017 3-
50 950 206 992 habuit.
221 952 398 993 vid.1›io
422 953 449 993 l.
469 954 496 993 l.

167 1022 253 1063 Iam
272 1022 353 1062 hoc
378 1037 485 1062 anno
506 1022 694 1062 ultimam
714 997 917 1075 Georgicis
937 1037 1105 1062 manum
1126 1022 1351 1062 adhibitam
1372 1037 1467 1074 esse,
1494 1025 1591 1064 vul-

0 1073 158 1134 ?‘garis
180 1087 242 1120 est
270 1081 428 1135 opinio,
474 1081 594 1133 inque
625 1094 712 1121 eam
730 1081 971 1120 sententiam
990 1095 1133 1120 versus
1151 1081 1245 1120 libri
1267 1082 1321 1120 lv
1339 1089 1444 1122 extr.
1462 1083 1592 1123 inter-

4 1155 17 1175 ,ι
51 1145 270 1193 pretantur
299 1140 381 1180 viri
413 1140 542 1179 docti:
582 1139 668 1180 vid.
702 1139 876 1179 Masson.
902 1140 945 1178 in
975 1139 1073 1179 Iano
1099 1146 1279 1179 reserato
1305 1141 1370 1190 111,
1398 1142 1439 1191 5,
1461 1144 1499 1190 6,
1519 1155 1593 1181 nec

0 1223 29 1245 »x
52 1204 191 1237 tamen
212 1198 290 1249 sic,
319 1204 370 1238 ut
392 1198 527 1238 omnia
544 1198 642 1237 satis
665 1197 905 1251 expediant:
940 1198 1093 1237 Caesar
1112 1199 1212 1236 dum
1231 1213 1410 1251 magnus
1435 1200 1496 1237 ad
1522 1201 1591 1239 al-

53 1264 140 1295 tum
165 1257 382 1296 Fulminat
412 1257 667 1310 Euphratem
695 1256 798 1295 bello
813 1287 825 1307 ,
866 1259 1069 1310 victorque
1102 1257 1278 1295 volentes
1307 1258 1390 1295 Per
1413 1259 1591 1309 populos·

52 1314 128 1354 dat
143 1317 235 1354 iura
257 1317 449 1368 viamque
470 1314 642 1369 affectat
668 1314 855 1368 Olympo.
914 1315 987 1354 Est
1014 1314 1179 1366 quidem
1197 1315 1230 1353 is
1263 1322 1476 1368 poetarum
1502 1330 1591 1355 sae-

54 1372 138 1413 culi
150 1372 354 1426 —Augustei
370 1380 593 1427 perpetuus
612 1387 700 1411 mos
716 1403 727 1423 ,
758 1380 828 1422 ut,
859 1387 1104 1425 quamquam
1125 1372 1228 1412 nihil
1246 1373 1463 1426 Augustus,
1480 1374 1592 1426 quod

54 1430 278 1471 admodum
304 1432 566 1471 memorabile
596 1437 717 1481 esset,
757 1431 953 1470 adversus
972 1430 1146 1471 Parthos
1170 1432 1354 1484 gesserit,
1384 1433 1593 1485 magnifice

53 1496 193 1530 tamen
224 1490 276 1528 de
303 1488 427 1530 rebus
455 1490 541 1529 eius
560 1489 760 1529 Parthicis
782 1490 1017 1542 loquantur.
1079 1490 1249 1529 Constat
1270 1504 1396 1543 porro
1427 1491 1591 1530 eDione

52 1548 117 1598 LI,
136 1551 209 1598 20,
236 1548 396 1588 litteras
420 1548 469 1588 de
487 1547 689 1587 Parthicis
703 1548 825 1587 rebus
843 1548 963 1587 initio
984 1548 1080 1587 anni
1115 1549 1319 1600 sequentis
1338 1549 1509 1588 Romam
1530 1550 1591 1589 al-

0 1647 4 1663 :
52 1605 157 1646 latas
175 1612 339 1646 tamum
364 1605 418 1646 ad
446 1607 652 1660 publicam
678 1606 994 1659 gratulationem
1015 1606 1208 1645 momenti
1236 1604 1441 1657 habuisse,
1471 1608 1591 1647 util-

0 1666 2 1714 ᾗ
52 1665 230 1705 lustrare
258 1665 457 1717 reliquam
487 1679 647 1704 omnem
675 1665 852 1704 Caesaris
878 1666 1086 1704 fortunam
1107 1665 1359 1704 viderentur.
1417 1666 1591 1706 Videtur

0 1726 9 1771 2‚.
52 1730 194 1763 tamen
214 1722 338 1763 illud:
376 1724 693 1777 dumfitlminat
721 1723 781 1762 acl
803 1723 1084 1775 Euphratem,
1117 1737 1194 1776 pro
1211 1737 1255 1762 re
1276 1729 1359 1762 tam
1376 1725 1514 1774 tenui,
1545 1738 1591 1763 ac

51 1781 192 1835 legatis
220 1781 389 1832 auditis,
428 1782 548 1822 nimis
576 1783 802 1821 fastuosum
827 1795 923 1821 esse.
982 1781 1124 1833 ltaque
1148 1781 1352 1821 Martinus
1375 1783 1419 1821 in
1438 1797 1591 1822 annum

0 1860 5 1897 j⁴
52 1843 134 1884 731
154 1840 245 1879 illos
261 1853 404 1880 versus
425 1840 605 1893 adeoque
623 1839 747 1880 finem
768 1840 1060 1892 Georgicorum
1081 1840 1233 1879 referre
1250 1840 1407 1880 maluit.
1465 1842 1591 1880 Nimis

0 1901 10 1952 3'
54 1905 195 1939 tamen
213 1898 295 1938 hoc
314 1913 335 1938 a
355 1901 499 1939 ceteris
524 1906 759 1953 temporum
785 1907 827 1937 et
854 1899 1043 1938 carminis
1060 1898 1285 1938 rationibus
1311 1898 1506 1939 abhorret
1519 1930 1530 1950 ‚
1558 1901 1590 1938 si

0 1986 2 1993 ,
53 1957 249 2011 Georgica
267 1971 352 1997 non
371 1958 447 1997 nisi
468 1972 575 1997 anno
595 1965 689 1997 ante
707 1956 862 2010 Virgilii
879 1963 1053 2003 mortem
1075 1956 1129 1995 ad
1145 1957 1266 1996 finem
1287 1958 1486 2010 perducta
1507 1971 1589 1997 esse

52 2016 258 2070 posuen‘s3
287 2017 518 2069 mirumque
545 2018 673 2067 soret,
705 2016 737 2055 si
769 2018 850 2058 731
884 2016 954 2055 illa
978 2015 1190 2066 exierunt,
1221 2030 1304 2055 non
1324 2016 1494 2069 Augusti
1512 2031 1589 2055 no-

3 2099 6 2101 >
53 2088 169 2124 men,
208 2075 288 2113 iam
317 2078 403 2117 727
433 2075 635 2126 inditum,
672 2075 744 2113 sed
770 2075 973 2123 Caesaris,
1009 2073 1125 2112 iniis
1154 2087 1379 2114 occurrere.
1439 2076 1590 2114 Verum

54 2133 234 2172 concidit
251 2133 381 2172 omnis
402 2133 647 2186 disputatio,
680 2133 712 2172 si
732 2132 964 2172 memineris
983 2145 1126 2171 versus
1146 2132 1236 2171 illos
1254 2133 1398 2186 Georg.
1419 2133 1474 2173 lV
1490 2134 1590 2172 sub-

52 2191 179 2231 iectos
198 2205 222 2230 a
234 2197 357 2244 poeta
379 2192 453 2231 vix
469 2193 671 2245 profectos
690 2205 798 2241 esse;
822 2191 898 2230 etsi
913 2190 1148 2242 ceteroquin
1166 2191 1277 2230 illam
1300 2192 1588 2241 narrationem,

55 2250 267 2303 septennio
293 2250 487 2302 Georgica
521 2250 706 2289 absoluta
731 2264 754 2287 a
771 2256 891 2302 poeta
909 2249 1029 2288 fuisse
1043 2279 1054 2298 ,
1084 2248 1168 2288 vid.
1193 2250 1339 2288 Donat.
1355 2248 1398 2302 §.
1420 2249 1489 2300 40,
1509 2264 1590 2289 un-

55 2308 188 2347 decim
215 2314 351 2347 autem
376 2322 506 2347 anuos
526 2309 657 2355 *fuisse
683 2308 852 2347 Aeneidi
873 2308 1074 2360 impensos
1089 2337 1100 2357 ,
1126 2313 1175 2345 ut
1192 2308 1292 2346 adeo
1318 2308 1368 2346 ab
1389 2307 1468 2346 hac
1494 2308 1590 2347 inde

52 2365 184 2407 hieme
204 2378 296 2406 eum
308 2366 360 2405 ad
370 2365 547 2406 Aeneida
562 2367 742 2406 animum
763 2366 987 2405 advertisse
997 2378 1156 2404 necesse
1174 2367 1239 2416 sit,
1256 2367 1364 2405 inter
1375 2367 1590 2405 Gramma-
1640 2382 1646 2384 *

52 2425 233 2465 ficorum
253 2432 483 2464 commenta
501 2426 755 2465 referendam
780 2438 863 2463 esse
883 2431 1037 2477 putem.
1068 2423 1102 2462 A
1116 2424 1306 2463 Tristano
1324 2427 1438 2463 Hist.
1459 2426 1590 2478 ge'ne-

53 2484 141 2522 ναῖε
153 2483 224 2522 des
241 2485 484 2536 Empta-eura
499 2485 545 2523 T.
565 2485 594 2534 I,
606 2499 645 2537 p.
661 2487 742 2526 137
763 2483 1063 2522 conclusionem
1074 2483 1363 2535 Georgicorum
1381 2484 1425 2522 in
1439 2496 1592 2522 annum

55 2541 324 2594 expeditionis
347 2542 434 2581 Caii*
456 2543 636 2581 Caesan's
663 2542 707 2581 in
724 2541 915 2591 Parthos,
954 2554 1059 2593 quae
1078 2541 1120 2579 in
1138 2555 1173 2579 a.
1191 2540 1277 2584 754
1293 2541 1458 2591 incidit,
1487 2541 1591 2580 male

53 2600 199 2639 referri
212 2630 224 2650 ‚
261 2600 342 2639 iam
361 2601 545 2651 Norisius
578 2600 741 2651 notavit
774 2599 998 2653 Cenotaph.
1036 2599 1169 2638 Pisan.
1206 2600 1306 2638 Diss.
1337 2600 1396 2649 11,
1426 2614 1464 2652 p.
1492 2599 1590 2641 249.

56 2657 210 2697 Contra
239 2659 459 2698 Catroeum
497 2659 679 2712 disputat
715 2659 764 2696 d'
782 2658 956 2697 Aubezit
997 2657 1173 2696 Oeuvres
1205 2658 1380 2697 diverses
1411 2659 1525 2696 Tom.
1540 2657 1589 2695 Π.

169 2728 322 2777 Verum
341 2728 554 2769 videamus
571 2743 655 2767 uno
676 2729 765 2767 loco
784 2728 952 2767 collecta
976 2734 1208 2780 temporum
1224 2734 1431 2766 momenta
1444 2758 1454 2776 ,
1489 2739 1590 2778 quae

56 2784 100 2822 in
127 2783 330 2838 Georgicis
358 2788 506 2840 passim
535 2793 779 2837 occurrunt3
811 2787 897 2825 Lib.
918 2786 949 2836 Ι,
967 2785 1053 2828 466
1072 2785 1123 2824 de
1139 2792 1272 2825 morte
1295 2786 1473 2824 Caesaris
1492 2799 1590 2823 nar-

56 2848 149 2881 rata
167 2843 219 2881 ad
235 2858 270 2882 a.
289 2848 374 2888 710
391 2852 433 2884 et
451 2848 532 2888 711
557 2852 764 2899 spectant,
795 2846 835 2894 Ι,
856 2843 941 2887 489
967 2844 1119 2890 bellum
1152 2844 1407 2896 Philippense
1430 2858 1464 2881 a.
1487 2845 1590 2891 7125

60 2900 91 2950 Ῑ,
112 2900 197 2943 509
228 2903 350 2940 Hinc·
359 2912 491 2943 movet
521 2904 774 2956 Luphrates‚
814 2875 928 2941 i’llinc
960 2903 1183 2941 Germania
1205 2902 1379 2949 bellum,-
1418 2902 1589 2940 Vwmae

57 2961 188 3010 ruptis
209 2961 251 2996 in
269 2973 311 2997 er
330 2968 371 2998 se
392 2961 548 3014 legibus
572 2962 684 3001 urbes
700 2963 832 3001 Anna
850 2960 1018 3013 ferun&
1051 2963 1180 2998 saevit
1200 2969 1279 2998 loto
1298 2962 1420 2997 Mam
1439 2962 1491 2996 im
1482 2959 1590 3007 pius

59 3016 172 3065 orbe,
218 3016 270 3054 εὖ
297 3020 561 3061 717—722.
602 3020 650 3069 Il,
679 3023 780 3062 170
788 3028 825 3057 et
861 3028 917 3068 le,
956 3021 1135 3056 maxime
1164 3019 1333 3066 Caesar,
1378 3018 1461 3065 Qui
1484 3028 1591 3052 manc
