1734 3320
375 230 870 291 eE‘oR'GICON
904 239 1048 291 LIB.
1083 241 1177 306 111,
1222 248 1372 295 1—9
1533 232 1635 298 50⁷1

77 368 214 417 -Aut
241 365 498 416 inlaudati
524 366 695 416 nescit
717 364 973 415 Busiridis
999 372 1147 418 aras?
1603 374 1637 423 5

108 437 209 488 Cui
231 452 346 486 non
376 435 548 487 dictus
568 436 726 501 Hylas
748 452 910 502 puer,
949 444 1003 484 et
1027 436 1249 486 Latonia
1273 437 1472 489 Delos?

103 505 575 588 Hippodameque,
595 506 942 572 humeroque
952 505 1181 573 Pelops
1168 507 1387 572 insignis
1407 508 1634 574 ebur-110,

72 578 244 655 :Acer
281 577 473 644 equis?
534 575 817 627 Tentanda
855 576 938 626 via
981 584 1088 641 est,
1136 594 1241 644 qua
1280 594 1372 627 me
1411 595 1634 647 quoque

895 646 1102 712 possim

104 713 323 766 Tollere
346 713 545 781 humo,
586 716 870 784 victorque
887 717 1066 767 virum
1091 715 1314 768 volitare
1331 734 1433 785 per
1458 734 1564 770 ora.

171 813 219 861 6.
254 814 428 860 rimu?

148 936 172 973 5
197 937 385 971 Busiridis
409 950 516 971 arces
540 937 671 972 Medic.
701 950 722 971 a
746 950 792 972 m.
822 950 878 984 pr.
926 939 1112 974 illaudan
1135 939 1246 974 Goth.
1271 951 1327 985 pr.

99 983 294 1018 Pici-inuis:
318 992 357 1018 ut
373 985 447 1018 Ecl.
468 986 531 1027 IV,
555 986 612 1020 62.
660 986 703 1019 Et
721 985 771 1019 sic
788 986 913 1031 fragm.
934 987 1050 1021 Vatic.

99 1031 175 1065 vius
194 1031 508 1078 inter-pungebatur
525 1039 610 1077 post
622 1044 740 1079 puer,
765 1044 834 1078 quo
854 1033 905 1076 fit,
931 1040 981 1076 ut,
1009 1042 1147 1068 retenta
1166 1034 1432 1079 pronunciantis
1450 1045 1548 1076 voce,
1570 1033 1630 1067 vi-
1702 1070 1706 1078 ι

99 1078 187 1112 timu
212 1079 425 1113 contrahant
451 1079 598 1112 numeri.
645 1079 730 1113 Vid.
749 1082 892 1114 Santen.
917 1081 963 1115 ad
989 1083 1137 1115 Terent.
1165 1083 1279 1115 Maur.

100 1125 283 1160 Gaisford.
300 1125 347 1159 ad
363 1126 559 1170 Hephaest.
579 1139 618 1172 p.
636 1126 719 1162 308.
742 1139 795 1173 sq.
830 1128 926 1173 Wr.)

99 1173 151 1207 da
170 1174 235 1207 via
253 1181 311 1206 est
334 1172 391 1208 ed.
408 1174 499 1208 ven.

97 1280 208 1318 mina
234 1279 423 1319 audiunt.
491 1279 695 1319 Monenda
734 1279 837 1319 haec

96 1344 269 1391 propter
313 1339 541 1377 Burmanni
590 1338 835 1378 subtilitates

96 1396 222 1436 fuere.

155 1453 300 1497 4—7.
330 1453 437 1493 Dum
455 1455 727 1507 Eurystheum
747 1469 837 1494 me-

95 1518 233 1551 morat
248 1543 260 1562 ‚
292 1511 480 1551 Herculis
506 1513 664 1552 labores
683 1513 837 1552 intelli-

96 1571 166 1623 git.
224 1570 380 1610 Eodem
402 1571 603 1610 referendi
622 1572 774 1611 Busiris
793 1578 834 1611 et

94 1628 237 1681 Hylas.
288 1629 587 1668 Commemorat
612 1636 750 1669 autem
769 1631 834 1668 fa-

94 1685 236 1736 bulas,
267 1701 367 1739 quas
386 1701 410 1726 a
428 1688 525 1726 satis
542 1688 684 1727 multis
702 1689 834 1742 poetis

94 1750 292 1784 tractatas
327 1758 412 1784 esse
448 1746 662 1785 constabat
673 1761 685 1797 5
736 1746 834 1785 hinc

94 1816 136 1843 v.
163 1806 191 1846 6
245 1803 324 1843 Oui
361 1818 443 1842 non
476 1804 640 1843 dictus?
683 1806 833 1844 Dicere

95 1861 201 1901 enim
221 1861 272 1900 de
290 1862 421 1916 poetis
442 1862 633 1902 sollenne.
690 1863 832 1902 Fuisse

94 1933 257 1972 quoque
289 1933 449 1960 necesse
480 1927 543 1960 est
570 1921 749 1960 carmina
780 1921 831 1960 de

53 1978 60 1985 “
92 1977 206 2028 Delo,
235 1985 278 2017 et
298 1979 349 2018 de
358 1979 506 2032 Pelope
523 1979 689 2031 eiusque
708 1994 832 2019 cursu

95 2036 242 2087 curuli,
260 2050 341 2088 quo
361 2037 675 2090 Hippodamiam
692 2038 830 2077 Oeno-

94 2095 176 2133 mai
195 2095 222 2133 s.
231 2095 429 2149 obtinuit:
451 2102 494 2134 at
512 2109 558 2133 ea
577 2096 711 2134 omnia
729 2110 831 2149 poe-

93 2159 231 2191 tarum
242 2166 365 2206 opera
376 2153 688 2203 interciderunt,
708 2168 830 2206 prae-

93 2217 161 2251 ter
170 2209 376 2264 Apollonii
392 2217 431 2249 et
447 2211 655 2250 Theocriti
671 2213 760 2252 loca
779 2213 830 2250 de

94 2268 222 2322 Hyla,
252 2269 440 2308 Herculis
469 2270 639 2319 amasio,
683 2278 725 2309 et
743 2271 829 2308 Deli

93 2327 235 2366 laudes
252 2327 363 2380 apud
374 2327 678 2367 Callimachum.
711 2329 828 2377 Quae

94 2392 232 2424 autem
254 2399 307 2425 ex
324 2386 545 2438 deperditis
572 2386 741 2425 excitari
759 2386 829 2425 hic

91 2451 271 2497 possent,
290 2451 411 2483 notae
433 2444 601 2483 modum
616 2458 830 2483 excessura

92 2509 235 2542 essent.
294 2504 334 2546 5.
364 2503 421 2541 De
440 2503 641 2541 illaudato
654 2533 666 2553 ,
690 2501 732 2542 h.
755 2503 829 2542 de-

90 2561 293 2610 testando,
311 2561 498 2600 Busiride
514 2561 696 2613 inprimis
715 2562 827 2600 mul-

91 2625 136 2658 ta
152 2619 396 2672 Interpretes
415 2620 688 2658 cumularunt.
738 2620 827 2659 Iso-

93 2683 228 2716 cratea
256 2678 389 2717 oratio
413 2678 532 2730 plane
552 2677 621 2716 hic
646 2692 824 2716 comme-

90 2735 243 2774 morari
280 2750 365 2774 non
393 2736 575 2774 debebat.
646 2736 726 2774 Sed
756 2738 824 2775 vi-

94 2793 219 2831 dendi
237 2793 420 2845 inprimis
438 2795 537 2833 Gell.
553 2794 602 2843 H,
622 2797 662 2843 6,
682 2795 752 2832 ubi
774 2795 823 2833 cf.

91 2851 167 2890 Iac.
190 2851 370 2890 Gronov.
386 2851 565 2891 Macrob.
584 2854 668 2891 sat.
687 2853 754 2902 VI,
784 2855 824 2894 7.

92 2909 216 2948 Omni
240 2908 516 2961 disputatione
539 2910 700 2962 potiora
727 2917 826 2949 sunt

90 2968 161 3006 illa
204 2967 320 3005 Gellii
345 2968 491 3005 verba:
529 2968 748 3006 illaudatus
768 2977 826 3006 est

91 3027 214 3079 quasi
232 3024 474 3064 illaudabilis
492 3033 530 3063 et
548 3025 826 3065 innominabi-

1430 940 1454 975 6
1478 940 1574 983 Quoi
1593 937 1631 972 in

1086 989 1183 1033 (Non
1199 994 1296 1021 recte
1321 986 1366 1020 ab
1383 987 1525 1041 Heynio
1544 999 1632 1031 gra-

1301 1093 1337 1126 p.
1357 1083 1437 1117 272.
1462 1081 1518 1115 cui
1537 1081 1629 1115 adde

1020 1130 1043 1165 8
1068 1137 1125 1163 est
1143 1129 1244 1163 abest
1264 1141 1285 1163 a
1302 1128 1399 1163 Toll.
1435 1137 1513 1162 tum
1529 1128 1629 1162 dan-

899 1281 968 1332 lis,
996 1284 1070 1335 qui
1082 1297 1209 1336 neque
1229 1283 1427 1322 mentione
1452 1289 1527 1319 aut
1539 1294 1627 1319 me-

898 1342 1029 1379 moria
1057 1341 1146 1379 ulla
1172 1341 1323 1393 dignus
1336 1371 1348 1390 ,
1391 1353 1519 1392 neque
1533 1353 1628 1377 um·—

891 1413 1018 1451 quam
1034 1399 1317 1437 memorandus
1338 1407 1406 1437 est.
1448 1398 1627 1450 Expres-

891 1456 945 1495 sit
964 1463 1101 1495 autem
1113 1457 1283 1496 Homeri
1302 1453 1381 1498 min
1399 1451 1627 1508 ὀνομαστὸν

894 1514 973 1553 Od.
983 1531 1017 1564 τ,
1036 1518 1134 1557 260.
1151 1516 1249 1557 597.
1308 1515 1374 1553 Sic
1396 1510 1624 1566 οἷπὸθητος.

891 1573 974 1612 vid.
992 1574 1122 1625 Toup.
1139 1573 1212 1626 Ep.
1230 1572 1319 1611 crit.
1338 1586 1425 1625 pag.
1445 1574 1522 1622 823
1550 1584 1626 1610 nec

892 1630 946 1669 ad
966 1637 1104 1670 notam
1121 1631 1294 1670 sormam
1311 1627 1624 1682 λιτάτητοςοοιι-

890 1690 1026 1742 sugeie
1055 1702 1214 1728 necesse
1246 1695 1319 1728 est.
1377 1688 1463 1727 Etsi
1490 1693 1625 1726 autem

889 1748 935 1786 in
955 1748 1029 1798 iis,
1061 1761 1163 1799 quae
1191 1760 1303 1786 nunc
1331 1752 1498 1795 extant,
1529 1759 1624 1784 car-

890 1806 1065 1845 minibus
1103 1805 1302 1845 Busiridis
1351 1804 1425 1844 vix
1469 1804 1623 1842 mentio

890 1864 997 1902 sacta
1023 1863 1224 1903 occurrit:
1254 1863 1390 1916 potuit
1416 1869 1554 1901 tamen
1576 1875 1625 1900 ac

890 1922 1032 1961 debuit
1051 1920 1154 1976 (vid.
1175 1921 1414 1974 Apollodor.
1432 1920 1480 1969 Π,
1493 1920 1533 1970 5,
1550 1918 1621 1974 11)

887 1981 955 2019 ille
977 1981 1027 2019 ab
1053 1980 1228 2019 Hercule
1251 1993 1388 2018 caesus
1405 1978 1622 2017 memorari

886 2038 1220 2090 ἱῐιᾝρακλείαιςτ
1250 2051 1331 2090 quo
1347 2037 1509 2076 nomine
1525 2036 1622 2089 plu-

887 2111 935 2135 ra
959 2097 1054 2135 olim
1071 2097 1241 2135 extitere
1259 2096 1437 2134 carmina
1448 2125 1459 2145 ,
1490 2094 1622 2147 inpri-

887 2155 963 2193 mis
998 2154 1185 2193 Pisandri
1232 2153 1471 2192 Camirensis
1510 2151 1620 2205 (vid.

886 2213 1055 2251 Excurs.
1073 2213 1103 2251 I.
1124 2212 1177 2250 ad
1191 2212 1261 2251 lib.
1278 2212 1326 2251 II.
1342 2207 1477 2265 Aea),
1496 2210 1621 2262 Nym-

884 2270 1004 2323 phios
1043 2271 1306 2309 Heracleotae
1319 2299 1330 2318 ,
1387 2268 1618 2321 PanyasiOS.

887 2327 988 2383 (vid.
1008 2329 1060 2367 ad
1081 2328 1271 2382 Apollod.
1289 2329 1416 2367 Notae
1434 2341 1522 2380 pag.
1534 2325 1619 2368 324

884 2383 988 2442 sqq.)
1060 2390 1099 2430 8.
1139 2387 1248 2426 Acer
1279 2388 1411 2439 equis,
1459 2384 1501 2424 h.
1531 2390 1620 2422 arte
1688 2396 1691 2399 ’

887 2446 1085 2497 equestri,
1127 2444 1296 2498 („haud
1319 2444 1439 2482 facile
1466 2456 1618 2496 appro-

885 2503 1045 2542 baveris
1055 2503 1406 2557 compositionem:
1426 2516 1521 2539 acer
1533 2508 1618 2539 arte

886 2563 1069 2614 equestri.
1088 2564 1120 2583 “
1159 2562 1289 2602 Wclz.
1333 2559 1506 2599 Praefat.
1527 2572 1616 2611 pag.

884 2619 1028 2659 XVIII.
1031 2618 1046 2674 )
1064 2620 1278 2673 quadrigis
1290 2618 1497 2668 ducendis,
1509 2623 1617 2655 stre-

883 2692 1012 2727 nuuS,
1042 2678 1261 2727 excellens,
1294 2673 1401 2718 δειν’
1372 2693 1441 2725 ος.

941 2739 981 2778 9.
995 2735 1406 2789 Circumspiciendum
1423 2733 1523 2772 mihi
1543 2747 1614 2771 ar-

880 2800 1118 2846 gumentum
1130 2825 1142 2844 ,
1200 2794 1313 2832 cuius
1366 2790 1612 2830 tractatione

880 2865 1030 2891 nomen
1047 2866 1282 2903 consequar.
1315 2853 1438 2888 vietor
1453 2849 1622 2900 poetico‘

882 2917 1032 2949 ornatu
1049 2911 1250 2949 adiectum
1265 2940 1275 2958 ,
1313 2908 1375 2946 uti
1400 2907 1550 2955 solent,
1580 2908 1612 2944 si

883 2968 933 3006 de
958 2982 1103 3021 magno
1124 2968 1260 3018 aliquo
1285 2977 1405 3017 opere
1431 2970 1611 3017 peracto,

881 3040 1024 3078 magna
1040 3039 1106 3075 re,
1137 3039 1259 3077 quam
1294 3028 1530 3074 assequutus
1547 3022 1610 3072 sis,
