1768 3320
320 226 756 295 ‘B‘UCOLICA
804 231 972 283 EVGL.
1008 232 1124 294 Vll,
1160 237 1389 285 38—48
1528 240 1625 287 197

98 360 179 409 Ite
204 357 435 408 domum
462 357 623 423 pasti,
659 356 700 405 si
726 355 844 423 quis
866 354 1071 422 pudor,
1109 355 1182 405 ite
1208 355 1431 408 iuvenci.

170 443 214 480 c.
248 427 482 478 Muscosi
502 425 708 489 fonte5‚
747 434 801 475 et
822 441 1022 474 somno
1045 424 1271 474 mollior
1290 424 1475 490 herba,
1556 432 1624 481 45

95 499 165 548 Et
187 514 325 565 quae
345 513 441 547 vos
457 514 575 546 rara
598 495 779 545 viridis
799 496 931 560 tegit
955 494 1174 544 arbutus
1203 494 1414 560 umbra,

99 565 398 617 Solstitium
422 567 608 634 pecori
630 564 933 627 defendite3
971 565 1077 614 iam
1098 565 1246 614 venit
1268 574 1436 615 aestas

98 636 352 703 Tol-fida,
382 638 489 687 iam
512 636 654 687 laeto
673 644 890 701 turgent
910 635 966 684 in
987 634 1210 702 palmite
1230 650 1497 700 gemmae.

142 763 191 802 45
213 765 360 800 mollior
379 764 468 800 alba
483 764 660 807 Parthas„
672 764 766 798 forte
783 775 852 809 pro
869 763 970 810 alga,
990 763 1085 809 quod
1103 762 1298 808 repetitum
1315 775 1358 796 ex
1373 775 1408 796 v.
1427 760 1486 798 42.
1506 763 1620 797 Burni.

95 810 144 849 46
167 815 219 846 Et
233 825 329 859 quae
342 825 413 847 nos
429 825 523 846 rura
535 813 660 857 fragm.
678 813 807 845 Moret.
841 823 910 845 nos
929 810 1036 844 etiam
1055 810 1268 844 coniiciebat
1284 811 1335 844 Io.
1351 810 1539 844 Schrader.
1573 813 1624 843 Ει

96 871 193 906 quae
203 871 295 893 rata
308 861 402 907 tegit
418 860 553 893 viridi-5
569 870 639 892 vos
648 858 758 892 Goth.
776 870 847 892 sec.
918 855 966 893 48
986 858 1087 891 lento
1097 857 1224 891 Medic.
1240 869 1260 890 a
1278 869 1324 890 m.
1342 869 1411 891 sec.
1438 857 1527 903 (leto
1545 857 1623 891 cod.

95 913 210 952 uterq.
226 906 326 952 Lips.
357 913 394 940 et
415 906 512 939 haud
539 905 646 939 dubie
664 905 766 938 multi
789 904 851 938 alii
874 903 977 945 libri;
1013 905 1108 949 quod
1126 917 1230 950 quum
1255 910 1291 937 et
1315 904 1437 946 laeto,
1471 911 1507 937 et
1523 904 1623 938 lento

95 952 170 998 legi
188 965 255 999 per
274 966 314 987 se
337 959 483 999 posset,
515 953 688 995 fortasse,
720 952 751 986 si
773 952 843 986 hoc
872 958 1051 985 curassent
1069 951 1209 996 priores
1236 950 1379 994 Critici,
1411 962 1483 984 non
1505 957 1623 984 tantus

94 999 311 1046 reliquorum
341 1000 448 1035 codd.
478 1011 668 1034 consensus
695 1006 904 1044 protegeret
925 998 1115 1032 lectionem
1147 999 1257 1032 laeto.
1305 1001 1355 1032 Ac
1381 997 1467 1031 satis
1495 998 1621 1031 crebro

96 1047 225 1082 leneus
250 1055 287 1081 et
311 1048 435 1081 laetus
461 1059 483 1080 a
506 1046 663 1080 librariis
683 1045 895 1091 permutari,
926 1045 1045 1079 multis
1068 1044 1157 1079 locis
1175 1046 1373 1079 docuerunt
1388 1046 1434 1078 V.
1457 1046 1501 1078 V.
1522 1045 1563 1078 D.
1578 1045 1622 1079 D.

94 1097 238 1129 Laetae
254 1094 419 1128 dicuntur
436 1094 581 1127 arbores
593 1120 602 1135 ,
628 1106 735 1139 quum
755 1093 945 1131 frondent3
978 1093 1049 1127 vid.
1067 1092 1225 1126 Huschk.
1249 1092 1296 1125 ad
1316 1091 1450 1126 Tibull.
1468 1093 1513 1133 Π,
1532 1093 1567 1133 3,
1585 1093 1620 1127 3.

95 1148 135 1176 at
153 1141 288 1186 palmes
317 1153 472 1187 gemmas
495 1152 603 1186 agens
625 1140 815 1174 nullisdum
841 1140 1027 1173 frondibus
1055 1139 1205 1173 vestitus
1235 1146 1310 1179 est3
1344 1151 1453 1184 quare
1475 1139 1518 1173 ab
1538 1138 1573 1171 h.
1597 1139 1621 1173 l.

95 1188 248 1223 alienum
267 1188 408 1223 videtur
424 1188 495 1222 hoc
523 1187 722 1233 epitheton.
770 1187 922 1232 Egregie
943 1194 1067 1221 contra
1085 1188 1150 1221 Ge.
1169 1188 1214 1229 11,
1233 1187 1338 1223 363:
1364 1212 1387 1228 „
1400 1186 1484 1219 dum
1505 1185 1619 1230 prima

93 1235 197 1270 novis
214 1235 388 1270 adolescit
405 1234 592 1269 frondibus
613 1240 731 1276 aetas,
752 1255 797 1259 —
822 1254 867 1259 —
892 1241 929 1267 et
948 1235 1031 1267 dum
1054 1246 1092 1268 se
1114 1234 1274 1267 laetus
1298 1233 1343 1267 ad
1363 1245 1465 1266 auras
1483 1232 1621 1266 Palmes

95 1282 182 1328 agit.
193 1285 216 1302 “
265 1283 371 1325 Quod
390 1288 509 1316 autem
537 1281 669 1327 legitur
689 1283 753 1315 Ge.
773 1283 816 1322 11,
833 1283 934 1317 262:
967 1287 1080 1323 „ante
1107 1301 1152 1306 —
1178 1292 1281 1326 quam
1308 1280 1441 1313 laetum
1468 1279 1621 1313 infodias

94 1329 178 1364 vitis
195 1333 358 1377 geuus;“
392 1335 430 1363 et
449 1341 553 1362 sensu
573 1329 753 1374 paululum
781 1328 920 1370 differt,
954 1335 991 1362 et
1015 1328 1110 1361 aliud
1138 1334 1193 1362 est
1219 1328 1357 1361 laetum
1375 1328 1463 1360 vitis
1489 1339 1621 1380 genus,

94 1375 193 1411 aliud
211 1377 314 1411 laeta
334 1378 440 1417 vitis;
473 1388 554 1410 nam
573 1376 668 1421 quod
689 1376 852 1409 universo
871 1375 996 1420 generi
1011 1374 1198 1418 tribuitur,
1219 1386 1293 1407 non
1313 1380 1454 1419 semper
1473 1373 1621 1418 singulis

93 1424 252 1458 tribuere
270 1424 373 1465 licet3
406 1423 465 1457 vix
486 1430 602 1457 autem
622 1429 730 1467 puto,
753 1421 905 1467 Virgilio
925 1422 994 1456 hoc
1015 1422 1227 1467 placiturum
1243 1420 1373 1454 fuisse:
1409 1433 1517 1466 quam
1536 1421 1619 1454 lae—

95 1479 172 1505 tam
187 1470 356 1519 infodias
373 1472 496 1504 vitem.
544 1469 706 1515 Denique
727 1482 772 1502 ne
791 1470 879 1503 illud
899 1469 1040 1514 quidem
1056 1469 1163 1514 plane
1183 1467 1499 1514 praetereundum,
1524 1467 1621 1512 quod

94 1518 283 1563 epitheton
313 1519 436 1552 laetus
464 1529 537 1550 non
561 1524 647 1551 satis
667 1516 832 1550 convenit
856 1516 1012 1562 pastori,
1046 1515 1182 1549 aestivo
1195 1541 1204 1557 ,
1242 1514 1302 1560 qui
1321 1514 1478 1547 instabat
1498 1520 1535 1547 et
1553 1525 1620 1558 per

94 1578 249 1611 gemmae
268 1564 452 1610 palmitum
469 1565 602 1598 instare
620 1563 894 1608 significabatur,
918 1563 1005 1597 solis
1024 1563 1167 1597 fervore
1182 1561 1325 1596 minime
1341 1560 1504 1595 laetanti.
1540 1562 1619 1595 Ita-

94 1625 163 1659 que
183 1613 286 1647 lento
306 1612 565 1646 restituendum
585 1610 699 1645 videri
715 1610 861 1656 poterit.
890 1613 947 1646 W
941 1612 986 1656 r.)

93 1731 184 1782 XII,
204 1733 235 1774 2
267 1728 371 1772 οἶδὲ
387 1733 616 1780 ποθεῦντες
636 1729 680 1772 ἐν
701 1727 825 1784 ἤματι

92 1785 357 1845 γηράσκουσι.
415 1788 485 1831 44.
515 1791 553 1827 si
571 1791 662 1842 quis
676 1789 825 1840 pudor,

91 1848 276 1901 increpat
290 1848 437 1898 boves,
470 1847 584 1899 quasi
604 1847 726 1897 dicat,
744 1860 826 1899 pu-

94 1905 191 1945 deat
219 1920 294 1946 vos
321 1911 461 1958 pastos
486 1911 572 1944 tam
599 1905 718 1944 tarde
747 1904 826 1943 do-

50 1980 53 1982 ·
92 1978 207 2004 mum
230 1963 473 2018 procedere,
504 1969 546 2002 et
569 1976 633 2002 me
652 1963 702 2002 ab
723 1962 826 2001 ami-

93 2036 163 2062 cae
180 2023 371 2075 amplexu
388 2021 591 2060 distinere.

150 2079 220 2124 45.
243 2080 416 2119 Felicior
445 2080 524 2118 suit
540 2086 659 2132 poeta
685 2078 730 2117 in
748 2077 827 2116 hoc

93 2145 136 2178 et
161 2139 289 2178 altero
314 2137 576 2177 tetrasticho:
618 2135 709 2191 (cur
733 2136 826 2175 feli-

94 2195 209 2236 cior‘?
245 2196 330 2236 vid.
360 2209 463 2248 quae
502 2195 644 2234 notavi
684 2194 738 2232 ad
766 2208 828 2233 vs.

94 2257 162 2297 33.
180 2257 246 2295 W
245 2253 294 2309 r.)
326 2254 429 2293 alter
438 2254 563 2306 frigus
581 2259 622 2291 et
637 2252 826 2291 umbram

92 2326 167 2366 per
184 2313 384 2352 aestivum
402 2318 562 2365 tempus
576 2310 732 2360 laudat,
763 2310 826 2348 31-

92 2378 158 2411 ter
172 2371 309 2411 focum
334 2370 506 2409 hiberno
531 2376 726 2422 tempore.
756 2383 825 2406 so-

93 2443 187 2468 mno
204 2430 367 2467 mollior
381 2427 520 2478 herba,
553 2441 606 2467 ex
620 2426 824 2465 Theocrit.

94 2491 330 2541 expressum
373 2486 492 2539 Idyll.
529 2486 589 2536 V,
617 2486 673 2528 50
722 2485 827 2538 εἴρια

96 2541 213 2587 ῧπνω
223 2541 499 2599 μαλακώτερα.
519 2539 696 2596 τάπητες
705 2539 826 2583 {hum

95 2600 373 2657 μαλακώτεροι
389 2603 479 2652 XV,
503 2602 597 2645 125.
621 2602 669 2640 cs.
683 2600 825 2640 Valck.

93 2675 135 2714 p.
153 2661 251 2704 405.
269 2660 366 2703 406.
399 2661 534 2699 mollis
554 2674 716 2698 somnus
742 2658 825 2697 sol-

94 2718 203 2758 leani
220 2718 344 2772 epith.
362 2719 433 2757 Ge.
453 2718 502 2768 Π,
524 2717 623 2766 470,
642 2730 726 2755 non
745 2716 825 2755 mi-

96 2790 174 2815 nus
195 2790 243 2815 30
258 2777 391 2815 mollis
412 2776 535 2815 herba
544 2791 561 2823 ;
592 2774 691 2813 hinc
711 2788 825 2814 com—

95 2834 253 2887 paratio
270 2834 404 2873 ducta.
443 2835 631 2872 Ceterum
652 2847 693 2872 v.
710 2832 821 2875 45-

97 2895 154 2934 60
174 2905 267 2930 cum
284 2891 501 2931 Theocrito
519 2891 693 2930 certavit
709 2889 827 2942 Idyll.

96 2949 200 2998 VIII,
224 2951 279 2990 33
298 2962 382 3000 sqq.
430 2948 498 2991 46.
529 2949 714 2998 arbutus,
742 2948 828 2987 vid.

99 3007 153 3046 ad
167 3006 252 3046 Ecl.
269 3006 335 3056 III,
352 3009 419 3049 82.
446 3022 542 3046 rara
555 3020 655 3046 vero
673 3005 829 3055 umbra,

882 1735 955 1768 aut
985 1735 1035 1769 ut
1061 1729 1115 1768 ad
1142 1734 1335 1767 naturam
1363 1725 1520 1766 arboris
1535 1725 1618 1765 hu-

880 1787 985 1826 milis
1003 1801 1079 1826 nec
1105 1786 1327 1825 admodum
1352 1785 1531 1839 patentis
1548 1797 1619 1823 re-

882 1845 1097 1898 spiciatur,
1137 1843 1234 1898 (hoc
1253 1858 1398 1883 verum
1428 1842 1619 1893 videtur;

882 1904 959 1944 nisi
985 1905 1092 1943 sorte
1113 1903 1281 1941 arbutos
1304 1915 1378 1954 per
1403 1900 1619 1940 intervaua

882 1962 1054 2015 positas,
1084 1975 1199 2000 raras
1213 1960 1335 2013 igitur
1351 1960 1469 2012 ipsas,
1499 1958 1618 1998 fuisse

885 2020 1099 2059 existimes.
1144 2021 1215 2059 W
1209 2018 1258 2073 r.)
1306 2024 1379 2056 aut
1412 2031 1488 2070 pro
1522 2016 1618 2054 anni

883 2085 1079 2131 tempore,
1098 2089 1240 2126 verno,
1261 2075 1436 2114 necdum
1454 2074 1617 2124 adult05

886 2134 970 2191 (ita
999 2136 1143 2185 Voss.;
1182 2133 1254 2173 sed
1290 2133 1496 2185 quomodo
1538 2130 1618 2170 hoc

883 2201 1045 2246 tempus
1084 2206 1177 2232 cum
1207 2192 1379 2231 solstitio
1414 2189 1618 2229 conciliari

883 2252 1034 2305 possit,
1080 2265 1164 2290 non
1190 2250 1324 2290 videa.
1369 2247 1483 2303 Wr.)
1532 2253 1615 2297 aut,

882 2310 995 2363 quod
1011 2315 1212 2362 praestat,
1243 2314 1294 2347 ut
1317 2322 1413 2346 rara
1433 2320 1517 2345 non
1540 2319 1615 2344 ur-

882 2368 1058 2422 gendum
1086 2368 1138 2406 sit
1156 2397 1166 2416 ,
1208 2365 1419 2418 epitheton
1446 2369 1617 2403 ornatus
1643 2408 1647 2419 Ι

883 2440 1024 2466 caussa
1042 2425 1283 2478 appositum,
1314 2423 1504 2475 exipsius
1522 2434 1616 2460 um-

882 2486 980 2524 brae
996 2515 1007 2534 ,
1049 2482 1275 2522 intervallis
1309 2481 1522 2520 distinctae
1542 2491 1616 2532 per

882 2542 1048 2582 frondes
1066 2572 1078 2592 ,
1108 2547 1276 2590 natura,
1311 2545 1362 2578 ut
1388 2538 1471 2576 Ecl.
1498 2537 1547 2585 V,
1575 2538 1615 2577 7.

885 2599 973 2655 (sed
1000 2612 1256 2638 racemorum
1283 2597 1340 2636 ibi
1366 2599 1612 2634 memorato-

881 2673 975 2698 rum
991 2658 1173 2711 paucitas
1189 2670 1273 2695 non
1289 2660 1425 2707 potest
1442 2666 1534 2691 cum
1550 2651 1615 2689 so-

880 2717 1032 2756 liorum
1068 2715 1183 2768 copia
1232 2719 1343 2753 recte
1377 2707 1613 2762 comparari.

885 2776 957 2814 W
949 2773 999 2829 r.)
1029 2774 1191 2813 Dictum
1209 2785 1309 2812 vero
1324 2783 1421 2823 pro:
1451 2775 1488 2805 el
1503 2782 1525 2804 o
1543 2779 1614 2802 ar-

883 2832 973 2870 bute
988 2863 1000 2882 ,
1034 2846 1138 2885 quae
1158 2832 1261 2881 tegis
1278 2843 1343 2867 eos
1363 2833 1438 2864 etc.
1463 2824 1504 2862 h.
1527 2828 1568 2859 et
1589 2834 1613 2858 o

885 2890 1020 2929 arbuti
1038 2920 1049 2939 ,
1080 2901 1182 2940 quae
1204 2888 1337 2938 tegitis
1362 2885 1494 2922 fontes
1521 2891 1615 2917 cum

883 2948 1023 2987 herba.
1041 2945 1140 3000 (vid.
1153 2944 1350 2983 vechner.
1367 2936 1612 2979 Heflenolex.

886 3020 927 3059 p.
950 3004 1047 3048 240.
1068 3002 1162 3056 Sp.)
1210 3001 1279 3043 47.
1301 2998 1521 3037 Solstitium
1536 3006 1612 3045 pe-
