1768 3320
125 855 172 892 28

171 205 399 243 LXXXVIII

596 189 746 240 TIB.
794 187 901 239 CL.
947 183 1275 237 DONATI

173 329 302 363 retur.
363 321 656 372 Quaecumque
683 319 734 358 ab
759 317 942 371 Augusto
969 321 1148 370 peteret,
1179 312 1385 366 repulsam
1402 323 1613 363 nunquam
1631 308 1707 350 ha-

116 381 162 419 25
174 382 278 424 buit.
339 378 579 420 Parentibus
601 377 821 430 quotannis
848 389 995 415 aurum
1026 373 1079 413 ad
1107 372 1385 412 abundantem
1404 369 1547 409 alitum
1571 367 1709 408 mitte.-

174 441 249 481 bat
262 471 272 490 ,
303 453 406 491 quos
423 438 504 477 iam
521 436 686 489 grandis
706 435 858 474 amisit:
889 447 940 472 ex
956 432 1102 485 quibus
1120 436 1279 485 patrem
1307 428 1434 469 oculis
1455 433 1642 481 captum,
1672 435 1710 466 et

180 499 283 539 duos
311 498 460 538 fratres
489 508 719 548 germanos,
757 493 936 533 Silonem
960 491 1233 544 impuberem,
1271 488 1465 527 Flaccum
1489 486 1573 525 iam
1593 485 1714 525 adul-

120 561 168 597 26
178 564 291 607 tum,
332 556 448 596 cuius
475 554 633 593 exitum
665 552 740 592 sub
767 551 929 591 nomine
963 548 1189 602 Daphnidis
1225 546 1361 586 deflet.

1430 545 1542 585 Inter
1581 550 1716 584 cetera

180 615 340 666 studia,
376 620 426 654 ut
443 626 566 666 supra
585 611 783 662 diximus,
813 609 1036 648 medicinae
1063 618 1249 660 quoque,
1281 619 1329 644 ac
1356 603 1533 644 maxime
1553 601 1716 642 mathe-

180 674 350 715 maticae
361 703 371 723 ,
403 685 569 726 operam
598 669 723 710 dedit.

123 740 170 776 27
180 733 288 787 plius
306 745 429 784 quam
451 728 586 769 semel.

180 792 262 831 lem
281 791 422 840 fuisse,
454 787 636 828 Melissus
653 785 794 825 tradit.

782 668 872 721 Egit
899 673 940 706 et
965 680 1148 706 caussam
1167 679 1293 704 unam
1311 663 1500 714 omnino,
1530 675 1715 702 necam-

649 730 843 767 Sermone
860 724 1138 765 tardissimum
1157 754 1168 775 ,
1203 737 1250 762 ac
1268 735 1395 777 paene
1412 721 1582 762 indocto
1604 720 1717 760 simi-

298 849 382 889 VII.
412 846 615 887 Poeticam
641 857 744 899 puer
770 842 906 882 adhuc
934 842 1189 895 auspicatus,
1219 840 1263 880 in
1282 839 1495 889 Balistam,
1524 836 1613 878 ludi
1630 835 1718 889 gla-

184 907 348 948 diatorii
378 905 634 958 magistrum,
674 903 726 942 ob
749 902 955 942 infamiam
983 899 1294 939 latrociniorum
1313 903 1552 953 coopertum
1570 894 1721 950 lapidi-

181 967 259 1006 bus
271 996 282 1017 ,
314 963 516 1006 distichon
539 961 655 1001 fecit:

410 1024 555 1062 Monte
574 1019 647 1059 sub
666 1018 742 1058 hoc
763 1017 953 1071 lapidum
971 1019 1122 1070 tegitur
1141 1016 1313 1056 Balista
1335 1014 1521 1067 sepultus
1535 1030 1548 1054 .-

473 1080 608 1119 Nocte
622 1108 634 1129 ,
667 1077 753 1128 die,
786 1085 916 1116 lutum
932 1090 1056 1128 carpe
1071 1106 1082 1126 ,
1115 1075 1274 1115 viator!
1305 1075 1392 1113 iter.

186 1137 340 1177 Deinde
361 1137 617 1188 Catalecton,
651 1142 693 1175 et
721 1137 951 1186 Moretum,
991 1140 1032 1174 et
1060 1135 1286 1187 Priapeia,
1319 1138 1362 1171 et
1378 1132 1719 1185 Epigrammata,

186 1240 283 1274 nulla
299 1240 367 1274 alia
385 1248 437 1275 est
457 1239 664 1275 auctoritas.
689 1241 716 1274 E
735 1239 817 1273 loco
830 1239 924 1273 Pro—-

187 1287 294 1334 pertii
333 1290 365 1321 II
389 1289 488 1333 Eleg.
517 1295 605 1323 extr.
638 1289 685 1324 67
721 1289 778 1321 Tu
821 1286 925 1320 canis

189 1335 351 1369 umbrosi
369 1334 495 1370 subter
515 1337 644 1382 pineta
664 1335 817 1368 Galaesi
834 1345 925 1380 pos-

187 1383 235 1416 sit
255 1381 382 1428 aliquis
418 1382 594 1417 coniicere
608 1408 617 1424 ,
653 1382 759 1416 etiam
779 1381 816 1414 in
837 1393 924 1426 agro

188 1429 385 1464 Tarentino
408 1442 486 1464 eum
504 1429 689 1476 praedium
706 1428 888 1463 habuisse.

235 1500 265 1546 ᾗ.
283 1499 341 1536 25.
364 1500 548 1543 Flaccum,
574 1501 681 1534 cuias
702 1500 839 1534 exitum
859 1497 927 1532 sub

188 1548 335 1582 nomine
364 1548 577 1595 Daphnidis
613 1548 739 1594 deflet.
795 1546 928 1580 Eadem

189 1598 288 1629 Serv.
321 1594 367 1628 ad
391 1595 465 1628 Ecl.
493 1596 556 1638 IV,
592 1596 612 1630 1
643 1601 680 1628 et
711 1596 778 1636 20,
812 1593 874 1626 ubi
893 1600 930 1627 et

188 1642 413 1687 Philargyr.,
447 1643 488 1676 it.
516 1642 638 1688 Epigr.
666 1642 752 1676 CCII
786 1641 871 1675 libri
897 1642 930 1675 ΙΙ

193 1688 435 1734 Anthologiae
454 1690 535 1724 Lat.
645 1695 652 1704 ‘

241 1760 272 1805 ᾗ.
289 1761 347 1795 27.
374 1759 564 1793 Melissus.
612 1760 676 1793 Est
701 1759 731 1793 is
748 1759 785 1793 C.
806 1758 932 1792 Melis—

195 1818 275 1850 sus,
308 1807 532 1852 Spoletinus,
574 1806 787 1841 Maecenatis
815 1806 932 1840 liber-

194 1861 275 1896 tus,
319 1854 364 1887 de
401 1866 471 1900 quo
500 1867 533 1887 v.
558 1857 700 1888 Sueton.
728 1855 773 1888 de
803 1854 932 1888 illustr.

197 1903 389 1935 Grammat.
410 1903 473 1936 21.
522 1901 671 1947 Scripsit
701 1901 840 1935 fabulas
870 1909 934 1935 to-

197 1956 316 1994 gataS,
350 1949 443 1982 unde
465 1948 564 1982 Ovid.
598 1961 640 1982 ex
664 1950 701 1983 P.
721 1951 783 1992 IV,
811 1951 867 1991 16,
887 1950 935 1985 30

196 1999 247 2030 Ec
266 2004 334 2029 tua
364 2008 444 2029 cum
471 2008 574 2030 socc-0
601 1998 735 2040 Musa,
769 1997 935 2041 Melisse‚

198 2043 312 2084 levis,
336 2043 399 2076 ubi
416 2056 449 2077 v.
466 2043 588 2076 Heins.

246 2091 277 2135 §.
289 2091 346 2125 28.
362 2091 443 2124 ludi
458 2091 679 2137 gladiatorii
693 2091 912 2138 magistrum
926 2102 934 2130 3

196 2137 280 2182 lege
323 2137 406 2170 ludi
440 2138 675 2181 litteratorii,
728 2138 758 2171 si
795 2138 935 2172 Phocas

200 2184 454 2218 Grammaticus
475 2184 686 2228 audiendus,
711 2185 748 2218 in
774 2185 936 2219 versibus

202 2233 248 2265 de
259 2231 344 2265 Vita
355 2231 497 2277 Virgilii
515 2245 547 2266 v.
566 2232 610 2268 41
623 2245 702 2278 sqq.
739 2233 937 2267 Secundum

202 2279 296 2313 hunc
307 2278 439 2313 Balista
449 2279 593 2323 Virgilii
611 2280 781 2325 magister
800 2279 837 2312 in
860 2280 939 2314 ele-

203 2326 332 2359 mentis
353 2326 586 2371 grammaticis
606 2328 732 2361 fuerat.
758 2328 938 2362 ADonato

203 2379 344 2415 tamen,
379 2379 474 2407 certe
503 2386 524 2407 a
545 2374 658 2420 prima
673 2386 798 2417 manu,
830 2375 940 2408 fuisse

205 2420 346 2455 videtur
380 2421 462 2454 ludi
482 2423 720 2468 magistram,
754 2428 793 2455 ut
813 2422 884 2456 iam
905 2422 943 2455 in

207 2468 265 2501 ed.
290 2469 380 2500 Ven.
401 2467 492 2503 1472
521 2474 558 2501 et
578 2468 615 2502 in
633 2469 730 2511 aliis,
755 2477 793 2503 ut
808 2469 944 2503 Danie-

206 2514 251 2548 lis
265 2540 274 2554 ,
300 2515 380 2548 edd.
403 2515 551 2559 legitur:
586 2516 677 2550 male
696 2516 946 2563 interpolatum

207 2561 330 2595 addito
354 2562 480 2595 altero.
524 2562 626 2596 Vidit
643 2563 711 2597 hoc
729 2565 945 2598 Burmannus

207 2608 254 2643 ad
265 2608 461 2653 Antholog.
484 2609 561 2642 Lat.
583 2611 688 2644 Tom.
709 2612 736 2653 I,
760 2623 841 2666 pag.
863 2612 948 2647 367.

207 2655 398 2701 Ceteroqui
415 2666 577 2700 magnum
594 2668 738 2691 acumen
758 2670 875 2692 messe
887 2658 946 2692 di-

209 2703 329 2737 sticho
350 2703 448 2736 haud
470 2702 605 2738 dixero.

259 2750 474 2784 Catalecton
491 2770 535 2774 —
554 2751 694 2784 Nomen
713 2751 781 2784 iam
804 2764 861 2797 ap.
874 2754 949 2785 Au—

210 2796 348 2831 sonium
378 2796 532 2832 occurrit
555 2796 593 2830 in
615 2798 718 2842 Idyll.
748 2800 829 2840 XII,
855 2799 952 2843 quod

211 2843 543 2889 Technopaegnion
562 2844 782 2890 inscriptum.
818 2845 950 2879 Decla-

211 2897 269 2926 rat
296 2903 424 2925 nomen
445 2891 618 2931 carmina,
656 2904 745 2936 quae
767 2891 895 2926 haberi
917 2900 952 2926 et

212 2937 351 2973 censeri
378 2938 495 2972 solent
521 2937 688 2983 Virgilii,
722 2936 771 2973 τὰ
791 2941 952 2974 καταλε-

211 2983 355 3032 γόμενα
389 2984 443 3026 εἰς
466 2983 516 3020 τὰ
545 2986 617 3020 τοῦ
636 2983 841 3031 Μάρωνος.
892 2988 954 3021 Est

983 1237 1076 1272 enim
1092 1236 1171 1272 τῶν
1190 1231 1430 1272 καταλὲκτων
1450 1233 1565 1275 liber3
1589 1230 1639 1268 τὰ
1658 1244 1724 1268 κα-

981 1286 1155 1320 tansum.
1191 1282 1406 1318 Collectioni
1425 1281 1532 1316 alicui
1552 1280 1726 1315 eiusmodi

982 1333 1177 1380 praefixum
1221 1343 1299 1366 esse
1337 1330 1463 1365 debuit
1499 1328 1727 1375 Epigramma

985 1382 1074 1422 182,
1107 1379 1169 1414 lib.
1198 1381 1230 1413 11
1258 1378 1454 1423 Antholog.
1476 1377 1595 1411 Latin.
1631 1377 1728 1411 Vate

985 1429 1186 1474 Syracosio
1198 1433 1263 1461 etc.
1288 1426 1424 1461 Eodem
1441 1424 1624 1459 referebat
1641 1435 1728 1457 ver-

985 1488 1062 1510 sum
1079 1476 1154 1509 Ecl.
1171 1476 1235 1517 VI,
1254 1476 1273 1510 1
1290 1474 1420 1508 Prima
1438 1472 1639 1519 Syracosio
1651 1473 1728 1504 Ou-

987 1524 1089 1558 dinus
1118 1522 1156 1556 in
1176 1522 1334 1568 Discept.
1363 1520 1409 1554 de
1435 1519 1556 1554 Culice
1582 1516 1730 1564 Virgilii

986 1571 1025 1605 in
1051 1570 1153 1604 Misc.
1184 1571 1287 1604 Obss.
1313 1568 1392 1603 crit.
1423 1579 1505 1601 nov.
1538 1568 1641 1601 Tom.
1665 1567 1729 1607 IV,

987 1631 1070 1666 pag.
1101 1618 1183 1654 308.
1247 1618 1303 1650 De
1338 1614 1552 1650 iuvenilibus
1584 1611 1732 1659 Virgilii

987 1665 1212 1714 poematibus
1242 1670 1327 1712 post
1353 1663 1511 1697 virorum
1531 1661 1731 1703 doctorum,

990 1714 1097 1748 etiam
1124 1711 1238 1747 Ruaei
1266 1712 1303 1745 in
1335 1710 1420 1745 Vita
1447 1708 1590 1754 Virgilii
1620 1709 1666 1742 ad
1699 1721 1730 1742 a.

989 1763 1061 1798 696
1079 1759 1340 1806 disputationes
1352 1784 1361 1801 ,
1385 1757 1554 1791 iudicium
1570 1762 1734 1790 nostrum

990 1809 1027 1843 in
1047 1807 1244 1842 Prooemiis
1264 1806 1310 1841 ad
1327 1804 1467 1839 minora
1485 1802 1631 1849 Virgilii
1651 1815 1734 1837 car-

990 1855 1085 1891 mina
1106 1862 1143 1890 et
1161 1854 1344 1889 Catalecta
1358 1851 1562 1887 adiecimus.
1594 1852 1735 1885 Interea

991 1904 1082 1938 haec
1108 1914 1254 1937 monere
1292 1899 1465 1935 sufficiat:
1506 1899 1630 1933 Fuisse
1663 1898 1735 1933 ali-

993 1951 1134 1997 quando
1170 1949 1326 1984 Culicem
1354 1947 1564 1993 inscriptum
1594 1957 1736 1981 carmen

991 1997 1139 2044 Virgilii
1161 1997 1294 2044 passim
1317 1995 1479 2030 habitum
1508 1994 1615 2028 docet
1634 1994 1736 2027 Mar-

993 2046 1090 2081 tialis
1109 2046 1217 2088 XIV,
1243 2043 1313 2081 185
1330 2044 1467 2091 Accipe
1475 2040 1642 2089 facundi
1661 2044 1736 2075 Cu—

994 2095 1121 2136 licem,
1147 2093 1338 2133 studiose,
1364 2090 1555 2131 Maroni33
1585 2095 1623 2122 et
1641 2089 1736 2131 VIII,

994 2141 1116 2188 Epigr.
1148 2141 1206 2184 56,
1231 2141 1287 2176 19.
1314 2140 1362 2174 20
1379 2138 1561 2172 Protinus
1585 2137 1739 2171 Italiam

995 2189 1164 2237 concepit
1197 2195 1234 2221 et
1268 2197 1374 2221 arma
1410 2186 1624 2231 virumque,
1668 2184 1741 2228 Qui

996 2237 1104 2271 modo
1122 2236 1186 2270 vix
1206 2235 1356 2269 culicem
1367 2234 1537 2280 fleverat
1560 2244 1624 2266 ore
1639 2231 1739 2266 rudi.

996 2287 1140 2319 Sueton.
1172 2282 1211 2316 in
1236 2281 1324 2317 Vita
1350 2279 1503 2314 Lucani:
1546 2286 1588 2313 ut
1603 2298 1648 2304 --
1670 2290 1742 2313 sua

998 2344 1080 2365 cum
1103 2329 1263 2378 Virgilio
1286 2339 1526 2376 comparans,
1552 2338 1670 2361 ausus
1692 2326 1743 2360 sit

1000 2379 1141 2412 dicere:
1177 2384 1214 2411 et
1241 2382 1410 2423 quantum
1440 2373 1530 2408 mihi
1555 2380 1666 2408 restat
1695 2372 1744 2407 ad

1000 2424 1183 2459 Culicem?
1216 2423 1350 2458 Statius
1383 2422 1467 2457 silv.
1493 2421 1538 2465 11,
1561 2422 1597 2461 7,
1622 2420 1671 2458 74
1696 2420 1742 2454 de

1000 2474 1144 2507 Lucano
1159 2484 1167 2506 :
1203 2474 1309 2506 Haec
1323 2472 1447 2520 primo
1464 2469 1614 2504 iuvenis
1631 2479 1745 2503 canes

1003 2519 1070 2554 sub
1100 2532 1191 2554 aevo
1217 2522 1319 2554 Ante
1347 2529 1468 2552 annos
1492 2516 1629 2550 Culicis
1653 2517 1744 2550 Ma—

1004 2568 1175 2609 roniani3
1212 2573 1249 2601 et
1278 2566 1396 2611 praef.
1427 2564 1510 2599 Silv.
1537 2563 1602 2597 lib.
1624 2564 1660 2606 1,
1683 2561 1745 2596 ubi

1004 2621 1148 2649 veretur
1165 2614 1211 2648 de
1230 2612 1421 2648 Thebaide
1443 2611 1597 2645 edenda:
1623 2610 1690 2645 sed
1706 2617 1746 2644 et

1008 2662 1166 2696 Culicem
1198 2661 1356 2709 legimus
1383 2667 1420 2694 et
1450 2659 1746 2705 Batrachomyo-

1008 2710 1190 2743 machiam
1227 2710 1338 2742 etiam
1375 2706 1627 2755 agnoscimus;
1678 2716 1749 2739 nec

1010 2757 1203 2802 quisquam
1226 2764 1284 2789 est
1309 2755 1514 2790 illustrium
1536 2761 1747 2801 poetarum,

1009 2803 1074 2849 qui
1099 2815 1175 2837 non
1203 2802 1346 2849 aliquid
1367 2799 1539 2849 operibus
1564 2801 1645 2834 suis
1661 2799 1748 2834 stilo

1012 2850 1220 2884 remissiore
1253 2849 1494 2896 praeluserit.
1558 2847 1748 2882 Enimvero

1011 2902 1072 2929 aut
1092 2897 1201 2930 Culex
1226 2896 1289 2930 ille
1309 2895 1456 2941 Virgilii
1478 2893 1683 2939 intercidit,
1715 2899 1751 2927 et

1010 2942 1041 2976 is
1057 2969 1065 2985 ,
1102 2956 1205 2989 quem
1235 2944 1424 2985 habemus,
1466 2954 1487 2976 a
1510 2940 1750 2976 Grammatico

1013 2990 1217 3036 suppositus
1251 2991 1326 3025 eius
1345 2989 1480 3025 nomini
1506 2996 1580 3033 est,
1604 2994 1665 3024 aut
1681 2987 1751 3023 mi-
