1734 3320
52 0 92 26 „m
106 0 148 19 ’ὟΥ
224 4 226 7 ’

0 0 60 87 r

3 193 27 231 ἐ

2 304 31 347 5

311 192 801 284 GEoRmcoN
835 233 978 285 LIB.
1013 235 1120 299 111,
1158 241 1384 291 86—96
1508 243 1611 293 519

86 359 228 426 Talis
252 367 308 409 et
324 359 439 426 ipse
458 359 643 410 iubam
667 361 874 410 cervice
898 358 1095 410 effudit
1120 364 1315 429 equina

84 429 341 495 Coniugis
360 429 595 480 adventu
612 431 801 497 pernix
825 433 1108 494 SaturnuS,
1148 441 1202 481 et
1219 432 1386 483 altum

81 500 275 551 Pelion
291 499 506 551 hinnitu
529 499 740 566 fugiens
759 501 983 569 inplevit
1004 511 1175 552 acut0.

151 573 311 623 Hunc
347 587 593 639 quoque,
637 572 733 622 ubi
775 582 865 623 aut
902 572 1102 622 morbo
1146 572 1339 638 graviS‚
1383 582 1471 623 aut
1502 574 1607 623 iam

873 643 1091 707 segnior
1112 643 1263 692 annis
1540 648 1607 696 95

54 726 58 727 ’
81 709 302 775 Deficit,
338 709 479 762 abde
505 711 703 774 domo;
739 729 842 763 nec
862 714 1006 781 turpi
1029 714 1246 779 ignosce
1264 722 1524 765 senectae.

126 852 176 888 92
198 849 359 896 ffundit
374 851 499 886 Heius.
521 853 702 899 reposuit,
726 861 840 888 motus
857 854 1069 889 auctoritate
1089 853 1260 896 Romani,
1283 853 1437 888 Medicei
1458 861 1492 887 et
1514 853 1607 887 alio-

79 910 158 932 rum
173 897 350 933 vetustiss.
369 899 474 933 codd.
521 901 579 934 Sic
607 908 642 935 et
672 909 742 934 tres
770 915 828 947 ap.
854 903 1015 944 Martin.;
1052 902 1145 936 ratio
1164 909 1282 935 tamen
1299 909 1415 934 tuetur
1432 901 1608 945 vulgatam

79 944 229 980 alteram
250 945 440 979 multorum
456 947 664 981 lectionem:
691 948 833 994 effudit.
882 950 940 984 Sic
970 957 1008 983 et
1023 957 1171 995 uterque
1194 948 1304 982 Goth.
1343 947 1454 994 fudit
1471 948 1608 993 aliquot

0 1035 2 1037 ‚
78 992 257 1036 Pien'ani,
282 999 320 1027 et
338 994 440 1027 Leid.
457 1006 479 1027 a
498 1007 542 1029 m.
563 1007 617 1040 pr.
665 996 744 1043 ipse
772 1009 909 1030 comam
933 998 1065 1031 Moret.
1085 997 1146 1030 alt.
1173 1003 1209 1029 et
1231 996 1396 1029 Rottend.
1414 1002 1496 1029 tert.
1544 997 1607 1029 iu—

80 1039 163 1074 bam
180 1041 221 1075 in
237 1042 380 1075 cervice
400 1041 509 1076 Goth.
527 1055 598 1076 sec.
646 1045 816 1089 equinam
836 1045 977 1089 Menag.
996 1057 1052 1089 pr.
1078 1052 1113 1078 et
1134 1043 1270 1077 Zulich.
1288 1055 1366 1076 cum
1379 1043 1452 1076 Erf.
1472 1038 1480 1044 ⁹
1501 1044 1606 1088 equi-

79 1100 154 1122 nae
170 1087 336 1126 Rottend.
352 1088 454 1123 alter.

383 1134 386 1135 ⁷
548 1090 595 1125 95
619 1091 719 1124 Iiinc
739 1090 869 1125 Medic.
915 1094 1045 1138 gravis
1071 1104 1092 1125 a
1114 1090 1224 1124 Goth.
1243 1102 1311 1134 pr„
1347 1096 1383 1123 et
1411 1091 1485 1123 iam
1504 1090 1607 1123 abest

80 1147 107 1172 a
128 1133 244 1180 Regio
272 1135 417 1170 Max-tin.
465 1138 616 1184 segnior
644 1146 752 1171 aetas
778 1139 969 1172 Romanus.
1019 1151 1144 1172 annus
1162 1137 1219 1171 ed.
1242 1137 1404 1170 Norimb.

1498 1137 1607 1172 96et

79 1183 186 1229 turpi
201 1187 264 1215 aut
279 1184 453 1230 turpique
469 1184 656 1218 emendare
673 1184 819 1219 voluere
838 1186 905 1219 viri
925 1186 1023 1220 docti
1048 1185 1144 1231 apud
1170 1186 1298 1226 Burm„
1332 1183 1398 1218 sed
1418 1182 1490 1217 vid.
1519 1184 1605 1217 Not.

79 1236 231 1263 senecta
250 1229 343 1264 Gna.
360 1242 382 1264 a
398 1242 444 1264 m.
464 1242 518 1277 pr.

77 1334 259 1376 Homero
278 1335 394 1376 Iliad.
413 1353 450 1389 o,
476 1340 560 1380 119
577 1339 676 1378 noti.
713 1339 820 1378 Male

80 1393 249 1434 Servius
278 1399 436 1449 Δεῖμον
472 1402 515 1434 et
549 1393 712 1449 Φόβον,
747 1398 819 1450 qui

77 1451 220 1492 Martis
239 1450 337 1492 sunt
364 1454 532 1493 comites
558 1468 607 1493 ac
623 1455 717 1505 filii,
749 1469 817 1495 eos

79 1511 302 1566 appellatos
328 1512 467 1551 tradit.
496 1527 635 1551 olm-tes
665 1514 816 1552 Achil·—

77 1571 145 1619 lis,
165 1568 207 1608 h.
232 1570 324 1622 equi
344 1571 454 1624 apud
467 1571 632 1611 Homer.
643 1572 757 1611 Iliad.
768 1588 811 1618 π,

79 1627 163 1670 148
180 1641 239 1680 sq.
286 1630 355 1671 92.
382 1629 522 1668 Talem
540 1631 714 1669 formam
735 1629 814 1668 ha-

75 1686 200 1725 bebat
218 1685 280 1740 (at
295 1701 417 1739 quam
436 1696 579 1729 ornate
598 1688 680 1727 hoc
691 1695 814 1742 poeta

77 1743 277 1801 extulit!)
310 1747 511 1785 Saturnus
526 1778 538 1797 ,
589 1761 683 1786 cum
721 1747 814 1799 equi

76 1803 251 1857 speciem
288 1805 538 1844 assumsisset
555 1835 567 1855 ,
616 1813 665 1844 ut
700 1806 814 1844 furta

77 1876 151 1902 sua
186 1876 281 1902 eum
321 1862 486 1916 Philyra
504 1894 516 1914 ‚
557 1864 707 1903 Oceani
731 1863 814 1902 filia

77 1918 216 1974 (unde
252 1920 406 1960 Chiron
435 1921 606 1976 natus),
626 1923 669 1961 in
703 1922 812 1961 Pelio

76 1978 207 2032 Opem
237 1980 400 2019 celaret.
426 1981 511 2020 vid.
546 1980 733 2033 Apollon.
760 1981 810 2031 11,

78 2039 191 2080 1236
211 2051 270 2090 sq.
301 2038 489 2091 Apollod.
515 2039 546 2088 1,
579 2042 619 2087 2,
648 2038 687 2080 4.
718 2039 810 2091 Hy-

75 2095 155 2148 gin.
174 2097 201 2135 f.
222 2098 317 2138 138.
348 2097 504 2135 Probus
522 2097 576 2134 ad
592 2096 635 2135 h.
644 2097 671 2135 l.
694 2094 809 2149 (ipse,

75 2153 161 2193 vid.
181 2154 232 2203 Q.
254 2154 302 2193 V.
321 2155 467 2204 XVIII,
486 2157 526 2203 2,
553 2154 580 2193 i.
615 2156 686 2193 JV
679 2153 729 2208 r.)

131 2214 201 2254 96.
231 2212 381 2251 Parum
414 2213 634 2251 diuturnus
667 2218 728 2250 est
746 2212 813 2251 vi-

74 2284 149 2323 gor
163 2270 256 2323 equi
286 2270 529 2310 admissarii:
567 2269 665 2308 hinc
679 2283 813 2308 neces-

75 2329 176 2367 sitas
202 2329 408 2382 imposita,
449 2328 620 2368 subinde
637 2328 812 2367 submit-

73 2387 191 2426 tendi
218 2388 343 2426 alium
375 2385 461 2441 (VS.
482 2386 579 2441 73).
616 2386 719 2425 abde
736 2387 813 2424 do-

79 2460 147 2483 mo
158 2461 176 2494 ;
207 2460 280 2484 nee
306 2448 416 2497 turpi
435 2448 599 2497 ignosce
613 2453 805 2483 senectae.

80 2504 203 2543 Varie
227 2510 413 2542 tentatus
449 2504 500 2542 ab
525 2504 659 2556 Intpp.
684 2503 811 2542 locus.

75 2562 162 2601 Etsi
187 2575 273 2601 non
299 2562 444 2612 video,
474 2562 574 2614 quid
600 2561 810 2613 impediat,

79 2634 162 2672 quo
201 2621 336 2659 minus
374 2634 502 2671 equus
540 2620 808 2669 admissarius,

76 2678 147 2730 qui
165 2679 216 2717 ab
238 2679 431 2717 armentis
446 2684 683 2718 removetur
702 2684 743 2716 et
764 2678 809 2716 in

77 2736 239 2775 stabulo
266 2737 319 2775 ad
345 2751 448 2789 opus
475 2736 707 2776 faciendum
729 2735 809 2774 ha-

76 2794 215 2843 betur,
266 2795 385 2833 domo
426 2794 525 2833 abdi
566 2795 645 2833 dici
682 2794 811 2847 possit

78 2850 275 2905 (persistit
303 2866 464 2903 quoque
486 2854 529 2891 in
556 2853 636 2892 hoc
654 2853 809 2891 tuendo

76 2910 257 2949 Ouwens
277 2910 326 2948 N.
351 2910 452 2962 Hag.
480 2925 520 2963 p.
542 2912 640 2961 585,
661 2917 702 2949 et
719 2911 811 2949 lau-

81 2968 154 3007 dat
171 2968 315 3007 Horat.
336 2967 355 3005 Ι
373 2968 500 3020 Epist.
520 2961 567 3018 x1,
584 2971 611 3011 5
632 2969 683 3007 de
701 2982 810 3006 eme-

76 3027 158 3066 rito
208 3026 431 3079 gladiatore
450 3041 459 3064 :
506 3026 604 3064 lacet
649 3025 811 3065 abddus

876 1338 1012 1394 agro).
1075 1339 1205 1378 Litem
1240 1343 1377 1376 tamen
1415 1337 1606 1376 dirimere

874 1397 1008 1437 videri
1034 1397 1154 1436 debet
1177 1395 1400 1435 Nemesiani
1431 1395 1604 1436 imitatio

875 1457 1020 1508 Cyneg.
1056 1455 1132 1498 141
1148 1486 1159 1506 ‚
1198 1455 1270 1494 ubi
1297 1454 1347 1493 de
1376 1453 1604 1493 catulisre-

874 1515 982 1553 centi
998 1520 1122 1567 partu
1141 1513 1275 1552 editis:
1302 1514 1375 1551 Sin
1394 1527 1485 1551 veno
1502 1512 1604 1550 haec

872 1587 971 1611 cura
996 1581 1074 1622 est,
1112 1573 1254 1610 melior
1282 1585 1332 1609 ne
1352 1571 1466 1622 forte
1491 1585 1602 1608 nece-

870 1639 958 1681 tur,
991 1630 1230 1670 Abdaturve
1246 1629 1367 1668 domo
1376 1643 1388 1679 3
1423 1629 1603 1666 catulos-

872 1704 948 1742 que
978 1689 1151 1741 probare
1176 1688 1364 1727 voluntas
1379 1703 1391 1725 .·
1431 1686 1504 1726 ubi
1528 1700 1603 1739 ap-

871 1754 989 1800 paret
1026 1758 1132 1798 esse,
1180 1746 1357 1784 abdatur
1397 1759 1426 1783 a
1463 1744 1598 1793 domo,

872 1812 1134 1855 amoveatur,
1169 1809 1441 1843 removeatur.
1474 1801 1601 1856 (quod

871 1870 993 1916 negat
1030 1864 1218 1912 Vossius,
1259 1875 1382 1914 supra
1417 1861 1605 1914 proposi-

869 1929 955 1962 tam
972 1921 1350 1975 interpretationem
1375 1920 1602 1972 amplexus5

868 1988 1003 2030 recte,
1034 1981 1110 2019 nisi
1131 1981 1262 2019 fallor.
1309 1978 1419 2017 [dem
1438 1977 1602 2017 Husch-

868 2040 938 2078 kio
955 2039 1121 2078 videtur
1131 2038 1184 2076 ad
1195 2038 1284 2076 Tib.
1295 2037 1344 2085 Π,
1355 2039 1396 2085 3,
1406 2037 1474 2079 65.
1487 2034 1600 2089 Wr.)

867 2097 1139 2136 Advocarunt
1167 2096 1274 2134 etin
1303 2094 1477 2132 eundem
1508 2107 1602 2132 sen-

872 2169 963 2193 sum
997 2160 1218 2193 traxerunt
1249 2154 1384 2191 locum
1415 2158 1600 2191 nostrum

870 2214 1020 2265 Intpp.,
1056 2218 1105 2251 ut
1137 2218 1273 2250 tamen
1304 2223 1516 2263 perperam
1548 2209 1601 2247 ad

871 2272 1003 2310 solum
1031 2268 1076 2311 τὸ
1107 2270 1295 2319 vendere,
1343 2268 1455 2320 quod
1483 2268 1600 2307 nimis

871 2336 1087 2381 angustum
1104 2334 1185 2379 est,
1215 2332 1467 2367 revocarent.
1519 2327 1599 2364 Co-

869 2388 980 2440 piose
1009 2400 1171 2439 quoque
1201 2386 1251 2425 de
1277 2384 1319 2423 h.
1339 2385 1365 2424 l.
1391 2385 1470 2437 egit
1490 2385 1599 2423 Gro-

868 2459 965 2485 nov.
985 2445 1035 2483 de
1054 2446 1143 2484 Pec.
1165 2445 1255 2484 Vet.
1277 2443 1344 2493 IV,
1366 2446 1405 2485 8.
1443 2442 1599 2482 Abdere

869 2510 930 2542 est
960 2504 1125 2556 proprie
1151 2503 1248 2542 dare
1280 2501 1351 2539 abs
1379 2515 1443 2550 se,
1484 2515 1598 2539 amo-

868 2575 976 2611 vere,
1006 2562 1185 2600 reiicere.
1243 2561 1327 2599 Iam
1345 2567 1482 2598 autem
1500 2565 1598 2612 pot-

868 2627 929 2659 est
957 2620 1109 2671 aliquid
1141 2619 1240 2658 abdi
1258 2618 1324 2658 vel
1342 2633 1370 2656 α
1392 2619 1503 2667 loco,
1533 2617 1599 2656 vel

866 2679 910 2717 in
932 2679 1054 2717 alium
1072 2679 1229 2726 locum,
1259 2683 1307 2715 ut
1324 2679 1367 2714 in
1387 2691 1431 2714 eo
1460 2688 1597 2714 serve-

866 2743 958 2786 tur,
990 2736 1262 2775 abscondatur
1277 2766 1288 2784 ,
1323 2747 1417 2786 ergo
1439 2736 1480 2771 in
1494 2734 1596 2771 loco.

867 2795 985 2833 Unde
1015 2795 1168 2847 duplex
1194 2808 1292 2832 usus
1313 2792 1427 2831 verbi
1450 2791 1596 2829 abdere

868 2867 962 2892 cum
984 2867 1081 2892 casu
1099 2858 1234 2890 sexto:
1258 2850 1355 2889 ahda·
1370 2850 1502 2897 domo,
1523 2848 1549 2886 i.
1562 2861 1595 2886 e.

867 2927 895 2950 a
911 2912 1029 2950 domo
1044 2942 1055 2961 ,
1081 2917 1123 2949 et
1141 2924 1239 2949 vero
1260 2909 1380 2946 etiam
1401 2909 1443 2944 in
1464 2907 1594 2944 domo.

866 2970 946 3008 Res
974 2970 1031 3008 sic
1062 2969 1157 3007 satis
1182 2967 1312 3006 obvia.
1370 2965 1511 3017 Itaque
1532 2978 1595 3017 ap.

867 3027 1016 3066 Tibull.
1043 3027 1102 3076 H,
1139 3028 1183 3074 1,
1211 3027 1268 3066 82
1312 3023 1408 3060 hinc
1448 3022 1599 3074 procul
