1768 3320
371 218 886 303 DE‘CARMINE
923 252 1341 304 Bucomco
1556 264 1618 312 19

95 376 428 429 constituisse
475 374 680 429 feratur
726 378 834 429 iam
884 378 1027 429 inter
1062 381 1301 430 Maronis
1351 384 1620 449 aequales:

95 448 361 513 Tityrus
397 456 460 498 et
495 445 721 514 fruges
750 448 1142 517 Aeneiaque
1181 467 1361 502 arma
1399 451 1621 518 legen-

91 527 224 583 tur,
286 519 494 569 Roma
550 517 953 585 triumphati
1000 519 1152 571 dum
1200 530 1392 588 caput
1442 523 1622 573 orbis

93 588 244 648 erit;
290 587 405 655 ipse
435 596 616 638 autem
645 592 798 639 Maro
827 587 938 642 Ecl.
966 592 1014 640 X
1044 607 1125 657 pr.
1159 589 1331 643 finem
1358 592 1623 643 Bucolicis

91 674 150 711 se
178 659 465 726 imponere
494 657 636 711 velle
662 657 997 726 profiteatur.

227 731 311 781 De
338 737 645 796 tempore
680 738 734 779 et
766 729 1004 780 ordine
1023 729 1420 796 Eclogarum
1442 731 1510 782 ad
1530 733 1623 783 Vi-

89 807 202 850 tam
244 797 480 864 Virgilii,
551 799 782 850 maxime
824 799 891 850 ad
940 817 981 852 a.
1034 806 1136 853 717
1148 839 1162 863 ,
1239 802 1361 854 satis
1402 802 1622 869 copiose

95 868 424 936 disputatum
453 885 569 920 esse
599 869 933 921 arbitramur.
968 871 1313 924 Monendum
1348 871 1524 926 adhuc
1553 872 1623 924 de

91 938 417 1006 allegoria
452 939 778 1005 Eclogarum
829 940 1059 1006 Virgilii,
1117 941 1173 991 in
1219 959 1323 1009 qua
1365 941 1468 992 dici
1507 959 1621 994 non

89 1018 293 1077 potest,
350 1027 515 1078 quam
554 1027 747 1060 vanam
791 1019 846 1060 et
879 1011 1097 1062 inanem
1123 1027 1347 1078 operam
1378 1030 1405 1063 a
1436 1014 1621 1065 Servio

90 1079 220 1132 inde
246 1080 344 1132 viri
378 1079 524 1131 docti
556 1081 966 1133 consumserint.
1035 1083 1104 1132 Et
1136 1082 1351 1132 Servius
1382 1083 1623 1150 quidem,

91 1167 217 1202 cum
246 1150 428 1216 exigua
459 1152 977 1203 commentariorum
1003 1168 1126 1218 pars
1146 1152 1367 1220 antiquo
1399 1152 1475 1203 illi
1494 1155 1622 1220 Ser-

89 1221 176 1273 vio
208 1220 490 1285 debeatur,
525 1230 609 1271 tot
644 1230 866 1289 tamque
898 1222 1052 1275 variis
1086 1231 1139 1273 et
1171 1222 1236 1272 ab
1269 1224 1421 1276 omni
1453 1223 1622 1275 histo-

88 1291 198 1343 riae
228 1290 339 1343 fide
376 1291 561 1343 alienis
589 1292 912 1344 commentis
954 1301 1008 1343 et
1036 1293 1190 1358 nugis
1230 1295 1621 1345 consarcinatus

92 1370 194 1426 est,
228 1371 290 1413 ut
317 1362 611 1430 unicuique
644 1363 869 1427 argutias
898 1363 1127 1430 captanti
1156 1379 1348 1428 magna
1377 1365 1498 1414 satis
1530 1381 1621 1415 co-
1652 1398 1661 1413 x

88 1433 175 1499 pia
203 1433 460 1483 materiae
492 1432 560 1482 ad
589 1449 815 1485 manum
844 1432 923 1485 sit.
997 1434 1255 1484 Catroeus
1287 1442 1492 1497 autem,
1529 1452 1621 1485 cu-

90 1503 171 1552 ius
198 1502 487 1552 vanitatem
515 1501 769 1565 utferas,
824 1517 1018 1567 magna
1058 1503 1221 1552 animi
1264 1504 1528 1571 aequitate
1569 1513 1622 1554 et

89 1572 343 1639 patientia
373 1588 509 1639 opus
551 1575 655 1637 est‚'
707 1581 985 1640 tamquam
1022 1573 1064 1622 si
1096 1573 1151 1622 in
1180 1575 1512 1624 Romanensi
1541 1572 1620 1624 fa-

88 1641 218 1692 bula
234 1651 557 1704 versaretur,
595 1642 733 1692 adeo
762 1641 934 1692 multa
964 1658 1102 1691 nova
1128 1651 1180 1692 et
1202 1651 1313 1692 tam
1336 1642 1620 1694 confiden-

88 1721 173 1763 ter
188 1713 446 1762 mentitus
464 1713 630 1778 magis
653 1729 816 1780 quam
851 1721 1192 1762 commentus
1214 1722 1317 1778 est,
1364 1722 1424 1762 ut
1456 1714 1620 1764 inter-

92 1782 250 1847 dum,
287 1798 548 1850 quorsum
571 1799 786 1832 evasura
807 1799 894 1832 res
918 1783 1006 1845 sit,
1042 1782 1204 1850 plane
1224 1781 1455 1835 haereas,
1513 1787 1619 1835 Ve-

88 1870 213 1904 rum
234 1869 296 1903 ex
312 1852 534 1920 reliquis
556 1853 715 1903 etiam
726 1852 1131 1920 InterpretibuS,
1156 1853 1247 1920 qui
1267 1853 1473 1903 maiore
1497 1870 1619 1903 cum

88 1923 316 1990 pudore,
353 1923 532 1973 iudicii
554 1924 799 1973 acumine
824 1932 877 1973 et
895 1923 1130 1985 veritate,
1165 1922 1389 1988 Eclogas
1410 1940 1619 1974 enarra—

88 2002 258 2056 runt‚'
285 1993 369 2042 vix
399 1994 682 2061 quisquam
707 2002 809 2055 est,
858 1994 949 2060 qui
980 1993 1045 2042 ab
1080 2010 1145 2042 eo
1166 1993 1363 2043 morbo
1395 1994 1619 2043 intactus

88 2063 357 2114 manserit.
413 2064 575 2126 Quod
603 2064 646 2113 si
666 2064 721 2112 in
742 2062 1042 2126 nonnulliS‚
1077 2071 1138 2112 ut
1159 2064 1213 2112 in
1234 2065 1272 2115 Ι.
1292 2065 1376 2115 ΙΧ.
1397 2066 1458 2126 Χ,
1490 2063 1619 2113 alle-

89 2134 271 2200 goriae
314 2132 464 2183 locus
494 2132 889 2201 relinquendus
924 2141 1027 2196 est,
1079 2133 1190 2182 eius
1219 2142 1402 2183 tamen
1433 2143 1618 2183 natura

92 2202 359 2254 eiusmodi
381 2212 483 2266 est,
516 2213 578 2254 ut
599 2212 762 2270 poeta
783 2203 1086 2253 universam
1107 2219 1227 2252 rem
1247 2202 1425 2253 fabula
1448 2220 1619 2253 arces-

92 2275 187 2323 sita
207 2273 506 2338 involvisse,
529 2273 759 2339 singulas
779 2289 909 2323 vero
934 2282 1111 2339 partes
1130 2274 1349 2340 proprie
1372 2283 1618 2323 tractasse

90 2345 306 2411 suisque
327 2345 656 2394 ornamentis
677 2343 987 2394 honestasse
1010 2342 1180 2393 videri
1203 2342 1409 2394 debeat.
1473 2343 1618 2394 Nihil

90 2415 270 2482 itaque
290 2430 392 2463 nec
414 2413 665 2476 odiosiuS,
684 2430 786 2465 nec
809 2431 837 2463 a
854 2414 934 2463 rei
954 2413 1161 2463 ratione
1180 2414 1346 2478 magis
1368 2413 1617 2476 alienum,

95 2501 258 2552 quam
287 2484 516 2549 singulas
545 2484 833 2534 sententias
861 2483 928 2533 ad
958 2482 1241 2548 allegoriae
1272 2483 1616 2533 subtilitatem

90 2570 342 2604 revocare
361 2553 502 2608 velle
513 2557 578 2620 *).
628 2551 839 2604 Sufficit
857 2572 902 2605 v.
924 2570 965 2605 c.
986 2553 1041 2601 in
1061 2553 1233 2620 prima
1251 2552 1453 2618 Virgilii
1474 2552 1616 2603 eclo-

92 2638 157 2688 ga
190 2633 394 2688 tenere‚
426 2641 777 2674 communem
807 2623 1054 2673 omnium
1073 2631 1384 2689 temporum
1404 2623 1615 2689 opinio-

93 2709 223 2743 nem
243 2710 371 2757 esse‚
390 2694 671 2759 Virgilium
693 2695 888 2761 partim
909 2692 976 2743 ad
997 2709 1147 2743 suam
1170 2693 1365 2759 partim
1386 2693 1453 2742 ad
1466 2696 1615 2742 Man-

142 2809 168 2853 ⁸)
179 2810 301 2852 Recte,
320 2811 478 2856 quisquis
498 2812 559 2845 ille
579 2818 633 2845 est
642 2813 827 2845 Gramma—
885 2817 951 2844 etc.
966 2837 975 2852 ‚
1020 2817 1056 2843 et
1076 2810 1114 2843 in
1132 2809 1307 2844 Servianis
1325 2810 1367 2843 ad
1387 2809 1461 2843 Ecl.
1482 2811 1541 2850 111,
1558 2809 1615 2843 ΞΟ.

95 2856 184 2889 tiens
196 2882 205 2897 ,
228 2857 266 2889 iu
283 2858 428 2891 attextis
446 2858 553 2893 Vitae
571 2858 699 2903 Virgil.
720 2859 750 2903 §-
768 2859 827 2894 99.
883 2856 1123 2903 Resutandae
1132 2865 1221 2890 sunt
1240 2857 1440 2903 allegoriae
1454 2857 1492 2888 in
1505 2854 1615 2887 buco-

94 2903 198 2936 Illud
231 2905 426 2938 tenendum
459 2918 539 2938 esse
570 2906 828 2951 praedicimus,
884 2905 954 2938 lico
965 2905 1135 2945 carmine,
1152 2904 1227 2936 nisi
1236 2916 1326 2944 cum,
1346 2911 1386 2935 ut
1396 2914 1509 2947 supra
1519 2901 1615 2933 dixi-

96 2951 134 2983 in
146 2950 328 2983 Bucolicis
352 2952 500 2997 Virgilii
515 2964 633 2997 neque
647 2964 828 2997 nusquam
884 2962 965 2984 mus
985 2951 1043 2995 (ad
1054 2950 1125 2983 Ecl.
1135 2951 1162 2991 1,
1174 2950 1232 2993 1.),
1252 2962 1297 2982 ex
1309 2949 1434 2993 aliqua
1443 2959 1616 2993 agrorum
1694 2958 1697 2961 ·

95 3009 212 3042 neque
245 2994 374 3040 ubique
401 2998 541 3042 aliquid
556 2999 728 3044 figurate
758 2998 831 3031 dici
883 2997 1111 3043 perditorum
1135 2997 1353 3029 necessitate
1380 2993 1615 3027 descendunt.

1240 3063 1335 3108 2*
