1768 3320
0 204 10 213 .,

0 212 10 233 ε

0 232 11 276 ἵ

469 216 880 291 mames
916 217 1222 267 morsm
1458 235 1610 270 cmx

193 353 339 394 θοι-ἕω
353 302 559 401 Ᾰίαεία,
583 348 660 402 qui
676 347 765 388 aliis
788 345 1011 387 Artabazes
1035 345 1123 386 sive
1141 345 1390 386 Artavasdes
1402 377 1414 397 ,
1438 364 1517 400 per
1532 350 1610 389 do-

71 415 162 454 tum
181 412 530 466 pmpenqmmm,
564 407 688 447 datus
716 422 746 446 a
777 406 951 445 caesare
976 405 1184 444 Amatis
1202 402 1365 459 (maiori
1379 406 1613 461 Armeffiae)

0 1479 14 1689 Δι--φι-,ν-ςγυ-ε-
0 1400 25 1440 *ιχ
0 1294 22 1391 ‘sss—7-
0 1268 7 1283 J
0 1181 7 1259 „ww-v-
0 1154 9 1170 ,ω
0 1071 12 1141 *ww-‚v
0 1008 3 1020 -Ἴ
0 740 14 995 -ιτςτνεαε-τνςς-ηηῃᾲ-
0 663 18 733 *mh*
0 595 12 651 *ue-2,
0 555 7 587 ww
0 508 5 517 v»

79 472 299 524 Tigranes,
337 467 611 520 deductusque
628 467 674 505 in
700 478 875 517 mgnum
901 478 932 503 a
957 462 1115 502 Tiberio
1134 463 1301 501 Nerone
1319 463 1447 503 Tacit.
1465 465 1612 505 Annal.

71 529 124 580 Π,
153 530 194 572 8.
220 526 307 567 vid.
342 525 421 566 Dio
449 525 550 574 LIV,
579 527 607 568 9
633 529 675 562 et
706 523 766 563 ibi
794 522 953 562 Fabric.
988 521 1094 561 Add.
1118 520 1259 560 Vellei.
1290 521 1339 570 11,
1360 522 1430 572 94,
1449 525 1476 564 3
1498 529 1540 562 et
1556 524 1614 562 ibi

72 585 243 634 Ruhnk.
299 584 410 625 Hinc
424 582 581 636 Virgilii
613 581 719 622 illud
746 582 819 621 Ge.
836 580 906 631 111,
940 582 997 623 30
1017 580 1272 632 pulsumque
1290 580 1509 632 Niphaten
1526 579 1614 635 (qui

72 643 287 687 Armeniae
314 657 435 683 mons
464 647 547 692 est,
586 641 692 680 male
721 654 744 678 a
770 639 903 694 poetis
924 638 1135 678 nonnullis
1153 651 1230 691 pro
1249 637 1418 677 flumine
1436 637 1614 690 habitus,

52 730 57 746 2
79 715 259 757 quorum
269 701 363 742 loca
381 700 469 741 vid.
485 699 598 753 apud
612 699 786 739 Masson.
802 698 896 738 vita
915 697 1076 736 Horatii
1108 711 1150 750 p.
1176 699 1261 739 306
1279 695 1384 752 sqq.)
1404 697 1616 737 illustrant

53 761 155 803 viri
175 760 300 801 docti.
358 759 443 800 Sed
465 758 521 798 ad
546 771 613 798 res
639 771 734 797 eum
764 755 926 796 Parthis
955 769 992 795 a.
1027 753 1113 798 724
1143 760 1369 794 transactas
1396 756 1549 796 referre
1567 769 1616 794 ea

73 824 264 875 praestat.
323 817 544 858 ominatur
563 823 686 870 poeta
706 822 916 868 tamquam
937 814 982 854 in
1017 813 1213 854 vaticinio
1241 819 1414 854 eventus
1441 815 1616 865 futuros,

75 892 162 920 non
181 890 248 918 res
261 889 361 917 vere
378 882 508 930 gestas
525 881 701 914 enarrat.

192 935 228 976 E
246 934 364 989 Syria
383 934 590 988 Augustus
608 934 652 973 in
675 934 843 972 Samum
866 943 1056 971 reversus
1073 928 1225 968 ibidem
1240 929 1392 969 iterum
1407 929 1618 972 hiemavit.

77 995 331 1047 Frequentes
360 992 431 1034 hic
457 993 513 1032 ad
541 1006 635 1032 eum
659 991 876 1044 legationes
910 994 1195 1029 convenerunt
1215 1017 1227 1038 ,
1268 994 1310 1027 et
1339 989 1431 1029 Indi
1462 1004 1618 1044 pacem,

78 1067 203 1107 quam
224 1058 344 1092 antea
362 1066 437 1107 per
454 1057 639 1091 oratores
657 1050 875 1104 petierant,
907 1054 1011 1087 tunc
1028 1047 1272 1100 interposito
1288 1047 1452 1088 foedere
1468 1062 1619 1088 sanxe-

77 1117 182 1153 runt
209 1116 252 1150 et
278 1110 388 1150 dona
427 1110 641 1150 miserunt.
720 1108 797 1147 Dio
824 1106 924 1157 LIV,
951 1109 992 1149 9.
1031 1105 1092 1145 Cf.
1118 1105 1230 1144 dicta
1258 1119 1347 1158 sup.
1363 1106 1417 1146 ad
1444 1121 1479 1147 a.
1519 1106 1618 1150 724.

80 1170 348 1210 Garamantes
378 1181 541 1221 quoque
570 1167 651 1207 hoc
679 1180 787 1206 anno
809 1165 910 1205 victi
941 1179 964 1202 a
991 1164 1035 1202 L.
1058 1163 1184 1202 Balbo
1203 1163 1379 1215 Procos.‚
1421 1166 1492 1218 qui
1511 1179 1619 1205 anno

81 1234 275 1281 sequente
299 1227 356 1268 VI
380 1226 471 1267 Kal.
500 1226 601 1280 Apr.
637 1239 688 1265 ex
710 1224 850 1264 Africa
880 1221 1176 1275 triumphavit,
1218 1236 1258 1262 v.
1276 1222 1379 1262 Plin.
1399 1224 1447 1274 V,
1477 1224 1519 1275 5,
1550 1224 1620 1277 qui

81 1286 271 1327 classicus
293 1286 409 1326 locus
426 1290 508 1336 est,
540 1291 583 1324 et
602 1284 725 1324 Solin.
750 1285 820 1326 29.
845 1281 952 1321 Add.
973 1281 1121 1334 Intpp.‚
1159 1280 1347 1333 inprimis
1366 1281 1535 1322 Ruhnk.
1567 1283 1627 1322 ad>

80 1345 220 1386 Vellei.
238 1344 288 1395 11,
317 1340 389 1394 51,
414 1358 455 1397 p.
485 1343 586 1393 249,
607 1344 713 1382 forte
743 1347 785 1380 et
805 1341 1052 1380 Nasamones
1074 1339 1219 1389 deleti,
1256 1339 1449 1380 Priscian.
1470 1341 1620 1394 Perieg.

85 1402 183 1448 194.
199 1403 273 1444 ubi
289 1402 342 1442 ef.
364 1403 535 1442 Excurs.
558 1402 612 1441 X.
636 1399 826 1441 Wernsd.
864 1399 973 1437 Bene
996 1398 1133 1450 itaque
1157 1397 1256 1438 Aen.
1282 1397 1358 1449 VI,
1390 1399 1475 1442 795
1496 1414 1623 1452 super

82 1470 121 1501 et
145 1462 415 1502 Garamantas
434 1469 472 1500 et
491 1460 617 1501 Indos
632 1459 814 1512 Prolem
834 1458 1060 1509 imperium.

192 1625 247 1674 C.
284 1624 479 1673 Sentius
516 1537 844 1671 Satumtiiiug'
880 1537 1255 1686 73.5·Lueretius
1297 1619 1520 1683 Vespillo.

448 1721 496 1754 a.
541 1705 595 1753 c,
636 1707 714 1754 19.
792 1703 991 1767 Virgilii
1025 1700 1267 1751 51—52.

189 1783 386 1833 'Donatus
414 1787 459 1826 in
487 1786 583 1827 Vita
612 1784 657 1840 ς.
685 1786 737 1830 51
779 1785 902 1823 Anno
946 1784 1286 1837 quinquagesimo
1326 1783 1501 1822 seeundo
1513 1814 1525 1833 ,
1579 1792 1625 1822 ut

85 1841 276 1886 alaniam
319 1859 491 1884 manum
530 1845 708 1884 Aeneidi
751 1845 972 1895 imponeret
993 1873 1005 1893 ‚
1058 1843 1202 1880 statuit
1229 1843 1273 1879 in
1319 1842 1542 1880 Graeciam
1586 1851 1624 1880 et

85 1904 237 1944 Asiam
271 1903 457 1942 decedere
470 1934 483 1954 ,
528 1906 776 1957 triennioque
805 1902 994 1941 continuo
1033 1914 1192 1939 omnem
1227 1913 1393 1951 operam
1419 1900 1625 1938 limationi

86 1963 186 2002 dare
201 1992 213 2012 ,
255 1969 303 2001 ut
317 1963 476 2015 reliqua
497 1964 586 2001 vita
604 1969 765 2000 tantum
774 1959 1071 2012 philosophiae
1099 1966 1276 1996 vacaret.
1342 1957 1426 1996 Sed
1443 1973 1538 1996 cum
1555 1960 1622 1996 in-

84 2034 251 2074 gnssus
274 2022 351 2058 iter
375 2020 549 2059 Athenis
576 2021 809 2059 occurrisset
830 2019 1020 2069 Augusto
1032 2048 1043 2067 ,
1081 2015 1135 2055 ab
1161 2017 1321 2055 Oriente
1351 2017 1533 2055 Romam
1557 2031 1622 2054 re-

87 2079 256 2118 §venena
283 2076 415 2132 (quod
429 2091 576 2118 verum
602 2084 676 2118 est.
712 2090 754 2117 v.
771 2076 848 2116 Dio
868 2076 977 2125 LIV,
1011 2073 1083 2130 10)
1102 2089 1188 2113 una
1207 2089 1301 2113 cum
1320 2074 1492 2113 Caesare
1513 2075 1622 2113 redi-

89 2151 131 2176 re
156 2138 311 2175 statuit.
368 2137 434 2176 Ac
453 2151 548 2175 cum
566 2139 753 2188 Megara
766 2165 777 2185 ,
822 2137 1004 2173 vicinam
1025 2133 1199 2173 Atheni-s·
1217 2133 1437 2184 oppidum,
1468 2133 1627 2172 visendi

87 2196 231 2248 gralia
243 2202 397 2246 peteret
409 2225 422 2245 ‚
458 2195 701 2247 languorem
722 2202 870 2232 nactus
890 2201 947 2231 est
962 2210 974 2230 :
1019 2206 1139 2245 quem
1155 2205 1236 2229 non
1256 2193 1483 2230 intermissa
1500 2193 1624 2230 navi-

87 2254 207 2305 gatio
234 2254 376 2302 auxit,
420 2254 506 2302 ita,
549 2262 594 2291 ut
617 2254 790 2305 gravior
820 2251 973 2299 indies,
1015 2250 1182 2289 taudem
1207 2249 1482 2288 Brundisium
1510 2247 1624 2303 (alios

91 2311 315 2350 Tarentum
345 2324 594 2361 memorare,
634 2312 679 2349 in
694 2309 812 2349 Notis
841 2306 1061 2363 monitum)
1090 2308 1342 2356 adventarit,
1390 2307 1463 2345 ubi
1484 2306 1624 2346 diebus

83 2370 237 2422 paucis
257 2368 376 2419 obiit,
410 2370 460 2408 X
474 2370 578 2409 Kal.
606 2368 766 2407 Octobr.
793 2368 837 2406 C.
858 2369 994 2406 Sentio
1007 2398 1018 2416 ‚
1059 2366 1110 2418 ρ’.
1139 2367 1331 2404 Lucretio
1355 2366 1466 2404 Coss.

207 2426 524 2467 celebrabantur
553 2427 633 2466 hoc
663 2441 771 2466 anno
800 2426 903 2465 XIX
919 2426 1010 2464 Kal.
1030 2423 1255 2477 Septembr.
1276 2423 1499 2473 Eleusinia,
1530 2423 1624 2475 qui-

91 2484 169 2525 bus
186 2484 393 2538 Augustus
410 2486 592 2525 initiatus
616 2491 689 2524 est.
746 2484 812 2523 An
843 2484 927 2537 ipse
946 2496 1107 2535 quoque
1127 2482 1266 2521 Maro:
1309 2481 1539 2534 disquisivit
1560 2482 1626 2521 vir

20 2528 34 2580 ,ο
94 2543 240 2583 doctus
261 2541 454 2596 (critical
477 2544 590 2583 Obss.
616 2558 669 2582 on
686 2543 752 2582 the
771 2543 880 2581 sixllz
900 2542 1019 2581 Book·
1039 2540 1260 2593 ofAeneid
1275 2540 1403 2579 Lond.
1426 2543 1550 2589 1770,
1581 2542 1624 2582 8.

31 2621 34 2624 ⁴
92 2615 135 2655 p.
153 2604 211 2644 39
232 2600 323 2653 sq.).
383 2602 544 2641 Scilicet
570 2603 707 2651 suere,
738 2601 808 2653 qui
835 2601 880 2640 in
906 2601 974 2639 lib.
996 2600 1051 2639 VI
1068 2598 1168 2638 Aen.
1189 2598 1387 2637 Eleusinia
1410 2598 1526 2636 initia
1554 2611 1626 2637 re-

17 2676 22 2681 ·
93 2659 230 2699 velata
259 2660 561 2699 arbitrarentur
590 2675 613 2698 a
632 2660 812 2699 Marone.
871 2659 1039 2697 Annum
1066 2658 1200 2697 obitus
1230 2657 1446 2695 confirmat
1475 2656 1625 2695 Hiero-

4 3047 26 3078 τὸ

94 2730 244 2770 nymus
264 2717 415 2758 Chron.
438 2718 581 2758 Euseb.
611 2718 665 2756 ad
686 2718 848 2770 Olymp.
871 2720 974 2766 190,
1005 2719 1033 2758 2
1062 2717 1266 2768 Virgilius
1291 2715 1512 2753 Brundisii
1534 2729 1625 2752 mo-
1696 2740 1699 2741 ν

0 2816 17 2821 s
95 2777 219 2825 titur,
244 2777 383 2815 ‘Sentio
412 2777 631 2816 Saturnino
656 2785 694 2814 et
726 2778 915 2814 Lucretio
948 2776 1081 2814 Cinna
1110 2774 1207 2828 (hoc
1233 2773 1394 2812 nullum
1410 2772 1624 2810 Lucretio-

95 2846 193 2871 rum
207 2833 445 2889 cognomen)
480 2835 591 2873 Coss.
623 2834 725 2873 Plin.
755 2834 874 2883 XIV,
908 2836 929 2875 1
950 2835 1074 2872 Haeo
1095 2830 1207 2886 (vitis
1222 2845 1298 2883 per
1321 2844 1361 2868 se
1378 2831 1422 2869 in
1443 2830 1541 2868 vino
1558 2829 1624 2881 pi-

97 2903 185 2929 cem
203 2891 415 2946 resipiens)
451 2893 625 2945 Virgilii
647 2894 756 2931 vatis,-
785 2900 918 2930 aelate
939 2893 1173 2943 incognita,
1206 2905 1235 2927 a
1269 2891 1384 2927 cuins
1413 2888 1522 2926 obita
1540 2886 1629 2924 XO

96 2956 280 3000 aguntur
306 2953 429 2988 anni.-
469 2964 641 2989 numero
665 2950 872 3000 rotundo;
920 2963 1014 2988 cum
1044 2949 1155 2987 XCV
1182 2953 1324 2986 essent.
1372 2960 1411 2985 v.
1437 2945 1623 2997 Baylium

95 3007 280 3044 Diction.
314 3007 363 3046 V
356 3009 474 3059 irgile
493 3008 574 3047 litt.
593 3008 645 3047 H.
670 3008 874 3047 Harduin.
895 3008 949 3046 ad
965 3007 1067 3046 Plin.
1087 3006 1184 3045 ibid.
1204 3011 1244 3043 et
1266 3003 1372 3052 XIV,
1404 3009 1498 3041 sect.
1516 3002 1555 3044 5.

166 3075 378 3124 Vnum..
421 3076 565 3125 ΤοΜ.
601 3076 642 3125 Ι.
1323 3070 1339 3117 i
