1768 3320
198 264 301 312 292
538 260 593 310 P.
631 259 984 324 VIRGILII
1019 258 1390 310 MARONIS

195 386 500 469 Agricolae,
525 385 619 435 bis
646 402 784 454 quae
809 385 1011 451 solem,
1047 385 1132 435 bis
1156 384 1357 452 frigora
1381 387 1573 449 sensit3

195 458 375 509 Illius·
363 472 641 507 mmensae
661 466 928 524 ruperunt
955 456 1154 507 horrea
1176 474 1394 510 messes,

195 532 270 580 Ac
291 529 455 596 priua,
474 528 723 609 ignotum
742 525 891 577 ferro
913 545 1078 595 quam
1101 527 1396 579 scindimus
1419 544 1641 596 aequor,
1668 490 1736 580 50

194 603 401 653 Ventos
426 607 480 648 et
499 598 706 648 varium
729 597 869 649 coeli
889 597 1231 667 praediscere
1252 615 1473 649 morem

263 696 346 747 49.
383 694 560 743 Imus

264 766 347 815 50.
453 765 532 814 ΑΤ
567 775 744 812 rmus-

264 836 346 886 51.
372 836 593 887 VENTos

238 950 286 988 48
313 963 407 998 quae
427 950 528 985 lnss.
554 950 696 995 Menag.
715 947 817 983 alter.
867 946 923 993 bis
943 960 1135 996 quoques.
1154 949 1320 985 Parrhas.
1370 951 1487 985 sentit
1505 948 1641 984 Zulich.
1662 949 1732 984 duo

192 999 321 1033 Moret.
343 1005 379 1032 et
398 999 524 1043 fragm.
545 998 656 1031 eiusd.
663 962 788 1031 gGoth.
806 1008 861 1042 pr.
884 1009 962 1030 cum
979 997 1052 1031 Erf.
1080 997 1204 1043 (etiam
1222 1004 1339 1044 uterq.
1360 997 1461 1044 Lips.
1493 998 1590 1052 Wr.)
1686 998 1737 1034 50

191 1049 243 1080 Ac
256 1059 314 1094 με
339 1047 390 1080 ita
412 1053 447 1079 et
467 1045 595 1079 Medic.
621 1057 698 1078 cum
718 1044 784 1085 aL,
819 1050 856 1077 at
878 1043 959 1078 alii.
986 1057 1049 1087 ac,
1076 1045 1184 1079 etiam
1204 1047 1396 1080 Romanus.
1447 1044 1557 1092 (Sed
1547 1056 1584 1079 111
1603 1045 1733 1079 Medic.

189 1093 364 1138 Fogginio
388 1101 422 1127 et
443 1091 637 1138 Freytagio
662 1091 816 1127 testibus
833 1093 889 1125 Ac
912 1092 1025 1139 prius
1049 1100 1249 1134 exaratum3
1279 1092 1401 1140 itaque
1427 1093 1505 1127 sola
1523 1093 1676 1128 Gudiani
1697 1099 1734 1130 et

189 1141 343 1175 Palatini
362 1141 442 1174 cod.
462 1140 672 1174 auctoritate
696 1138 764 1173 niti
789 1138 930 1173 videtur
949 1141 1002 1174 At
1019 1141 1148 1187 pri3us
1185 1152 1394 1195 quamquam
1413 1143 1466 1176 Ab
1489 1153 1522 1188 p
1520 1142 1597 1175 rius
1625 1140 1732 1180 etiam

190 1188 304 1222 Servii
324 1194 360 1221 et
379 1189 551 1233 Pompon.
570 1186 693 1222 Sabini
712 1186 890 1231 expositio
908 1186 1110 1241 praefixum.
1124 1188 1252 1228 habet3
1274 1187 1313 1222 in
1330 1188 1453 1223 Servio
1470 1195 1588 1222 tamen
1606 1188 1731 1223 Dresd.

191 1247 236 1269 ac
250 1237 362 1283 prius
382 1234 524 1280 legitur.
573 1238 622 1269 Ac
643 1233 700 1268 vix
715 1240 838 1279 potest
857 1232 1025 1277 dubitari,
1053 1234 1136 1280 quin
1154 1240 1207 1270 Ac
1225 1235 1428 1270 debeatur
1418 1235 1473 1278 fis,
1499 1235 1625 1283 quibus
1644 1248 1731 1281 par-

189 1282 301 1316 ticula
319 1282 569 1316 transitionem
588 1281 747 1315 indicans
767 1281 804 1315 h.
821 1281 846 1315 l.
869 1281 1004 1327 requiri
1024 1282 1230 1324 videretur3
1256 1282 1327 1317 vid.
1350 1285 1393 1325 Q.
1414 1284 1460 1318 V.
1482 1281 1678 1326 XXXVII,
1696 1284 1730 1324 2,

190 1341 222 1363 a.
272 1330 342 1364 Sed
364 1342 470 1376 quum
495 1341 576 1363 mox
593 1328 669 1362 ad
658 1340 773 1373 ipsam
798 1328 995 1362 arationem
1017 1329 1197 1363 rediturus
1220 1329 1267 1363 sit
1288 1337 1417 1376 poeta,
1449 1343 1501 1365 vs.
1526 1331 1604 1373 63„
1629 1330 1730 1372 haec,

190 1389 280 1431 quae
301 1389 374 1411 vss.
391 1378 450 1413 50.
470 1389 548 1422 sqq.
574 1376 760 1422 leguntur,
794 1375 845 1410 ita
871 1376 1164 1421 interponuntur,
1198 1384 1239 1410 ut
1258 1388 1331 1411 non
1353 1378 1460 1422 plane
1486 1377 1663 1412 diversum
1685 1378 1729 1411 ab

188 1423 253 1468 iis,
280 1436 368 1470 quae
397 1424 639 1469 praecedunt,
665 1430 926 1468 argumentum,
953 1424 1018 1457 sed
1035 1424 1089 1457 rei
1107 1424 1215 1458 modo
1239 1432 1455 1459 memoratae
1479 1431 1515 1459 et
1534 1437 1636 1469 mox,
1660 1437 1729 1460 vss

189 1473 245 1508 63.
265 1483 340 1517 sqq.
333 1496 353 1513 .,
375 1471 555 1518 copiosius
576 1471 785 1505 tractandae
808 1477 999 1516 cognatum
1021 1478 1291 1517 persequantur.
1341 1474 1461 1514 Quare
1475 1475 1532 1506 Ac
1554 1472 1730 1513 revocavi,

189 1531 230 1553 ac
247 1531 388 1553 versum
416 1519 460 1552 ab
481 1519 622 1565 Heynio
644 1518 786 1573 longius
808 1531 829 1552 a
848 1518 1007 1564 margine
1025 1519 1212 1553 reductum
1238 1519 1362 1553 eadem
1379 1519 1466 1554 iussi
1487 1532 1565 1555 cum
1582 1519 1729 1575 reliquis

189 1566 281 1600 serie
306 1566 509 1600 decurrere.
540 1567 636 1609 Wr.)
687 1579 734 1600 zm
736 1579 901 1600 mensum
919 1566 1061 1601 Servius
1081 1566 1118 1599 in
1143 1578 1206 1601 suo
1234 1566 1371 1605 habuit.
1466 1568 1512 1604 51
1534 1569 1730 1615 proprium

189 1626 219 1647 c.
237 1627 280 1661 p.
311 1626 447 1647 morem
469 1625 531 1647 sex
560 1620 634 1647 vet.
669 1613 774 1647 codd.
801 1613 970 1647 exhibent
997 1625 1054 1659 ap.
1079 1613 1310 1648 Columellam
1337 1616 1364 1657 I,
1383 1611 1418 1658 4,
1436 1613 1461 1651 4
1481 1622 1516 1649 et
1544 1627 1728 1660 reponen-

189 1661 273 1694 dum
293 1661 443 1706 putabat
464 1661 666 1695 Pontedera
683 1661 827 1707 Antiqq.
850 1674 933 1708 pag.
949 1659 1040 1703 4793
1067 1661 1246 1708 quomodo
1265 1661 1379 1705 enim,
1405 1662 1501 1708 quod
1517 1662 1653 1697 varium
1671 1662 1727 1705 sit,

188 1756 269 1795 mel
301 1756 503 1808 quidem
493 1770 573 1795 lam
603 1756 676 1795 sub
703 1756 826 1796 finem
855 1771 932 1796 au-
989 1757 1074 1796 tine
1094 1757 1222 1797 vertit
1240 1758 1320 1797 Cic.
1340 1757 1391 1797 de
1407 1758 1498 1798 Div.
1518 1758 1549 1810 Ι,
1572 1756 1638 1813 9),
1669 1758 1727 1798 is-

189 1814 344 1854 ctumni
358 1844 368 1864 ,
399 1820 488 1854 tum
515 1828 611 1854 vere
635 1814 731 1853 anni
758 1828 932 1867 sequen-

187 1872 264 1922 tis,
303 1886 404 1911 mox
434 1879 588 1911 aestate
609 1903 619 1922 ,
658 1874 825 1912 tandem
855 1887 933 1912 au-

189 1937 357 1970 ctumno
378 1961 389 1981 ,
429 1945 523 1970 cum
559 1931 726 1970 sationis
767 1937 932 1984 tempus

190 1989 376 2028 instaret.
452 1983 616 2028 Graecis
662 1989 706 2028 id
752 1990 932 2029 sollenne

186 2047 307 2086 fuisse
356 2047 522 2086 videtur
539 2077 550 2097 ,
609 2054 659 2086 ut
706 2048 867 2100 colligas
905 2061 927 2086 e

188 2104 394 2157 Theophr.
417 2106 554 2144 Causs.
573 2105 707 2145 Plant.
726 2106 792 2157 ΠΙ,
815 2121 848 2146 0.
868 2106 925 2150 25

185 2163 255 2205 καὶ
278 2160 376 2205 όταν
396 2179 495 2218 μετα
514 2179 610 2213 τους
626 2160 815 2216 πρώτους
835 2160 927 2217 ἆρό-

186 2237 283 2270 τους
299 2218 479 2264 νεάσωσι
497 2228 574 2261 etc.
634 2222 724 2261 Hoc
742 2236 842 2262 vero
863 2223 927 2261 sa-

187 2280 369 2330 ciebant,
401 2290 445 2319 ιιι
463 2281 588 2319 solem
620 2281 808 2333 etfrigzis
827 2295 931 2333 ager

186 2339 344 2376 sentiret
368 2368 379 2387 ,
443 2335 557 2387 ὅπως
604 2342 813 2396 χειμασθῇ
853 2339 924 2380 καὶ

185 2395 373 2452 ’ἡλιασθῇ
391 2426 402 2446 ,
461 2402 510 2435 ut
554 2396 666 2436 idem
715 2381 922 2463 Theophr.

184 2454 322 2507 paullo
358 2459 465 2493 ante.
496 2454 556 2492 bis
583 2468 705 2505 vero,
746 2456 841 2507 quja
861 2455 923 2494 bis

185 2512 229 2550 in
260 2511 501 2562 hibernum,
542 2512 653 2551 bis·
642 2527 686 2551 111
722 2514 923 2553 aestivum

187 2568 299 2624 (vere
320 2576 360 2608 et
385 2568 555 2624 aestate)
581 2577 758 2623 tempus,
791 2572 922 2611 aratio

186 2628 279 2667 talis
305 2627 464 2667 incidit.
488 2628 573 2667 vid.
595 2629 758 2669 Salmas.
776 2631 921 2669 Exere.

184 2686 291 2725 Plin.
332 2700 421 2738 pag.
453 2686 550 2729 510.
629 2687 762 2725 Etiam
812 2687 923 2740 apud

185 2743 356 2783 Theocr.
376 2744 433 2783 [d.
446 2744 577 2793 XXV,
596 2744 666 2794 25,
677 2745 748 2783 ubi
765 2745 814 2783 de
836 2745 922 2784 Au-

184 2802 270 2855 giae
290 2802 449 2856 opibus:
481 2798 684 2851 περιπόλοις
703 2799 858 2856 σπόρον
878 2803 923 2844 ἐν

185 2865 355 2902 νειοῖσιν
385 2855 480 2901 ἔσθ’
512 2856 576 2900 ιὅτε
610 2856 827 2914 βαλλοντες
851 2860 922 2902 καὶ

184 2914 488 2972 τετραπόλοισιν
512 2916 921 2971 5uoioeg.Vulga1·ior

182 2983 322 3016 tamen
337 2975 582 3015 tertiationis
600 2989 699 3015 usus
718 2974 786 3030 (cf.
804 2975 918 3016 Arat.

183 3034 289 3074 Dios.
317 3037 398 3077 321
423 3047 507 3086 sqq.
539 3034 590 3073 de
619 3035 808 3073 lentisco:
856 3035 918 3073 la-

990 1828 1068 1868 que
1090 1815 1173 1854 iam
1192 1816 1361 1855 Hesiodi
1383 1823 1528 1867 aetate,
1563 1817 1596 1856 si
1613 1820 1726 1856 00111-

988 1887 1106 1927 pares
1117 1871 1232 1928 ”Εργ.
1255 1873 1353 1917 384.
1374 1873 1460 1917 448
1480 1889 1538 1927 sq.
1564 1873 1663 1926 462,
1685 1882 1726 1915 et

989 1936 1103 1973 νεῖον
1149 1933 1346 1986 τρίπολον
1390 1933 1476 1986 ipse
1521 1934 1725 1974 Homerus

989 1996 1191 2029 memorat
1220 1990 1333 2030 Iliad.
1354 2002 1398 2040 σ,
1429 1991 1527 2035 541.
1550 1991 1650 2042 542,
1685 1999 1725 2032 et

985 2048 1130 2101 Odyss.
1153 2064 1184 2098 ε,
1198 2051 1294 2092 127.
1324 2049 1442 2090 Plinii
1457 2050 1571 2089 locus
1579 2051 1723 2101 XVIII,

984 2110 1054 2157 20,
1074 2121 1104 2145 s.
1128 2105 1197 2149 49.
1224 2109 1251 2149 3
1280 2108 1402 2147 unica
1426 2107 1549 2150 huius
1580 2122 1723 2150 versus

984 2165 1296 2218 interpretatio:
1336 2175 1479 2219 quarto
1506 2169 1585 2206 seri
1610 2169 1722 2207 sulco

991 2224 1196 2275 Virgilius
1235 2226 1492 2264 existimatur
1527 2227 1717 2276 voluisse,

987 2296 1082 2320 cum
1108 2282 1236 2333 dixit,
1279 2285 1479 2334 optimam
1496 2298 1579 2323 esse
1602 2298 1721 2337 sege—

983 2348 1084 2390 tem,
1116 2355 1223 2393 quae
1248 2339 1308 2379 bis
1336 2342 1462 2380 solem
1482 2341 1721 2395 bisfrigora

981 2400 1167 2436 sensisset
1177 2413 1193 2446 ;
1221 2412 1315 2438 cum
1333 2399 1484 2439 scilicet
1502 2401 1624 2453 vulgo
1641 2401 1720 2440 tri-

980 2470 1035 2495 na
1066 2456 1248 2496 aratione
1276 2457 1596 2510 defungerentur
1627 2473 1720 2498 ara—

979 2520 1090 2553 tores
1100 2515 1205 2565 Itali,
1222 2514 1264 2554 11.
1279 2516 1528 2555 tertiatione.
1547 2530 1588 2555 v.
1601 2517 1718 2556 Varr.

980 2572 1011 2622 I,
1031 2575 1100 2614 29.
1121 2573 1171 2611 cf.
1203 2575 1271 2614 32.
1291 2575 1359 2615 33.
1381 2572 1449 2615 34.
1494 2574 1649 2614 Colum.
1671 2575 1718 2626 II,

981 2629 1021 2679 4,
1043 2628 1083 2670 4.
1133 2630 1393 2682 Quamquam
1430 2631 1538 2672 idem
1565 2633 1718 2673 Plinius

979 2688 1150 2726 innuere
1182 2688 1369 2739 videtur,
1416 2689 1496 2728 iam
1533 2697 1625 2730 tum
1652 2692 1718 2730 dj-

979 2759 1117 2785 versas
1137 2746 1187 2785 de
1203 2745 1388 2786 hocloco
1410 2750 1630 2789 sententias
1649 2750 1716 2790 vi-

979 2803 1119 2855 guisse.
1160 2812 1304 2856 quarto
1352 2807 1464 2844 sulco
1501 2821 1601 2847 vero
1638 2822 1716 2861 pro

980 2867 1129 2913 quarta
1149 2863 1329 2902 aratione
1357 2864 1515 2903 dictum
1534 2871 1624 2905 tum
1641 2880 1716 2919 per

977 2932 1019 2957 se
1044 2926 1181 2972 patet,
1217 2926 1308 2960 tum
1341 2935 1394 2961 ex
1432 2923 1573 2963 eodem
1597 2924 1715 2964 Plinii

976 2977 1067 3016 loco
1087 2978 1233 3029 XVIII,
1255 2982 1324 3029 20,
1342 2994 1372 3019 S.
1390 2980 1459 3030 49,
1478 2995 1519 3021 n.
1537 2984 1563 3023 3
1595 2983 1714 3034 Spis-

976 3037 1060 3074 sius
1086 3037 1217 3075 solum
1230 3067 1240 3086 ‚
1283 3040 1386 3077 sicut
1404 3039 1646 3093 plerumque
1668 3042 1712 3078 in
