1768 3320
214 281 281 329 28
473 271 811 322 SPOHNII
857 261 1480 317 PROLEGOMENA

213 404 291 453 Ex
307 400 389 450 his
409 399 746 467 potissimum
770 411 924 446 suum
950 388 1199 457 expressit
1219 385 1481 451 Virgilius
1528 387 1730 438 Carmi-

216 472 298 522 nis
326 479 506 520 autem
526 467 802 519 amoebaei
830 465 960 514 haec
991 468 1102 512 erat
1129 456 1320 525 triplex
1350 456 1730 507 commoditas:

355 557 434 617 (1)
488 560 548 600 ut
588 565 701 599 non
731 547 849 610 uni,
895 543 992 594 sed
1029 540 1244 591 duobus
1280 538 1443 591 tribui
1494 546 1731 605 possent,

220 638 357 691 quae
395 620 497 671 dici
525 618 700 669 vellet.
770 620 882 667 Iam
922 614 963 662 si
992 627 1132 662 unus
1160 607 1448 676 prodiisset
1486 607 1732 676 loquenS‚

219 694 261 742 is
302 689 503 755 Virgilii
538 703 824 756 personam
879 681 1209 733 sustinuisset
1259 678 1443 746 paullo
1487 679 1731 746 apertius,

218 766 372 813 Nunc
387 759 655 826 colloquio
677 757 816 805 inter
837 753 971 804 duos
994 751 1283 801 constituto
1306 750 1454 817 quasi
1470 749 1735 799 remotior

223 841 277 882 et
297 831 496 880 alienus
519 837 596 878 est
613 835 796 893 poeta,
833 823 1022 873 saltem
1044 821 1114 870 ita
1132 819 1377 870 videatur
1397 835 1616 869 11666556
1639 827 1734 882 est,

223 917 391 968 quum
444 898 589 966 quasi
627 898 681 945 in
729 910 885 944 scena
928 900 1143 956 agentes
1192 899 1247 940 et
1298 889 1613 939 altercantes
1654 889 1732 937 vi-

224 971 457 1020 deamus,
544 970 684 1031 Ergo
726 983 753 1014 a
800 980 857 1013 se
910 959 1323 1030 quodammodo
1375 959 1546 1010 aliena
1591 957 1735 1020 fecit,

224 1056 359 1107 quae
387 1038 488 1087 illis
522 1034 748 1086 dicenda
779 1033 905 1083 dare
932 1041 985 1082 et
1013 1031 1190 1099 potuit
1222 1039 1275 1080 et
1305 1046 1492 1080 revera
1525 1027 1688 1079 dedit,

360 1136 457 1196 (2)
508 1127 692 1193 Quod⁷
736 1128 777 1177 si
808 1143 980 1177 unum
1018 1121 1428 1188 introduxisset,
1483 1121 1603 1172 fieri
1641 1108 1737 1170 'aut

224 1217 523 1268 nunquam,
571 1208 659 1248 aut
686 1214 798 1247 non
826 1197 970 1246 bene
1009 1195 1294 1262 potuisset,
1338 1201 1400 1243 ut
1435 1191 1532 1242 ille*
1567 1191 1737 1258 gravi-

225 1272 404 1322 oribus
426 1269 616 1319 aculeis
638 1276 903 1335 pungeret
923 1266 1309 1315 obtrectatores
1331 1262 1552 1327 Virgilii,
1582 1261 1639 1311 id
1658 1259 1737 1310 fa—

225 1341 419 1391 cillime
460 1348 570 1388 erat
600 1346 987 1404 praeparatum.
1059 1338 1173 1386 Iam
1214 1334 1313 1401 ipsi
1356 1349 1456 1400 per
1483 1333 1649 1382 rixam
1679 1347 1737 1380 se

172 1457 174 1459 .
221 1412 490 1479 petierunt
512 1407 911 1458 contumeliosis
932 1405 1134 1466 verbis3
1159 1419 1285 1469 ergo
1307 1401 1563 1452 facillime
1591 1401 1648 1451 id
1672 1399 1739 1450 ad

223 1481 375 1543 alios,
413 1495 546 1546 quos
571 1478 701 1528 odio
733 1477 990 1541 habebat,
1037 1483 1251 1544 poterat
1278 1472 1512 1534 traduci3
1551 1481 1605 1522 et
1635 1471 1738 1521 mi-

222 1566 321 1600 nus
345 1547 589 1611 offendit,
628 1548 776 1616 quod
797 1548 944 1617 quasi
967 1546 1143 1596 obiter
1162 1544 1389 1612 pupugit
1408 1552 1461 1594 et
1479 1559 1579 1610 per
1594 1541 1737 1591 alios

362 1647 457 1707 (3)
505 1644 686 1704 Quum
736 1641 790 1689 in
841 1641 1077 1691 carmine
1132 1637 1429 1688 amoebaeo
1488 1635 1739 1700 coniungi

226 1712 459 1779 possint,
497 1728 632 1778 quae
655 1720 778 1760 sunt
801 1712 1032 1761 maxime
1055 1710 1283 1771 diversa,
1321 1724 1491 1774 quum
1525 1705 1598 1755 ibi
1618 1722 1740 1755 sen-

228 1782 422 1830 tentiae
456 1779 817 1847 proferantur,
875 1798 1012 1849 quae
1056 1796 1215 1847 saepe
1246 1777 1400 1828 nullo
1441 1775 1614 1826 modo
1650 1792 1740 1825 co-

236 1851 485 1914 haerent,
520 1867 631 1900 non
663 1851 839 1900 solum
871 1851 939 1901 ad
963 1851 1107 1900 Bavii
1142 1859 1194 1899 et
1220 1848 1413 1899 Maevii
1437 1845 1624 1914 putida
1658 1863 1742 1895 ca-

228 1922 334 1987 pita
359 1921 544 1969 acriter
570 1921 862 1971 vellicanda
896 1931 949 1972 et
972 1918 1311 1988 depectenda
1330 1917 1443 1967 illas
1464 1926 1741 1984 pastorum

230 2007 481 2057 personas
511 2001 820 2041 convertere
849 1992 1049 2058 potuit,
1088 1990 1184 2040 sed
1214 1989 1363 2038 licuit
1396 1988 1579 2049 etiam,
1614 1985 1742 2036 Pol-

232 2060 383 2118 lioni„
420 2059 612 2110 fautori
632 2061 957 2123 studiorum,
992 2062 1209 2110 meritas
1230 2058 1440 2108 solvere
1463 2057 1665 2122 gratias,
1690 2064 1744 2105 et

231 2130 404 2190 simul,
419 2130 547 2180 dum
567 2132 826 2198 pessimos
847 2132 973 2181 istos
994 2140 1181 2198 poetas
1203 2127 1572 2188 insectabatur,
1584 2126 1742 2176 huius

232 2209 422 2266 poetae
444 2204 617 2250 Musas
651 2201 893 2251 laudibus
917 2218 1172 2251 exornare
1187 2239 1200 2263 ,
1243 2199 1480 2266 ideoque
1500 2196 1743 2264 pluribus

232 2270 537 2319 nominibus
568 2272 676 2320 eius
699 2271 1136 2322 benevolentiam
1167 2268 1491 2320 confirmare
1512 2284 1572 2316 ac
1589 2266 1742 2317 tueri.

373 2353 518 2412 Quae
539 2370 706 2418 quum
725 2354 794 2402 ita
816 2363 1005 2416 essent,
1015 2352 1263 2418 Virgilius
1276 2367 1423 2401 nunc
1444 2348 1510 2399 ad
1532 2365 1627 2398 am
1641 2365 1672 2397 o
1689 2364 1743 2398 6-

234 2421 268 2469 b
284 2437 467 2469 acum
506 2439 743 2486 carmen,
782 2423 930 2490 quod
956 2425 1137 2473 omnia
1157 2424 1210 2472 in
1245 2438 1303 2471 se
1327 2420 1594 2487 reciperet
1611 2418 1745 2484 opti-

234 2507 351 2547 me,
409 2508 542 2556 quae
597 2492 759 2562 yellet
794 2509 1074 2560 promere,
1135 2491 1351 2542 accessit
1397 2489 1742 2540 conscriben-

237 2560 381 2610 dum.
451 2561 746 2610 Introduxit
779 2572 956 2612 autem
977 2564 1112 2613 duos
1143 2571 1382 2630 pastores
1410 2563 1745 2617 Mantuanos,

234 2627 530 2679 Menalcam
563 2648 816 2695 puerum,
864 2634 953 2699 qui
990 2634 1152 2699 patris
1194 2647 1414 2697 gregem
1454 2630 1645 2696 pascit,
1694 2636 1748 2677 et

234 2702 566 2761 Damoetam,
587 2702 815 2764 Aegonis
838 2703 1111 2752 cuiusdam
1135 2719 1365 2765 servum,
1388 2700 1479 2767 qui
1514 2697 1744 2748 eandem

234 2771 494 2819 Neaeram
530 2779 689 2830 amat,
740 2771 884 2819 cuius
916 2790 1100 2822 amore
1130 2771 1398 2822 Menalcas
1424 2778 1606 2836 captus
1654 2775 1745 2817 est.

238 2838 579 2890 Conveniunt
620 2839 670 2886 in
710 2856 930 2904 pascuo,
990 2842 1277 2909 compulsis
1309 2839 1453 2890 forte
1483 2837 1744 2905 gregibus.

167 2949 173 2957 .
234 2906 526 2970 MenalcaS,
566 2909 841 2972 asperioris
870 2911 1029 2960 animi
1050 2929 1185 2977 puer
1208 2921 1261 2961 et
1293 2910 1360 2961 ad
1382 2910 1547 2960 rixam
1565 2906 1746 2965 saciliS,

237 2977 474 3043 increpat
502 2979 841 3039 Damoetam,
879 2981 1289 3046 quodammodo
1316 2981 1363 3031 ei
1384 2981 1567 3041 iratus,
1597 2975 1746 3045 quod
