1708 3354
105 320 153 357 ιφ

365 834 1289 912 PRAEFATIO

206 979 781 1039 PHILIPPI
844 977 1462 1038 WAGNERI.

59 1235 240 1324 Ante
275 1266 388 1324 hos
426 1276 560 1323 octo
593 1285 787 1326 annos
825 1279 1072 1325 auclore
1104 1266 1166 1324 F.
1194 1266 1269 1323 A.
1305 1263 1376 1324 G.
1407 1265 1611 1345 Spoh-

0 1399 7 1406 .
56 1354 181 1426 ni0‚
207 1353 383 1411 cuius
403 1354 735 1410 immatura
753 1373 918 1410 mors
942 1373 1085 1410 cum
1109 1353 1261 1408 alios
1287 1352 1607 1430 plurimOS,

56 1446 191 1491 tum
214 1454 314 1491 me
342 1435 739 1491 vehementer
761 1434 1004 1504 afflixit,
1038 1433 1279 1511 Virgilii
1300 1431 1611 1511 Heyniani

60 1515 265 1573 denuo
307 1514 536 1572 edendi
568 1515 884 1592 negotium
919 1479 1077 1571 mihi
1111 1514 1476 1570 mandatum
1522 1526 1610 1571 est

59 1597 138 1654 ab
162 1594 594 1652 honestissimo
617 1594 1000 1652 Redemtore.
1090 1591 1269 1664 Quae
1289 1614 1386 1650 res
1411 1614 1610 1670 quum

57 1675 246 1748 mihi,
290 1676 400 1753 qui
436 1687 714 1732 veterum
748 1688 1071 1768 poetarum
1108 1675 1311 1732 studio
1346 1674 1606 1732 mirifice

59 1777 303 1836 semper
330 1757 662 1814 delectatus
694 1778 858 1829 sum,
902 1757 1246 1836 gratissima
1269 1775 1398 1813 esse
1422 1767 1607 1832 atque

61 1838 488 1917 acceptissima
524 1838 805 1910 deberet,
860 1838 1081 1895 eadem
1118 1857 1274 1895 onus
1315 1837 1610 1916 imposuit

59 1919 489 1998 gravissimum
530 1920 713 1999 plane
755 1921 1075 1999 imparato.
1159 1918 1370 1976 Erexit
1400 1930 1605 1975 tamen

62 2001 367 2069 animum,
395 2012 527 2057 tum
549 2002 645 2057 vel
668 2002 937 2058 maxime
963 2002 1424 2075 ingravescente
1442 2019 1609 2056 mor-

60 2082 285 2139 borum
311 2082 372 2138 vi
396 2101 759 2161 oppressum
792 2101 866 2140 ac
892 2083 1276 2139 debilitatum
1292 2127 1307 2152 ‚
1350 2080 1487 2159 ipsa
1510 2081 1609 2137 in-

62 2162 255 2241 gentis
281 2163 512 2242 incepti
541 2163 854 2240 cogitati03
901 2175 959 2219 et
993 2175 1292 2239 quantum
1314 2162 1607 2241 temporis

62 2262 289 2300 munus
307 2289 321 2315 ‚
356 2263 477 2319 quo
505 2246 743 2322 fungor,
766 2244 1223 2315 scholasticum,
1251 2243 1608 2299 laboriosis-

62 2323 291 2380 simum
315 2325 472 2380 illud
495 2324 764 2401 quidem,
810 2325 1118 2402 reliquum
1140 2325 1294 2381 mihi
1326 2323 1470 2379 fecit
1499 2335 1607 2379 aut

13 2455 22 2463 .
65 2405 432 2462 valetudinis
460 2405 782 2463 infirmitas
809 2406 1225 2477 concessit‚id‚
1241 2404 1605 2484 posthabitis

65 2485 280 2542 ceteris
319 2488 531 2557 rebuS‚
582 2488 649 2542 in
682 2488 906 2563 quibus
942 2488 1119 2544 multi
1149 2488 1306 2543 vitae
1343 2486 1607 2564 positam

61 2578 282 2645 putant
327 2567 722 2639 suavitatem,
779 2588 958 2624 omne
994 2568 1298 2645 impertivi
1328 2565 1604 2644 Virgilio,

66 2647 243 2723 quasi
265 2648 618 2705 dulcissimo
647 2649 937 2705 familiari
972 2668 1144 2720 men,
1175 2658 1225 2705 'a
1259 2667 1377 2723 quo
1413 2658 1470 2703 et
1508 2647 1607 2702 iu-

67 2727 517 2785 cundissimum
573 2731 679 2785 otii
724 2731 851 2786 mei
900 2733 1169 2786 fructum
1213 2740 1271 2785 et
1314 2726 1606 2784 exantlati

69 2809 410 2881 quotidiani
432 2810 660 2867 laboris
680 2811 1030 2889 praemium
1053 2822 1324 2889 peterem
1351 2818 1606 2885 exopta-

67 2887 385 2946 tissimum.
471 2887 661 2960 Qua’
646 2911 713 2947 ln
747 2911 813 2947 re,
848 2891 1001 2947 illud
1033 2904 1243 2947 tamen
1273 2887 1605 2966 diligentis-

69 2966 222 3024 sime
269 2971 613 3028 cavendum
657 2972 814 3028 mihi
859 2971 1201 3028 existimavi
1221 3015 1238 3041 ‚
1297 2969 1604 3047 privatum

1268 3066 1339 3108 a*
