1768 3320
226 241 330 289 300
376 315 380 321 Ι

578 240 633 290 Ρ.
680 240 1031 292 VIRGILII
1075 242 1441 294 MARONIS

226 365 400 432 Saepe
428 365 589 416 etiam
609 366 803 437 sterilis
823 367 1118 419 incendere
1139 369 1346 437 profuit
1369 387 1539 437 agrm,
1560 398 1562 400 ·

220 437 401 503 Atque
439 435 619 487 levem
667 437 922 506 stipulam
972 440 1356 507 crepitantibus
1400 459 1561 494 urere
1601 441 1754 494 flam-

1016 510 1140 562 mis:
1690 518 1756 568 85

222 576 346 626 Sive
368 576 497 628 inde
519 576 752 628 occultas
772 578 911 629 vires
935 587 988 629 et
1006 579 1203 646 pabula
1224 589 1400 632 terrae

218 647 441 713 Pinguia
466 648 809 714 concipiunt;
848 650 956 699 sive
975 649 1077 700 illis
1101 660 1268 702 omne
1287 669 1390 719 per
1411 652 1597 718 ignem

216 718 548 785 Excoquitur
562 718 752 768 vitium
768 760 781 781 ,
820 728 981 787 atque
1005 721 1223 771 exsudat
1245 721 1447 771 inutilis
1467 721 1695 786 humor3

220 789 330 838 Seu
352 788 519 855 pluris
544 788 689 838 calor
714 788 806 839 ille
824 789 931 839 vias
956 799 1010 840 et
1034 807 1187 841 caeca
1206 790 1407 841 relaxat

217 859 572 926 spiramenta,
611 875 775 909 novas
793 861 974 910 veniat
995 877 1100 928 qua
1123 878 1311 924 succus
1332 862 1388 911 in
1411 859 1637 926 herbas3
1683 869 1751 916 90

217 930 328 979 Seu
351 929 507 980 durat
532 930 700 994 magis
715 971 728 994 ‚
769 938 823 980 et
842 947 1005 980 venas
1027 931 1307 998 adstringit
1324 930 1542 985 hiantis:

135 1058 138 1061 ἱ
212 1002 295 1051 Ne
317 1009 510 1050 tenues
530 999 743 1067 pluviae
757 1041 770 1065 ‚
807 1000 1048 1068 rapidive
1067 1002 1311 1069 potentia
1331 1001 1457 1052 solis

212 1071 425 1135 Acrior,
465 1079 555 1120 aut
573 1073 780 1122 Boreae
799 1071 1140 1138 penetrabile
1161 1071 1328 1138 frigus
1353 1071 1552 1125 adurat.

259 1186 306 1225 84
330 1191 465 1224 Seme-s
482 1197 519 1223 et
536 1190 683 1224 steriles
699 1190 824 1236 fragm.
837 1192 967 1225 Moret.
1007 1188 1172 1236 (steriles
1189 1190 1320 1225 Medic.
1350 1191 1449 1237 Wr.)

660 1239 706 1275 88
732 1238 900 1272 exundat
916 1238 1080 1273 Parrhas.
1102 1251 1123 1272 a
1140 1251 1184 1272 m.
1207 1250 1262 1284 pr.

210 1236 268 1270 vel
287 1239 410 1284 ignem
428 1236 564 1271 Zulich.

1544 1191 1591 1229 87
1617 1203 1748 1226 aevum

1358 1238 1403 1274 89
1424 1237 1552 1286 pluris·
1568 1238 1747 1274 vetustio-

209 1296 267 1318 res
300 1291 446 1329 praeter
468 1284 599 1318 Medic.
648 1285 793 1332 (pluris
815 1292 930 1319 tamen
959 1299 979 1320 a
1007 1287 1035 1320 F
1039 1286 1158 1331 oggin.
1189 1292 1365 1319 exaratum
1387 1285 1546 1327 inveni03
1582 1293 1619 1321 et
1640 1286 1693 1320 ita
1709 1286 1748 1320 in

208 1332 332 1365 codice
352 1331 425 1376 legi
442 1338 594 1370 testatur
612 1332 835 1378 Freytagius.
861 1353 907 1358 -—

208 1427 404 1473 restringit
420 1426 565 1460 Moreti.

956 1335 1015 1369 90.
1041 1345 1154 1367 sucus
1171 1333 1303 1378 ubique
1320 1331 1451 1367 Medic.
1472 1339 1510 1367 et
1528 1335 1648 1376 Rom„
1673 1345 1746 1367 non

207 1391 358 1420 succus-3
383 1379 455 1412 vid.
475 1380 591 1424 Heyn.
618 1380 665 1413 ad
682 1379 755 1414 Ecl.
774 1382 835 1424 III,
853 1382 888 1417 6.
919 1381 1015 1426 Wr.)

645 1428 694 1464 92
716 1429 844 1462 tenuis
863 1429 964 1463 Rom.
987 1439 1065 1462 cum
1085 1427 1165 1461 aliis
1185 1427 1399 1461 Heinsianis.
1433 1428 1603 1474 rapidive
1620 1428 1743 1462 Heius.

1098 1381 1144 1417 91
1171 1381 1398 1427 constringit
1415 1381 1507 1415 Ven.
1528 1387 1565 1415 et
1581 1380 1744 1415 Parrhas.

208 1485 228 1507 e
245 1473 454 1508 melioribus
471 1474 642 1517 retraxit3
666 1487 747 1510 nam
764 1475 815 1509 sic
832 1475 905 1510 iam
923 1475 1030 1510 Aldd.
1051 1486 1118 1520 pro
1136 1487 1225 1521 que,
1252 1475 1348 1522 quod
1369 1473 1450 1509 edd.
1471 1482 1672 1522 occuparat.

206 1576 267 1608 est
298 1570 433 1622 aliqua
454 1569 612 1609 interea
640 1577 775 1610 terrae
802 1572 946 1625 gratia,

204 1641 307 1680 quae
332 1629 446 1668 nulla
476 1635 536 1667 est
557 1659 568 1679 ‚
610 1629 645 1668 si
674 1643 759 1669 non
790 1637 946 1682 aratur,

204 1687 237 1726 si
256 1700 348 1739 ager
366 1693 505 1727 cessat.
540 1689 613 1727 W
605 1686 661 1742 r.)

262 1745 330 1787 84.
360 1744 485 1784 Aliud
510 1748 772 1798 praeceptum
794 1745 845 1784 de
871 1746 947 1785 sti-

202 1804 324 1857 pulae
360 1804 549 1843 incensae
592 1804 645 1842 ad
683 1814 826 1857 agrum
872 1805 946 1843 be-

202 1862 360 1901 neficio.
400 1863 546 1900 sterilis
585 1877 730 1914 agros,
772 1863 941 1915 stipulas

202 1920 299 1973 agri,
323 1927 374 1959 ut
396 1935 456 1959 vs.
477 1933 534 1972 sq.
565 1921 804 1973 explicatur.
837 1921 941 1960 Pro-

200 1985 324 2018 vocat
359 1979 411 2017 ad
438 1978 480 2017 h.
504 1979 531 2017 l.
559 1979 661 2018 Plin.
698 1978 854 2028 XVIII,
882 1982 938 2022 72

201 2043 305 2076 extr.
328 2034 432 2092 (30.)
474 2037 576 2075 Sunt
615 2038 688 2090 qui
713 2037 939 2076 accendant

200 2097 244 2134 in
262 2110 361 2135 arvo
381 2104 418 2134 et
435 2096 624 2147 stipulas,
659 2109 813 2148 magno
837 2097 882 2136 V
877 2098 937 2133 ir-

196 2154 295 2206 gilii
303 2155 541 2206 praeconio.
606 2154 779 2192 Samma
799 2162 937 2192 autem

198 2213 285 2250 eius
318 2214 421 2251 ratio
434 2242 445 2262 ,
486 2220 530 2250 at
557 2211 773 2250 herbarum
803 2227 937 2251 semen

197 2279 378 2309 exurant.
430 2270 487 2308 De
503 2270 591 2323 ipso
610 2276 827 2324 praecepto
850 2270 935 2309 dis-

194 2334 346 2381 putant
365 2329 605 2381 scriptores3
635 2332 674 2369 v.
696 2343 729 2368 c.
759 2328 937 2370 Dickson

196 2400 230 2425 c.
261 2389 326 2429 12.
351 2401 391 2439 p.
425 2385 509 2428 324
531 2400 587 2439 sq.
660 2389 728 2429 86.
770 2388 936 2425 Sive—

195 2445 295 2483 sive.
339 2445 418 2483 Pro
448 2445 562 2484 varia
588 2445 682 2495 soli,
722 2445 789 2485 vel
806 2445 934 2484 maeri

194 2503 261 2542 vel
286 2503 473 2556 uliginosi
502 2504 568 2542 vel
599 2503 712 2542 densi
738 2503 805 2543 vel
834 2503 932 2553 rari,

193 2566 368 2612 natura,
418 2561 552 2600 varias
578 2575 737 2600 caussas
759 2561 933 2600 subiicit.

185 2618 350 2671 pabula
371 2625 467 2658 sunt
486 2619 615 2670 succi,
647 2620 717 2672 qui
738 2620 933 2658 nutriunt

191 2677 344 2732 semina
377 2692 424 2716 ac
449 2678 627 2729 plantas:
670 2684 771 2730 puta
799 2691 851 2716 ex
871 2678 932 2716 ci·-

190 2749 288 2775 nere
322 2741 594 2784 crematarum
620 2735 866 2787 stipularum
888 2741 929 2773 et

189 2794 345 2834 lixivio.
377 2796 446 2836 88.
462 2794 616 2831 inutilis
631 2793 786 2842 humor,
803 2794 928 2831 noxia

190 2852 312 2905 uligo.
381 2853 449 2894 89.
502 2865 627 2889 caeca
662 2852 924 2902 spiramenta,

189 2917 346 2950 meatus
364 2909 544 2949 occultos
569 2914 611 2947 et
626 2908 820 2959 latentes,
851 2923 925 2948 nos

182 2984 308 3022 poros·
327 2967 520 3019 dicimus3
549 2981 648 3007 mox
665 2981 801 3006 venas.
839 2967 924 3006 Lu·-

190 3027 340 3068 cretius
370 3027 424 3066 sic
460 3026 545 3065 fere
576 3025 782 3077 wirae-ula
818 3025 924 3064 dixit

1004 1571 1072 1622 VI,
1096 1569 1194 1614 492.
1235 1571 1385 1624 Specus
1406 1572 1523 1610 saevi
1534 1571 1742 1623 spiracula

1005 1631 1120 1669 Ditis
1139 1628 1238 1668 Aen.
1262 1628 1456 1679 VH‚568.
1522 1628 1649 1669 Vada
1672 1629 1740 1667 la—

1005 1690 1130 1726 tentia
1147 1687 1258 1741 apud
1273 1687 1462 1726 Gratium
1477 1687 1623 1740 Cyneg.
1640 1686 1738 1729 423.

1006 1743 1115 1800 (vias
1135 1768 1193 1776 -
1207 1761 1290 1799 qua
1301 1762 1317 1794 ,·
1351 1746 1408 1784 sic
1419 1744 1525 1785 Aen.
1553 1745 1600 1796 ν)
1620 1745 1738 1788 590.:

1004 1804 1140 1854 „Mille
1154 1804 1230 1843 viis
1250 1803 1437 1843 habuisse
1455 1803 1608 1854 dolum,
1639 1817 1666 1856 q
1677 1817 1737 1842 ua

1000 1862 1113 1914 signa
1141 1862 1337 1914 sequendi
1358 1862 1390 1900 F
1393 1862 1547 1901 alleret.
1561 1863 1585 1884 ‘⁴
1621 1863 1686 1902 W
1685 1861 1734 1916 r.)

1000 1922 1069 1962 91.
1099 1921 1214 1959 calor
1230 1920 1448 1973 adstringit
1477 1934 1530 1959 sc.
1554 1919 1735 1959 conden—

998 1978 1126 2017 sando
1154 1979 1275 2017 molle
1314 1985 1355 2017 et
1383 1979 1564 2018 lutosum
1591 1978 1733 2018 solum.

997 2039 1065 2078 93.
1115 2037 1297 2076 Adurere
1338 2037 1528 2077 convenit
1569 2038 1734 2090 proprie

994 2094 1135 2147 frigori
1173 2101 1338 2134 tantum
1385 2102 1427 2134 et
1462 2097 1591 2135 aestui
1626 2096 1731 2135 solis.

995 2153 1098 2204 Sed,
1130 2154 1300 2192 sollenni
1325 2153 1475 2206 figura,
1508 2154 1732 2207 generalior

992 2211 1089 2250 inde
1125 2213 1238 2251 notio
1268 2215 1344 2253 τοῦ
1367 2227 1505 2251 nocere
1537 2212 1730 2251 elicienda

993 2276 1036 2308 et
1063 2269 1116 2308 ad
1141 2270 1265 2310 illud:
1310 2284 1361 2309 ne
1387 2279 1522 2309 tenues
1546 2272 1729 2323 pluviae,

992 2328 1206 2367 referenda
1225 2335 1298 2367 est.
1356 2329 1566 2368 Penetrale
1582 2329 1730 2381 frigus

990 2386 1073 2425 iam
1107 2387 1321 2426 Lueretius
1359 2387 1521 2426 dixerat
1560 2387 1599 2437 Ι,
1629 2386 1727 2430 495.

992 2453 1127 2483 tenues
1143 2458 1195 2483 ex
1206 2452 1355 2484 natura
1370 2445 1534 2497 pluviae
1553 2445 1728 2499 petitum

992 2502 1202 2555 epitheton
1215 2533 1225 2553 ‚
1257 2502 1369 2554 quod
1386 2502 1453 2541 hic
1470 2500 1623 2542 nullam
1645 2503 1727 2542 vim

989 2560 1140 2600 habere
1157 2561 1299 2610 debet,
1330 2566 1379 2599 ut
1405 2574 1520 2613 saepe
1546 2560 1726 2614 epitheta

988 2625 1203 2672 ponuntur
1220 2649 1231 2669 ,
1282 2625 1410 2669 utque
1442 2619 1612 2670 rapidus
1643 2620 1723 2671 sol,

989 2677 1116 2729 frigus
1137 2676 1385 2727 penetrabile
1408 2675 1488 2715 hoc
1510 2677 1598 2731 ipso
1618 2678 1721 2717 loco.

989 2735 1079 2787 Ipsa
1100 2734 1301 2773 tenuitate
1316 2733 1499 2773 humoris
1520 2736 1659 2788 pluvia
1680 2749 1721 2774 se

983 2792 1030 2831 in
1046 2791 1219 2831 humum
1236 2792 1428 2832 insinuat.
1445 2793 1607 2846 Alioqui
1615 2795 1720 2846 plu-

983 2852 1076 2889 viae
1098 2858 1231 2888 tenues
1247 2850 1291 2889 in
1309 2850 1412 2891 vitio
1431 2865 1514 2890 esse
1533 2858 1718 2905 possunt,

981 2908 1106 2947 nimio
1139 2908 1232 2946 solis
1262 2914 1377 2948 aestu
1405 2923 1470 2948 eas
1495 2916 1717 2961 coquente:

981 2965 1221 3018 melliginem
1237 2973 1398 3007 vocant.
1438 2968 1654 3008 Enimvero
1671 2968 1716 3006 in

980 3023 1019 3063 h.
1051 3024 1077 3063 1.
1105 3023 1208 3064 illud
1239 3025 1383 3066 cadere
1414 3025 1555 3078 nequit
1566 3041 1577 3077 ;
1619 3038 1714 3065 nam
