1734 3320
130 251 233 302 694
628 246 1065 299 EXCURSUS
1119 247 1172 297 II

129 379 262 421 modis
291 378 561 428 effinxerunt,
601 378 646 418 in
670 392 800 418 unum
830 377 1038 430 colligere,
1077 384 1120 417 et
1149 391 1201 417 ex
1223 377 1270 417 iis
1295 392 1451 420 novum
1469 379 1584 420 aliud
1602 394 1672 420 so-

130 439 287 479 mnium
306 438 458 477 iterum
484 436 683 488 fabulari,
714 437 781 476 cui
802 436 914 476 aliud
938 437 1039 476 alius
1057 450 1109 476 ex
1132 437 1210 476 alio
1234 438 1478 491 substituat,
1509 439 1587 479 etsi
1604 454 1673 478 sa-

130 498 238 552 gacis
263 495 414 550 ingenii
441 495 607 536 laudem
636 495 789 535 habere
816 501 977 550 potest,
1017 509 1103 535 non
1133 501 1195 535 est
1220 502 1358 536 tamen
1397 485 1674 552 interpretari.

130 558 285 596 Narrat
313 560 434 610 poeta
465 563 625 595 vastam
657 555 834 621 aliquam
862 554 938 593 sub
970 560 1083 593 terra
1109 568 1349 606 cavernam,
1390 569 1411 595 e
1440 570 1522 609 qua
1539 557 1674 596 omnia

131 616 305 656 flumina
322 620 415 654 orta
438 614 611 654 diversis
631 614 708 654 viis
729 613 782 651 ad
800 619 937 652 terrae
957 612 1213 667 superficiem
1236 621 1485 667 properent,
1515 615 1586 655 ubi
1606 616 1680 655 illa·

132 689 206 715 suo
225 673 418 727 quodque
438 674 552 712 fonte
570 686 623 713 ex
644 678 757 711 terra
771 671 986 728 prodeant.
1046 670 1306 712 Adumbrata
1324 674 1408 713 fere
1427 687 1494 714 res
1511 675 1566 714 ad
1587 687 1677 714 eam

132 733 306 788 speciem
320 763 330 783 ,
360 745 440 785 qua
457 732 502 771 in
530 731 630 771 locis
659 731 801 769 inferis
821 731 955 784 posita
983 737 1209 770 narrantur
1228 745 1294 782 ea,
1325 745 1429 785 quae
1450 746 1574 787 supra
1587 739 1678 773 ter-

131 807 221 833 ram
242 797 361 841 sunt,
391 796 439 829 ut
462 790 565 841 luci,
595 789 786 829 flumina:
817 804 857 830 v.
879 804 912 830 e.
945 789 1067 830 Ovid.
1098 789 1195 830 Met.
1222 791 1254 841 Ι,
1278 793 1373 834 189.
1394 789 1526 837 Valer.
1543 792 1677 832 Flacc.

133 852 200 902 111,
220 850 307 893 402
326 863 426 902 sqq.,
458 855 531 888 aut
548 848 895 901 quemadmodum
916 850 1022 902 Styx
1043 855 1084 887 et
1101 847 1292 889 Acheron
1313 863 1365 888 ex
1383 849 1525 890 inferis
1543 864 1678 890 emer-

132 916 237 963 gunt
264 915 307 947 et
330 921 454 961 supra
483 913 638 952 terram
666 921 750 946 sese
782 907 1011 947 effundunt.
1073 907 1311 962 Comparari
1341 914 1474 961 potest
1498 909 1680 963 priscum

133 968 239 1008 illud
266 965 577 1021 philosophema
601 967 651 1005 de
677 980 823 1020 magna
852 967 896 1006 in
917 973 1052 1006 terrae
1070 967 1296 1006 visceribus
1311 967 1457 1021 abysso
1478 974 1519 1008 et
1550 982 1681 1021 aqua-

133 1042 227 1067 rum
253 1026 533 1079 receptaculo:
574 1025 625 1064 de
651 1039 733 1078 quo
767 1026 992 1065 seeundum
1028 1026 1280 1078 antiquiores
1310 1026 1425 1066 Plato
1452 1027 1682 1080 disputavit

133 1088 175 1126 in
194 1084 412 1124 Phaedone
434 1085 548 1124 Tom.
581 1085 611 1134 I,
638 1098 728 1137 pag.
754 1087 838 1127 112
873 1082 1049 1139 (Bipont.
1078 1099 1120 1138 p.
1150 1086 1235 1129 253
1256 1083 1332 1140 sq.)
1363 1092 1405 1125 et
1426 1091 1569 1125 contra
1588 1100 1682 1126 eum

132 1144 374 1190 Aristoteles
395 1143 659 1195 Meteorolog.
690 1143 739 1193 ΙΙ,
760 1146 801 1193 2,
825 1157 864 1196 Ρ.
888 1147 973 1187 779
998 1145 1042 1183 B.
1061 1145 1104 1183 G.
1121 1143 1180 1184 du
1200 1144 1317 1195 vall„
1349 1145 1414 1183 cui
1431 1144 1554 1184 inniti
1577 1151 1682 1199 puto

134 1203 413 1244 narrationem
434 1202 547 1255 apud
565 1204 703 1242 Senec.
728 1202 820 1241 Nat.
845 1202 927 1251 Qu.
956 1203 1006 1254 V,
1036 1203 1088 1246 15
1121 1216 1173 1241 ex
1194 1201 1499 1256 Asclepiodoto:
1529 1204 1683 1243 demis-

133 1278 198 1302 sos
215 1278 242 1301 a
264 1262 463 1314 Philippo
480 1264 524 1300 in
548 1261 763 1300 metallum
780 1264 997 1315 antiquam
1017 1263 1116 1301 olim
1137 1261 1372 1301 destitutum
1386 1284 1445 1292 —
1464 1263 1592 1316 longa
1611 1265 1683 1302 via

122 1322 338 1375 ίῙὶιίὶςαίοο
351 1351 362 1371 ,
396 1321 547 1360 vidisse
555 1321 747 1372 flamina
765 1321 951 1373 ingentia
972 1329 1010 1359 et
1027 1329 1245 1372 conceptus
1263 1335 1471 1374 aquarum
1494 1323 1684 1360 inertiam

137 1389 272 1420 vas-los
299 1394 426 1432 pare-s
462 1380 609 1418 nostris
627 1400 686 1408 --
710 1378 859 1418 liberae
893 1381 1107 1429 laxitalis,
1142 1394 1224 1418 non
1248 1381 1335 1418 sine
1362 1380 1523 1419 horrore
1553 1382 1677 1420 visos.

134 1439 330 1479 Fundum
360 1444 500 1477 autem
525 1436 661 1491 mythi
693 1443 766 1476 aut
790 1438 888 1477 feeit
917 1443 989 1477 aut
1009 1439 1215 1478 illustrare
1235 1451 1321 1477 rem
1343 1444 1482 1493 potest
1497 1439 1685 1479 Oceanus

136 1498 249 1552 apud
268 1498 496 1537 Homerum
518 1511 598 1536 vss.
628 1510 723 1565 sup.
746 1496 799 1535 ad
830 1499 912 1539 381
948 1497 1060 1537 laud.
1084 1497 1366 1551 βαθυρῤείταο
1394 1496 1497 1552 μέγα
1533 1496 1686 1548 σθένος

134 1554 372 1603 Ὠκεανοῖο,
404 1552 482 1606 Ἐξ
502 1549 632 1610 οὗπερ
663 1571 816 1605 παντες
843 1556 1020 1610 ποταμοὶ
1053 1555 1124 1598 καὶ
1144 1559 1259 1598 πᾶσα
1278 1553 1472 1598 θάλασσα
1494 1555 1579 1598 Και
1601 1559 1685 1598 πᾶ-

138 1629 207 1658 σαι
225 1618 381 1671 κρῆναι
406 1614 477 1656 καὶ
501 1615 676 1670 φρείατα
703 1630 840 1669 μακρα
863 1628 1051 1657 ναουσιν.

255 1698 463 1738 Cavernae
493 1696 617 1736 huius
645 1696 863 1736 immensae
899 1698 974 1737 sub
1009 1704 1122 1737 terra
1151 1698 1292 1749 facies,
1332 1712 1356 1737 a
1389 1703 1511 1752 poeta
1535 1695 1685 1737 adum-

136 1759 257 1797 brata
272 1788 282 1807 ,
309 1756 479 1796 videtur
507 1769 591 1795 esse
622 1754 743 1795 haec:
771 1762 819 1795 ut
842 1756 925 1796 sint
947 1757 992 1796 in
1024 1771 1069 1796 ea
1087 1758 1238 1811 passim
1261 1758 1478 1811 speluncae
1499 1756 1623 1809 inque
1637 1757 1687 1795 iis

137 1818 251 1856 lacus
268 1816 415 1855 inclusi
431 1828 679 1867 magnaeque
706 1815 854 1865 silvae,
885 1829 959 1869 per
977 1830 1077 1868 quas
1102 1817 1274 1856 flumina
1295 1817 1436 1856 subter
1457 1822 1614 1855 terram
1635 1829 1688 1854 ex

137 1875 309 1915 lacubus
332 1874 567 1928 profluant,
605 1879 655 1912 ut
687 1873 789 1912 adeo
822 1872 867 1911 hi
895 1875 1007 1913 lacus
1041 1875 1117 1914 sub
1147 1881 1258 1914 terra
1289 1889 1366 1928 pro
1390 1874 1575 1914 sontibus
1592 1874 1688 1924 sint,

138 1934 250 1974 unde
280 1933 350 1972 illa
372 1939 511 1972 ortum
526 1931 734 1982 habeant,
776 1931 907 1971 donec
929 1933 1187 1985 aliquantum
1212 1947 1425 1987 progressa
1454 1947 1581 1986 supra
1597 1939 1688 1972 ter-

139 2008 230 2033 ram
250 1992 426 2031 emicent
445 1992 559 2030 fonte
576 1990 904 2043 unumquodque
925 2006 1019 2032 suo:
1049 1994 1225 2045 Iamque
1245 1992 1413 2031 domam
1430 1994 1586 2031 mirans
1601 2005 1688 2044 sqq.

141 2055 226 2095 363
258 2065 344 2103 sqq.
406 2049 500 2099 Qua
526 2050 591 2100 vi,
635 2064 717 2102 quo
738 2055 875 2100 motu,
911 2051 1084 2090 fiumina
1105 2052 1163 2090 ita
1182 2051 1226 2090 in
1249 2051 1379 2091 altum
1397 2051 1605 2101 serantur,
1637 2064 1690 2090 ex

140 2112 223 2151 imo
250 2117 459 2149 terrarum
489 2109 620 2148 fundo
652 2111 891 2162 assurgant,
934 2116 995 2161 et,
1028 2110 1235 2163 quomodo
1257 2123 1310 2149 ex
1335 2124 1420 2150 uno
1436 2109 1527 2149 loco
1549 2122 1690 2149 omnes

142 2183 279 2209 amnes
300 2168 469 2222 prodire
491 2168 670 2221 possint,
701 2173 751 2207 ut
772 2168 960 2220 doceret,
991 2183 1014 2208 a
1030 2175 1155 2223 poeta
1175 2169 1384 2223 expectari
1399 2182 1485 2208 non
1502 2174 1689 2222 poterat;

143 2244 165 2268 a
185 2228 357 2283 physico
379 2227 461 2267 hoc
478 2227 708 2280 postulares
725 2226 828 2267 iure.

260 2311 345 2350 Iam
370 2310 555 2350 Caverna
573 2308 676 2349 haec
691 2324 766 2363 pro
789 2309 900 2362 regia
922 2309 1058 2362 aliqua
1074 2309 1300 2350 fluviorum
1319 2315 1360 2349 et
1379 2323 1580 2363 aquarum
1604 2323 1691 2349 non

142 2370 248 2410 male
269 2369 413 2409 haberi
436 2374 613 2422 poterat.
673 2368 717 2407 Si
733 2375 856 2422 poeta
875 2368 1027 2408 Oceani
1052 2369 1205 2422 regiam
1229 2382 1277 2409 eo
1297 2369 1420 2409 modo
1444 2368 1690 2409 adumbras-

144 2436 226 2469 set:
257 2428 362 2468 nihil
385 2434 489 2482 puto
517 2428 625 2467 foret
643 2427 758 2481 quod
780 2427 1042 2467 mirationem
1062 2429 1226 2468 faceret.
1287 2428 1396 2468 Talis
1420 2427 1601 2481 Neptuni
1619 2426 1692 2467 re—

145 2489 209 2541 gia
229 2488 378 2541 passim
398 2486 666 2538 describitur3
696 2486 811 2526 Iliad.
840 2502 877 2537 ν,
907 2489 979 2529 21.
1002 2488 1108 2527 conf.
1135 2486 1257 2528 Ovid.
1275 2486 1373 2527 Met.
1395 2486 1426 2538 I,
1449 2489 1536 2530 276
1554 2499 1626 2539 sq„
1647 2485 1693 2525 in

144 2547 224 2587 hac
253 2545 473 2586 Nereidum
495 2545 621 2585 Chori
648 2545 760 2599 apud.
778 2545 919 2599 Eurip.
939 2545 1090 2585 Troad.
1118 2560 1182 2599 pr.
1205 2545 1326 2585 Nerei
1356 2545 1503 2586 domus
1522 2545 1567 2585 in
1588 2544 1693 2584 mari

147 2605 305 2658 Aegaeo
334 2605 447 2658 apud
479 2602 667 2657 Apollon.
698 2604 767 2655 IV,
799 2607 898 2647 772.
928 2610 970 2643 et
997 2604 1112 2644 Iliad.
1131 2621 1168 2655 α,
1198 2605 1297 2648 358.
1327 2604 1427 2644 item
1446 2603 1633 2643 Thetidis
1653 2608 1695 2642 et

146 2666 402 2718 Eurynomes
438 2663 553 2702 Iliad.
572 2676 606 2713 6,
633 2662 721 2705 402
751 2662 824 2702 ubi
851 2663 1059 2703 Vulcanus
1074 2663 1266 2703 latuerat.
1326 2663 1382 2702 At
1403 2663 1519 2703 Maro
1543 2663 1694 2702 obscu-

147 2723 260 2765 ravit
278 2728 555 2762 commentum
577 2721 684 2761 illud
702 2722 911 2775 poeticum
932 2722 1085 2761 inflexa
1107 2736 1248 2761 rerum
1268 2722 1420 2775 specie,
1453 2721 1553 2761 dum
1571 2720 1695 2761 Penei

148 2782 328 2822 fluminis
364 2781 517 2834 regiam
547 2780 599 2819 ad
631 2780 807 2819 eundem
838 2781 1011 2820 modum
1044 2780 1328 2831 adumbravit,
1360 2794 1441 2833 quo
1457 2780 1612 2820 Oceani
1627 2779 1696 2820 vel

149 2841 268 2881 Nerei
286 2871 296 2891 ,
330 2846 403 2879 aut
419 2841 526 2879 sorte
544 2837 734 2889 Acheloi,
767 2839 947 2878 amnium
969 2839 1259 2892 antiquissimi,
1291 2839 1464 2879 describi
1481 2839 1694 2893 potuisset.

149 2901 253 2940 Nam
281 2912 355 2952 per
385 2912 425 2938 se
456 2898 637 2938 Flumini
666 2897 743 2936 deo
771 2898 918 2937 domus
945 2911 1017 2937 seu
1048 2898 1158 2951 regia
1190 2904 1303 2937 recte
1332 2898 1613 2938 tribuebatur:
1654 2903 1697 2936 et

149 2960 194 2998 in
227 2958 315 3012 ipso
339 2958 471 2997 Peneo
494 2957 575 2996 hoc
610 2970 661 2995 ex
690 2963 907 3009 poetarum
935 2970 1015 2996 usu
1044 2963 1295 3009 exsequutus
1321 2963 1383 2997 est
1410 2956 1532 2997 ovid.
1550 2955 1646 2996 Met.
1665 2955 1696 3005 I,

151 3018 236 3061 568
266 3029 343 3068 sq.:
391 3017 467 3055 Est
498 3031 641 3055 nemas*
679 3017 943 3054 Haemoniae
978 3021 1055 3055 ete.
1088 3038 1148 3045 ——
1197 3017 1322 3055 Haec
1368 3016 1513 3054 domus
1531 3045 1542 3065 ‚
1593 3015 1699 3053 haec

151 3076 264 3114 sedes
285 3105 296 3127 ,
344 3075 446 3114 llaec
478 3083 571 3113 sanc
611 3075 837 3113 venetrah‘a
881 3076 1031 3127 magni
1068 3076 1217 3113 Amnis
1229 3090 1245 3123 ;
1299 3076 1344 3113 ιἠ,
1393 3073 1470 3113 Ιὶοσ
1501 3074 1694 3123 residens,
