1734 3320
241 166 732 251 GEORGIdoN
765 191 1339 264 Lrss.111,231-241
1447 206 1553 260 543

30 325 190 392 Signa
213 334 427 390 movet,
470 341 842 393 praecepsque
883 325 1116 377 oblitum
1163 327 1337 380 fertur
1362 332 1419 382 in
1447 332 1545 383 ho-

818 404 986 448 stem:
1106 424 1107 427 ¹

25 464 245 515 Fluctus
259 464 339 515 uti
353 463 541 514 medio
563 465 745 532 coepit
766 482 936 533 quum
957 465 1229 517 albescere
1245 478 1435 535 ponto,

25 535 262 600 Longius
283 551 346 585 ex
365 534 583 602 altoque
605 536 784 585 sinum
807 536 989 596 trahit;
1024 545 1220 604 utque,
1256 538 1470 590 volutus

23 604 111 656 Ad
127 613 320 667 terraS‚
357 605 575 656 inmane
600 615 755 655 sonat
779 623 880 674 per
898 624 1039 670 saxa,
1076 624 1259 675 neque
1280 609 1397 676 ipso

23 677 213 727 Monte
230 675 416 725 minor
431 676 766 743 procumbit3
793 686 843 727 at
862 678 968 727 ima
992 687 1257 728 exaestuat
1276 678 1423 729 unda
1445 683 1548 733 240

23 745 356 811 VerticibuS,
394 747 715 815 nigramque
737 747 839 798 alte
863 748 1123 798 subiectat
1142 765 1374 802 arenam.

92 844 211 893 237.
244 855 356 905 UTI,

67 968 140 1005 236
163 966 317 1003 oblicum
347 969 428 1015 (pro
456 968 652 1014 obliquum)
683 969 813 1004 Medic.
841 970 1065 1013 Colotianus,
1100 971 1201 1005 Leid.
1230 983 1329 1005 unus.
1375 971 1447 1005 Sed
1476 970 1548 1005 hoc

22 1015 223 1052 insidiantis
242 1016 362 1060 potius
375 1042 386 1059 ,
411 1029 515 1062 quam
534 1017 665 1052 ferocis
685 1024 722 1050 et
745 1030 822 1051 cum
849 1018 981 1063 impetu
1010 1019 1155 1052 ruentis.
1203 1029 1240 1052 et
1251 1017 1384 1066 fertur
1398 1018 1546 1052 Mentel.

22 1063 116 1098 alter
132 1074 200 1109 pro
222 1063 399 1109 effertur,
424 1071 464 1098 ut
484 1063 606 1098 Heius.
623 1071 739 1110 putat.
834 1065 904 1101 237
931 1067 988 1099 uti
1013 1066 1131 1100 medio
1153 1067 1332 1100 Romanus
1359 1078 1437 1099 cum
1465 1065 1546 1099 aliis

20 1111 151 1152 Pierii,
173 1111 299 1145 decem
330 1111 426 1156 apud
450 1112 573 1146 Heius.
604 1119 641 1145 et
670 1113 786 1146 Burm.
815 1119 888 1145 tres
905 1113 1047 1147 Martin.
1067 1113 1175 1147 Goth.
1202 1125 1292 1154 sec.;
1317 1119 1354 1147 et
1368 1113 1419 1147 ita
1438 1112 1546 1147 scribi

22 1158 200 1193 debebat:
233 1157 450 1204 reposuique
478 1170 570 1193 nunc
599 1171 677 1193 cum
700 1159 876 1193 Brunckio
906 1171 973 1204 pro
1000 1169 1043 1194 ut
1067 1162 1106 1194 in
1133 1161 1263 1194 medio.
1297 1162 1354 1194 uti
1369 1162 1407 1194 in
1427 1160 1547 1194 medio

22 1206 93 1240 duo
112 1205 229 1240 Burni.
255 1205 437 1251 Oblongus
454 1206 574 1248 Pierii,
601 1214 635 1240 et
654 1206 785 1251 Regius
806 1207 949 1241 Martia.
975 1206 1039 1241 ubi
1052 1209 1092 1241 in
1114 1208 1170 1241 ed.
1190 1208 1280 1241 Ven.
1314 1209 1354 1241 in
1372 1208 1546 1254 primo-—

19 1261 137 1301 ponto
157 1251 288 1287 Medic.
313 1265 334 1286 a
359 1265 407 1287 m.
434 1265 525 1297 sec„
549 1254 645 1287 forte
670 1266 712 1287 ex
735 1258 822 1287 Aen.
841 1255 928 1297 VH,
952 1255 1022 1290 528
1046 1255 1202 1288 Fluctus
1220 1256 1278 1288 uti
1288 1256 1409 1301 primo
1427 1257 1547 1301 coepit

20 1298 587 1382 ἵέ“.ΐ.ἒῖῗ“ἔιῖῖ.ἔ“ἷὲῗὶἰο“ῗὶ
603 1301 1309 1383 i⁶53235⁶⁶31033313⁰ss³b⁶22<32²⁶ssss
1327 1302 1485 1390 ἷῖἷι““ὁ“
1498 1308 1546 1382 ἴτ’

20 1385 146 1437 ΧΙΠῙ,
169 1374 284 1436 5,'b‚
308 1395 343 1430 1.
374 1396 472 1440 Wr.)
521 1396 594 1430 Sed
611 1362 694 1430 liid.
720 1374 766 1429 ad
790 1407 867 1429 eum
887 1395 1006 1430 locum
1024 1361 1109 1431 Varii
1127 1397 1226 1430 Lect.
1273 1397 1327 1430 De
1355 1396 1545 1441 interpun-

19 1441 140 1476 ctione
163 1441 236 1476 vid.
250 1441 340 1476 Not.
356 1442 395 1477 h.
414 1442 440 1476 l.
535 1443 609 1479 238
633 1444 739 1477 sinus
756 1443 898 1487 Menag.
925 1455 980 1487 pr.
1030 1452 1142 1489 atque
1167 1444 1320 1478 volutus
1344 1444 1436 1477 Ven.
1454 1443 1545 1476 Par-

18 1489 117 1524 rhas.
133 1489 208 1524 er.
302 1490 374 1526 239
397 1503 466 1524 nec
480 1491 562 1537 ipso
580 1496 663 1523 ante
680 1490 813 1531 Heius„
838 1497 877 1523 ut
895 1490 966 1524 alii.
1014 1503 1133 1536 neque
1147 1492 1227 1539 ipse
1247 1490 1356 1524 Goth.
1376 1502 1460 1531 sec„
1484 1489 1545 1523 fe-

18 1536 81 1571 lici
95 1537 212 1582 lapsu-
238 1536 344 1582 (bene
360 1538 463 1585 ipso5
497 1537 569 1571 vid.
590 1539 634 1579 Q.
653 1538 698 1571 V.
716 1538 849 1578 XVIII,
875 1538 910 1579 3,
935 1550 966 1571 a.
997 1537 1093 1581 Wr.)
1187 1537 1259 1573 240
1283 1546 1324 1571 at
1352 1550 1430 1571 una
1457 1544 1543 1570 tres.

19 1592 58 1618 et
73 1585 147 1618 iam
165 1583 257 1618 Gud.
275 1596 297 1619 a
319 1596 367 1617 m.
383 1596 439 1630 pr.
534 1585 603 1620 241
630 1583 821 1618 subvectat
835 1585 965 1618 Medic.
985 1586 1163 1618 Romanus
1174 1611 1183 1627 ,
1219 1584 1347 1631 optimi
1365 1596 1443 1618 cum
1462 1585 1543 1617 Me—

18 1642 99 1677 nag.
119 1643 175 1676 pr.
192 1632 325 1665 Moret.
341 1638 458 1677 quart.
478 1631 603 1677 fragm.
627 1633 756 1665 Moret.
783 1631 839 1665 ed.
859 1632 1007 1665 Mediol.
1027 1632 1137 1666 Goth.
1159 1644 1228 1666 sec.
1274 1631 1334 1666 Sic
1363 1638 1402 1664 et
1422 1630 1544 1665 varia-

18 1685 80 1712 tur
94 1679 228 1724 Georg.
244 1679 297 1713 IV
297 1705 307 1721 ,
330 1679 412 1714 385.
437 1678 542 1724 (male
562 1677 773 1720 subvectat,
798 1679 894 1724 quod
912 1679 1043 1713 dicitur
1067 1678 1112 1712 de
1132 1691 1253 1713 onere.
1291 1678 1390 1722 Wr.)
1444 1679 1482 1712 V
1478 1692 1545 1712 or*-

18 1724 153 1760 tic-ibus
171 1732 210 1759 et
229 1725 290 1760 hic
306 1725 436 1760 Medic.
464 1738 541 1760 cum
564 1726 629 1766 al.;
664 1733 701 1759 et
721 1725 759 1759 id
779 1733 983 1760 constanter
1005 1727 1106 1773 sequi
1134 1727 1293 1760 debebat
1312 1725 1435 1759 Heins.
1465 1726 1544 1771 (sed

17 1771 88 1807 vid.
108 1784 199 1819 quae
217 1772 344 1819 scripsi
362 1773 411 1808 ad
427 1774 493 1808 Ge.
510 1775 539 1817 1,
562 1772 644 1809 481.
683 1773 781 1818 Wr.)

14 1884 84 1918 tae
109 1879 339 1918 animorum
365 1879 532 1920 affectus
561 1880 754 1919 tribuunt
810 1879 882 1918 Ge.
910 1879 988 1929 IV,
1012 1881 1095 1922 108
1118 1878 1169 1918 de
1195 1879 1337 1932 apibus
1346 1909 1359 1931 ,
1396 1894 1544 1918 non—

14 1936 158 1987 rebus‚
188 1937 334 1989 quibus
351 1933 588 1978 hi'utuntur
603 1938 658 1977 ad
677 1952 747 1977 ex-

15 1995 208 2048 plendam
226 2009 343 2036 suam
359 1997 638 2049 cupiditatem.
658 1996 749 2035 Vid.

15 2053 139 2092 etiam
157 2054 326 2094 Bentlei.
358 2055 411 2093 ad
432 2054 568 2094 Manil.
587 2055 637 2105 11,
649 2055 749 2096 246.

15 2111 229 2164 Virgilium
267 2113 467 2165 expressit
499 2113 619 2151 Silius
650 2112 748 2160 XV,

15 2168 107 2212 64.;
135 2170 311 2220 „torvi
332 2171 382 2209 in
406 2184 608 2210 cornua
631 2176 749 2209 tau-

13 2227 156 2266 ri.“—
164 2230 266 2270 233.
274 2237 488 2281 ventosque
501 2230 581 2268 lae.
594 2227 749 2268 ictibus.

13 2285 216 2335 „Videtur
231 2285 332 2326 mihi
347 2287 633 2340 gladiatorium
654 2299 751 2326 ver-

13 2343 113 2383 bum
153 2345 361 2384 Ventilare
417 2345 750 2385 circumscribere

14 2408 57 2441 et
80 2410 396 2455 repraesentare.
462 2406 510 2444 V
503 2405 669 2442 entilare
693 2402 751 2442 si-

14 2459 178 2512 qnidem
233 2462 478 2514 gladiatores
533 2462 748 2511 dicuntur,

13 2532 141 2570 quum
158 2525 254 2558 ante
270 2534 447 2573 pugnam
466 2521 609 2573 gladiis
627 2520 748 2559 motis

13 2583 57 2616 et
71 2576 233 2617 lusoriis
249 2579 396 2618 ictibus
412 2593 545 2619 aerem
559 2579 747 2618 ferientes

12 2635 244 2688 proludunt
272 2637 326 2675 ad
353 2644 570 2678 certamen.
627 2636 746 2675 Unde

13 2699 57 2732 et
93 2695 243 2733 Seneca
280 2696 400 2747 XXI,
433 2698 529 2739 118.
546 2712 556 2735 ε
609 2695 745 2745 Quam

13 2751 186 2790 stultum
211 2758 293 2803 est,
334 2767 461 2805 quum
489 2755 647 2806 signum
664 2766 744 2806 pu·-

12 2822 114 2861 gnae
137 2811 348 2862 acceperis,
378 2812 615 2852 venfilase.“
634 2813 747 2852 Haec

10 2867 169 2906 Lemar.
204 2869 275 2907 W
268 2867 324 2921 r.)

25 2975 30 2981 .
70 2928 170 2967 286.
208 2925 351 2964 Pulere
391 2940 444 2966 ex
486 2940 531 2966 re
568 2928 745 2977 militari,

14 2997 109 3023 cum
125 2983 262 3035 signa,
292 2985 471 3036 aquilae,
498 2986 745 3026 inseruntur.

810 1940 876 1977 lre
905 1940 980 1976 iter
1003 1946 1075 1976 aut
1097 1940 1240 1976 castris
1271 1937 1436 1976 audebit
1455 1938 1543 1975 vel-

807 1996 886 2033 lere
903 1999 1040 2047 signa.
1085 1995 1265 2045 oblitum,
1293 1995 1364 2047 qui
1382 2009 1543 2034 omnem

806 2053 888 2091 iam
937 2053 1160 2092 adversarii
1206 2054 1269 2092 sui
1304 2054 1542 2092 memoriam

807 2111 941 2150 animo
960 2111 1186 2160 dimiserat,
1225 2111 1408 2163 adeoque
1423 2124 1542 2150 secu-

805 2183 910 2208 rum.
969 2169 1037 2208 Nil
1062 2168 1131 2207 hic
1156 2175 1239 2219 est,
1270 2183 1345 2210 cur
1372 2175 1541 2209 aestues.

806 2230 892 2270 237
910 2249 970 2256 ·—
987 2227 1085 2269 241.
1133 2227 1318 2266 Laudata
1354 2242 1378 2266 a
1401 2228 1541 2267 multis

807 2286 1055 2339 comparatio
1067 2315 1078 2335 ,
1110 2298 1162 2324 ex
1181 2285 1346 2325 Homer.
1370 2285 1483 2325 Iliad.
1503 2286 1541 2337 δ,

806 2344 891 2386 422
908 2365 967 2374 -·
981 2343 1067 2386 426
1108 2357 1298 2397 expressa
1313 2374 1324 2394 ,
1372 2350 1541 2383 notante

804 2403 884 2441 iam
901 2401 1079 2441 Macrob.
1098 2402 1147 2451 V,
1172 2406 1238 2452 13,
1274 2402 1451 2455 repetita
1470 2416 1542 2440 ea-

807 2461 900 2500 dem
923 2460 1023 2500 Aen.
1051 2460 1138 2507 VII,
1166 2461 1252 2504 528
1267 2483 1327 2491 -
1342 2461 1430 2505 530
1460 2461 1540 2499 mi-

804 2533 906 2558 nore
954 2533 1048 2558 cum
1094 2526 1254 2559 ornatu.
1311 2519 1508 2558 albescere
1523 2549 1536 2569 ,

804 2577 918 2630 quod
946 2578 996 2629 de
1012 2578 1293 2631 spumantibus
1307 2577 1435 2616 maris
1456 2577 1539 2616 flu-

804 2636 936 2676 ctibus
971 2636 1128 2675 dictum
1168 2636 1350 2675 illustrat
1388 2636 1537 2684 Cerda,

802 2695 1008 2748 praeclare
1043 2708 1119 2747 pro
1162 2694 1336 2733 existere
1357 2724 1369 2744 ,
1417 2693 1537 2741 oriri,

802 2766 976 2805 surgere.
1006 2755 1104 2795 238.
1121 2752 1259 2792 Potest
1274 2752 1427 2804 duplici
1446 2765 1538 2789 mo-

803 2812 857 2851 do
867 2807 1118 2864 'interpungss
1148 2811 1215 2850 vel
1232 2811 1288 2849 sic
1300 2817 1352 2849 ut
1372 2809 1459 2857 feci,
1490 2813 1538 2846 ut

802 2870 874 2909 sit:
905 2872 967 2907 uti
975 2870 1137 2921 fluctus·
1164 2871 1328 2920 longius
1349 2882 1397 2904 ex
1426 2867 1535 2904 allo-

802 2943 880 2980 que
897 2929 1033 2966 sinum
1064 2926 1188 2965 trahit
1199 2957 1212 2975 ,
1255 2939 1383 2977 quum
1405 2925 1536 2975 coepit

803 2985 1000 3024 albescere
1017 2993 1147 3036 ponto
1177 2983 1323 3022 medie.
1395 2982 1535 3021 Solent
