1734 3320
157 179 261 229 370
491 176 546 225 Ρ.
577 174 942 240 ¹VIRGILII
975 174 1360 225 MARONIS

154 305 361 353 Ventus
388 301 513 363 erit;
549 309 713 351 vento
741 317 959 368 semper
980 300 1141 351 rubet
1164 317 1322 350 aurea
1343 299 1585 354 Phoebe.

157 373 251 423 Sin
272 381 395 435 ortu
415 380 606 440 quarto
621 413 634 435 ,
673 388 911 439 namque
936 372 978 420 is
1001 371 1326 421 certissimus
1348 380 1551 437 auctor,

154 447 292 494 Pura
306 484 319 507 ,
357 459 540 509 neque
564 442 768 492 obtusis
790 459 891 509 per
912 441 1127 492 coelum
1148 442 1402 491 cornibus
1423 442 1542 494 ibit:

159 517 330 564 Totus
353 522 405 563 et
427 513 517 562 ille
544 512 682 578 dies,
722 522 775 562 et
802 513 894 579 qui
919 520 1207 562 nascentur
1230 512 1295 562 ab
1323 511 1415 562 1110

153 587 409 634 Exactum
431 583 498 633 ad
510 600 776 647 mensem,
797 583 977 649 pluvia
991 582 1275 650 ventisque
1293 583 1568 647 carebunt,
1589 584 1692 634 435

153 658 403 722 Votaque
428 654 619 704 servati
643 653 854 707 solvent
879 654 934 702 in
958 653 1117 702 litore
1142 661 1335 702 nautae
1378 663 1379 666 ’

156 725 356 775 Glauco
385 734 438 774 et
461 728 747 791 Panopeae
775 732 828 773 et
849 726 988 774 Inoo
1011 722 1334 774 Melicertae.

224 822 340 870 434.
377 834 468 883 ET,
508 834 602 877 QUI
676 820 791 869 435.
833 832 1138 869 CAREBUNT:

152 948 269 1028 13111ῗὲ
288 956 539 1039 gtriilosinillum
562 993 694 1036 Ruaei,
729 994 873 1027 Catroei
896 994 996 1036 edd„
1031 999 1067 1026 et
1088 1006 1106 1026 c
1128 993 1234 1026 codd.
1255 992 1417 1027 Parrhas.
1437 969 1575 1026 Bm’nei.
1602 993 1693 1026 alter

152 1043 323 1076 Arundel.
343 1042 451 1075 Goth.
473 1054 551 1085 pn,
578 1048 614 1074 et
634 1041 685 1075 sic
707 1041 803 1086 apud
821 1044 991 1075 Senecam
1003 1044 1144 1075 Suasor.
1167 1053 1202 1086 p.
1221 1041 1281 1075 27.
1328 1052 1486 1086 namque
1504 1040 1563 1074 lu's
1580 1040 1691 1073 Goth.

152 1102 206 1134 pr.
228 1091 332 1123 Voss.
361 1101 414 1133 pi.
444 1089 523 1122 edd.
543 1068 632 1122 lunt.
665 1095 700 1122 et
718 1089 798 1122 Ald.
822 1101 875 1133 pr.
928 1091 1060 1134 (neque
1086 1090 1118 1121 is
1135 1087 1263 1121 Medic.
1292 1100 1313 1122 a
1337 1100 1382 1121 m.
1401 1099 1457 1132 pr.
1490 1087 1585 1130 JVr.)
1634 1088 1694 1120 hic

154 1138 258 1170 Voss.
296 1138 447 1170 Versum
469 1136 563 1169 hunc
581 1142 662 1169 ante
681 1136 803 1169 oculos
825 1136 953 1169 habuit
971 1142 1007 1169 et
1027 1148 1069 1168 ex
1086 1135 1124 1168 11.
1144 1135 1168 1168 l.
1190 1135 1477 1179 interpretandus
1498 1140 1553 1167 est
1569 1134 1691 1169 Valer-

151 1184 203 1217 Fl.
221 1185 263 1226 II,
281 1184 350 1219 367
374 1187 425 1217 Et
443 1183 481 1228 (f.
502 1183 555 1227 ut)
583 1183 711 1216 lanam
735 1191 870 1229 quarto
899 1184 1052 1216 densam
1071 1183 1174 1216 videt
1197 1180 1373 1216 imbribus
1399 1190 1484 1216 ortu
1509 1182 1692 1229 Tllespta—

152 1232 235 1271 ἀρε,
269 1243 348 1263 nam
367 1230 581 1264 contrarium
601 1230 674 1264 eius
696 1230 821 1275 ponit,
854 1231 951 1275 quod
970 1231 1070 1263 Maro
1092 1229 1317 1275 pronuntiat:
1351 1229 1406 1262 sin
1427 1229 1511 1262 luna
1530 1240 1604 1262 non
1623 1230 1692 1263 ha—

151 1278 269 1311 buerit
289 1289 421 1311 cornua
437 1285 550 1320 acuta,
572 1278 654 1324 quia
675 1277 826 1311 nubibus
848 1277 965 1311 densis
988 1279 1179 1311 obscurata
1202 1283 1266 1318 est,
1289 1276 1429 1322 Tiphys
1453 1275 1594 1321 colligit
1608 1276 1692 1310 inde

150 1332 401 1370 tempestatem
427 1337 501 1358 non
527 1325 564 1358 in
589 1324 716 1358 melius
742 1331 912 1358 mutatum
940 1325 996 1358 iri.
1091 1325 1163 1360 433
1189 1325 1310 1357 Plena
1328 1335 1447 1370 neque
1466 1322 1608 1358 obtusis
1623 1327 1701 1369 ὃθε

151 1385 238 1406 neca
260 1375 401 1406 Suasor.
452 1374 492 1405 In
517 1373 663 1407 Einonis
687 1372 864 1406 Chronico
892 1372 1035 1418 vulgato
1062 1372 1100 1405 in
1124 1371 1284 1405 Analect.
1310 1370 1486 1404 Matthaei
1509 1372 1611 1405 Tom.
1632 1372 1691 1413 111,

150 1433 185 1465 p.
207 1419 505 1473 1213vu1gatum,
530 1432 566 1464 p.
590 1421 668 1456 138
695 1422 803 1454 Laxa
831 1433 899 1453 nec
921 1419 1085 1454 obscuris
1105 1418 1269 1460 recitari,
1302 1418 1439 1451 monuit
1457 1419 1574 1452 Burin.
1626 1417 1692 1454 ob-

151 1468 274 1500 tunsi-s·
294 1466 331 1500 in
355 1469 513 1501 Romano
536 1474 572 1501 et
589 1467 707 1500 multis
731 1467 908 1500 sciibitur.
958 1479 1025 1501 nec
1045 1466 1154 1500 Pierii
1174 1465 1278 1506 libri,
1305 1472 1341 1498 et
1362 1466 1469 1499 Goth.
1494 1477 1549 1509 pr.
1620 1466 1692 1502 434

151 1522 327 1547 nascetur
346 1516 446 1548 Rom.
465 1515 574 1548 Pierii
603 1521 640 1548 et
661 1514 791 1559 Regius
811 1514 967 1548 Martini.
1013 1522 1227 1548 nascuntur
1245 1513 1407 1557 Longob.
1428 1512 1549 1547 Pierii.
1619 1511 1690 1549 435

151 1560 292 1594 carebit
314 1562 369 1595 ed.
389 1563 479 1595 Ven.
559 1562 631 1597 436
656 1563 706 1596 ad
725 1563 838 1595 litora
858 1563 1048 1596 Romanus.
1135 1560 1206 1596 437
1231 1562 1423 1608 Panopiae
1439 1559 1569 1594 Medic.
1610 1561 1691 1594 Pa-

150 1621 271 1654 nopae
294 1608 707 1643 ed.1unt.Melicerti
733 1608 861 1643 Medic.
890 1622 910 1643 a
937 1622 982 1642 m.
1012 1621 1067 1653 pr.
1119 1608 1338 1654 (Melie-etti,
1373 1614 1488 1640 ortum
1514 1619 1556 1640 ex
1575 1608 1710 1641 Meli-¹

152 1663 270 1696 certe,
303 1662 342 1688 ut
370 1662 484 1689 exstat
504 1657 539 1689 in
559 1657 637 1690 cod.
659 1658 781 1698 Rom„
809 1664 861 1690 est
880 1656 983 1701 prior
1001 1656 1111 1689 lectio
1133 1655 1262 1688 Medic.
1312 1654 1475 1688 Ceterum
1494 1654 1553 1692 vix
1572 1662 1691 1700 potest

152 1702 317 1743 dubitari,
333 1703 416 1759 quin
431 1704 645 1762 Glaucoque
663 1703 848 1760 scripserit
858 1703 1051 1760 Virgilius5
1074 1703 1145 1737 vid.
1158 1704 1200 1744 Q.
1216 1704 1256 1737 V.
1269 1703 1335 1745 XI,
1355 1702 1390 1738 3.
1422 1702 1518 1747 Wr.)
1554 1703 1691 1736 Graece

478 959 510 992 q.
541 946 673 979 editum
695 946 800 980 video
829 958 940 992 usque
964 946 1008 979 ad
1026 946 1255 979 Pulmannum
1280 950 1504 986 constanter3
1539 944 1693 978 retinent

153 1756 263 1782 esset:
299 1747 459 1797 Γλαύκῳ
484 1749 548 1785 καὶ
569 1751 767 1797 Πανοπείῃ
792 1747 848 1785 ἰδ’
876 1747 989 1798 'Ivm'cp
1011 1747 1235 1796 Μελικέρτῃ.

152 1855 266 1907 nigla
286 1856 387 1894 fuel
378 1862 430 1906 1t,
462 1856 494 1894 si
516 1856 630 1909 nigro
650 1870 740 1895 aere
759 1869 891 1896 novae

151 1913 271 1952 lunae
303 1928 432 1953 cornu
458 1915 583 1953 suerit
614 1915 890 1955 obscuratum.

152 1972 250 2013 429.
290 1973 483 2024 agricolis
511 1974 771 2026 pelagoque,
812 1988 889 2026 pro

98 2025 103 2031 ¹
153 2030 300 2069 nautis.
359 2031 418 2068 Ne
440 2030 624 2081 haereas,
657 2046 731 2070 cur
749 2032 890 2084 pelago

152 2087 281 2126 imber
300 2088 492 2128 minetur.
538 2089 635 2131 431.
667 2099 781 2129 vento
802 2090 844 2129 h.
863 2091 889 2130 l.

154 2159 246 2184 cum
273 2153 421 2186 ventus
449 2149 613 2187 futurus
643 2155 716 2187 est.
774 2147 890 2187 Arat.

153 2204 323 2244 Diosem.
353 2206 421 2248 52.
451 2207 518 2248 53.
581 2204 764 2260 (Semper
788 2207 829 2246 11.
851 2207 891 2257 1.,

153 2269 202 2301 ut
233 2263 432 2302 Graecum
461 2260 548 2313 οἷεί,
588 2264 638 2303 de
670 2279 738 2315 eo,
780 2265 893 2316 quod

153 2320 242 2359 fieri
269 2322 392 2372 solet,
421 2329 620 2364 ‚nostrum
642 2323 761 2370 jedes
785 2324 887 2373 mal,

155 2379 235 2417 alle
254 2380 354 2417 mal.
396 2382 466 2420 W
459 2379 514 2434 r.)
575 2380 672 2423 432.
703 2382 794 2420 Non
812 2381 891 2420 ha—

153 2437 252 2486 beo,
302 2438 506 2488 quomodo
545 2438 645 2478 haec
681 2439 890 2479 conciliem

156 2507 249 2533 cum
268 2509 390 2534 verSS.
410 2495 526 2535 Arati
550 2501 617 2540 60.
639 2500 707 2539 61.
727 2498 796 2550 qui
814 2513 889 2551 χει-

156 2555 294 2606 μῶνα,
336 2562 632 2605 tempestatem,
676 2556 890 2608 significari

157 2611 224 2649 ait.
285 2611 365 2649 Nisi
395 2612 529 2662 Mam,
569 2628 647 2652 vss.
676 2614 723 2652 iis
752 2615 889 2666 negle—

157 2668 252 2719 ctis,
277 2684 355 2708 vss.
376 2673 443 2712 62.
465 2643 529 2712 63>
542 2672 758 2724 expressit:
791 2672 828 2713 εἰ
846 2671 890 2712 δέ

156 2742 227 2768 κεν
260 2727 303 2768 οἱ
338 2724 499 2779 κεράων
530 2726 576 2770 τό
609 2725 811 2783 μετήορον
844 2724 892 2770 εὐ

158 2781 363 2834 ἒπινεύοι,
396 2785 605 2838 δειδέχθαι
636 2787 788 2841 βορέω.
828 2789 892 2825 sin

157 2858 281 2881 cornu
298 2846 481 2894 superias
498 2843 592 2882 bene
610 2860 706 2883 eum
708 2854 823 2883 atum
840 2846 894 2883 sit

159 2900 266 2955 (tum
295 2914 389 2939 sane
420 2902 518 2940 luna
553 2917 633 2940 non
660 2911 717 2940 esc
743 2902 890 2941 oblasis

157 2958 357 3014 comibus)
372 2969 538 3011 expeela
554 2961 801 3013 aquilonem,
822 2961 891 3013 qui

948 1857 1077 1895 nubes
1105 1856 1302 1910 dispellat.
1363 1855 1540 1895 Omnino
1579 1855 1691 1908 apud

949 1914 1123 1954 Aratum
1157 1915 1292 1954 omnia
1327 1915 1540 1953 subtiliora
1579 1920 1688 1964 sunt,

950 1988 1043 2012 cum
1063 1973 1271 2012 fastidiosa
1293 1974 1408 2025 copia
1425 1972 1571 2011 talium
1588 1986 1689 2025 pro-

948 2032 1245 2084 gnosticorum:
1277 2045 1357 2083 qua
1381 2031 1550 2084 quidem*
1567 2030 1611 2069 in
1629 2043 1688 2080 re,

950 2090 1252 2143 comparatione
1293 2090 1508 2142 utriusque
1543 2095 1689 2142 poetae

949 2149 1079 2199 facta,
1116 2149 1231 2188 facile
1261 2147 1524 2187 admiraberis
1549 2146 1689 2186 Maro-

949 2207 1011 2246 nis
1036 2207 1233 2247 iudicium
1258 2207 1302 2245 111
1321 2206 1472 2246 dilectu
1492 2212 1533 2245 et
1548 2205 1688 2245 brevi-

949 2266 1045 2304 tatis
1076 2265 1224 2304 studio.
1274 2274 1438 2315 auctor,
1473 2264 1544 2316 qui
1565 2263 1689 2317 polli-

951 2330 1088 2374 cetur,
1128 2324 1399 2374 vaticinatur,
1437 2323 1480 2362 h.
1508 2323 1534 2361 l.
1567 2335 1688 2375 prae-

950 2382 1062 2434 sagit.
1122 2381 1220 2425 436.
1252 2381 1351 2424 437.
1393 2380 1581 2421 Secunda
1609 2381 1689 2420 erit

949 2440 1167 2492 navigatio.
1244 2441 1330 2479 Iam
1362 2439 1449 2482 437
1482 2438 1689 2478 Parthenii

949 2512 1114 2537 versum
1144 2511 1249 2548 esse,
1289 2511 1341 2537 ex
1361 2497 1463 2537 Gell.
1483 2497 1593 2547 XIII,
1616 2499 1686 2547 26,

950 2556 1178 2597 etMacrob.
1189 2557 1236 2606 V,
1253 2558 1306 2598 17
1325 2556 1533 2595 novimus:
1556 2549 1687 2596 Γλαυ-

949 2630 1007 2670 κῳ
1027 2614 1096 2654 καὶ
1127 2617 1258 2668 Νηρεῖ
1275 2613 1344 2654 καὶ
1364 2612 1578 2668 (1.Νηρῆϊ
1598 2611 1685 2667 και)

945 2656 1070 2727 Ἰνώῳ
1102 2670 1363 2728 Μελικέρτῃ,
1405 2684 1476 2711 seu
1508 2677 1557 2710 ut
1586 2671 1686 2710 Gell.

947 2728 1113 2779 laudat,
1156 2729 1228 2768 sed
1269 2743 1321 2768 ex
1358 2730 1687 2783 interpolatione,

956 2788 1136 2843 Εἰναλίῳ
1156 2787 1399 2845 Μελικέρτῃ.
1431 2790 1602 2839 Panope
1621 2788 1687 2827 vel

951 2847 1166 2896 Panopeia
1189 2830 1413 2899 (Πανόπη,
1449 2842 1685 2900 Πανόπεια)

950 2909 1011 2941 est
1036 2904 1142 2942 inter
1163 2904 1370 2943 Nereides:
1400 2903 1501 2943 Aen.
1521 2904 1570 2954 V,
1589 2902 1686 2946 240.

950 2963 1210 3000 Melicertam
1249 2969 1386 3002 autem
1428 2975 1512 3000 esse
1545 2962 1688 3001 Palae-
1732 2960 1734 2966 ’
