1734 3320
153 219 255 268 440
498 218 554 267 P.
593 217 952 267 VIRGILII
995 215 1372 267 MARONIS

153 345 249 407 Ut,
296 359 405 410 quo
445 360 693 411 quaeque
727 342 898 392 modo
933 343 1162 408 steterit,
1209 360 1314 410 qua
1346 348 1497 410 parte
1535 339 1678 390 calo-

153 483 432 534 Austrinos
452 481 659 545 tulerit,
698 500 834 550 quae
859 429 1325 548 terlggsobverterit
1351 481 1454 544 axi,
1574 417 1678 464 270

152 553 479 615 Restituant3
504 552 641 603 adeo
662 553 717 602 in
738 553 938 602 teneris
958 568 1311 602 consuescere
1328 550 1563 601 multum
1587 557 1678 602 est.

156 623 418 688 Collibus,
457 640 523 672 an
546 623 710 690 plano
735 622 927 672 melius
950 623 1015 671 sit
1036 638 1245 688 ponere
1269 622 1457 685 vitem,

143 696 368 759 (Quaere
395 694 556 760 prius,
630 693 685 742 Si
705 693 916 759 pinguis
938 707 1090 757 agros
1109 691 1388 742 metabere
1415 691 1610 758 campi:

1631 777 1650 788 e

200 835 271 870 270
288 837 338 868 Et
361 833 451 867 Gud.
472 845 491 866 a
513 844 558 866 m.
577 844 650 866 sec.
671 832 843 866 steterint
864 852 909 857 —-
930 832 1093 866 tulerint
1113 851 1158 857 —
1182 830 1382 866 obverterit
1400 831 1531 866 Medic.
1578 832 1682 866 colo-

156 894 216 915 res
232 881 327 914 idem
346 893 365 914 a
387 893 431 913 m.
453 892 506 925 pr.
610 880 678 914 271
705 891 800 924 quae
825 888 934 925 terga
951 879 1073 912 Heius.
1098 878 1279 912 revocavit
1293 905 1303 921 ,
1339 879 1435 924 quod
1470 891 1590 913 omnes
1619 891 1682 913 su-

155 928 312 974 periores
335 928 413 960 edd.
434 926 639 967 obtinebat;
672 925 754 958 inde
784 938 804 958 a
827 925 1088 959 PuImannianis
1114 925 1311 959 invaluerat
1335 938 1431 971 qua,
1464 938 1553 972 quae
1582 938 1682 960 com—

155 975 266 1009 munis
299 981 391 1008 esset
412 973 527 1014 ratio3
559 973 653 1006 forte
675 985 716 1006 ea
749 984 822 1006 non
847 973 974 1014 lectio,
1009 973 1073 1006 sed
1097 973 1258 1019 sphalma
1283 972 1477 1007 librarium.
1526 986 1621 1019 quae
1647 982 1684 1007 et

155 1023 278 1067 fragm.
299 1023 428 1054 Moret.
476 1022 537 1054 cui
560 1020 617 1053 vel
634 1021 722 1067 quoi
737 1020 938 1054 coniecerat
954 1021 1077 1054 Heius.
1126 1028 1231 1054 terra
1255 1032 1342 1053 unus
1373 1020 1491 1054 Mead.
1542 1019 1683 1054 obver—

156 1078 251 1103 terec
268 1068 414 1102 Mentel.
434 1080 487 1114 pr.
513 1067 620 1101 Goth.
643 1079 698 1112 pr.
747 1069 928 1101 averterit
948 1068 1049 1101 Leid.
1072 1080 1127 1113 pr.
1222 1068 1295 1103 272
1318 1068 1358 1100 in
1384 1068 1524 1112 teneris
1553 1067 1681 1102 Medic.

157 1123 193 1149 et
210 1116 387 1149 meliores.
438 1127 461 1148 a
477 1115 614 1148 teneris
632 1114 711 1157 alii,
738 1114 788 1147 ait
810 1114 993 1148 Heinsius:
1025 1127 1091 1148 nec
1121 1120 1240 1147 tamen
1267 1114 1341 1148 vidi
1367 1114 1418 1148 sic
1437 1108 1588 1157 editum,
1623 1120 1683 1148 aut

154 1163 303 1203 lectum3
326 1162 394 1195 nisi
415 1161 510 1208 quod
531 1161 667 1195 Pierius
686 1161 879 1215 praefixum
898 1162 1011 1196 habet
1028 1168 1206 1207 tamquam
1226 1162 1278 1195 ita
1298 1161 1337 1195 in
1360 1161 1458 1195 edito
1473 1188 1482 1204 ,
1507 1173 1577 1207 quo
1598 1168 1683 1195 ute-

155 1211 278 1253 batur,
301 1210 441 1243 lectum.
487 1211 534 1242 At
551 1208 698 1242 excitari
722 1209 817 1242 solet
839 1222 860 1242 a
892 1209 1136 1243 Grammaticis
1162 1221 1186 1242 a
1204 1210 1362 1250 teneris,
1401 1214 1438 1242 et
1458 1215 1513 1242 est
1537 1208 1599 1242 illa
1617 1222 1683 1243 va-

155 1257 263 1290 rietas
292 1257 329 1290 in
351 1256 573 1299 Quinctil.'1‚
598 1257 634 1297 3,
660 1257 726 1297 13,
751 1256 812 1290 ubi
838 1269 958 1290 versus
981 1257 1163 1290 laudatur:
1198 1262 1237 1288 ut
1267 1255 1409 1290 omnino
1428 1256 1682 1290 Grammaticos

155 1304 261 1349 vulgo
284 1317 307 1337 a
327 1305 466 1337 teneris
483 1303 646 1336 laudasse
662 1303 858 1348 probabile'
870 1304 927 1337 sit.
962 1317 986 1337 a
1005 1304 1144 1337 teneris
1164 1311 1377 1336 assuescere
1393 1304 1547 1337 multum
1563 1304 1682 1337 Schol.

156 1351 281 1385 Horat.
301 1351 412 1384 Carm.
429 1352 488 1393 ΙΙΙ,
514 1352 569 1392 11,
593 1351 628 1385 9.
653 1362 908 1384 mansuescere
928 1351 1052 1395 fragm.
1076 1351 1206 1383 Moret.
1242 1350 1399 1383 multum
1413 1352 1462 1384 ’st
1478 1352 1579 1384 Rom.
1598 1351 1684 1384 Pie—

155 1411 211 1432 ru.

157 1447 207 1480 sit
233 1458 410 1492 quaerere
437 1446 532 1478 vites
563 1445 617 1478 ed.
650 1446 740 1478 Ven.

305 1399 375 1434 273
397 1406 465 1431 aut
485 1398 604 1444 plano
624 1397 757 1431 Zulich.
790 1399 902 1431 vitem
920 1398 1042 1431 Heius.
1071 1410 1089 1431 e
1108 1396 1237 1430 Medic.
1271 1403 1308 1430 et
1333 1396 1404 1430 alii.
1453 1398 1550 1431 vites
1565 1398 1683 1443 vulgo.

837 1445 906 1481 274
931 1447 973 1480 Si
1000 1445 1127 1478 Medic.
1163 1457 1182 1477 a
1211 1456 1256 1477 m.
1274 1456 1344 1478 sec.
1376 1444 1546 1479 additum.
1580 1447 1685 1493 agris

157 1491 286 1526 metab.
302 1504 448 1540 campos
465 1492 556 1526 Gud.
605 1491 811 1526 mercabere
828 1504 894 1538 pro
913 1505 985 1527 var.
1003 1493 1085 1526 lect.
1103 1493 1232 1525 Moret.
1249 1503 1304 1537 pr.

157 1607 358 1659 ignotam,
399 1611 651 1644 terramve
686 1607 885 1658 ignorent,

159 1666 340 1717 adeoque
368 1677 443 1703 nec
459 1664 722 1715 adsuescant,
753 1678 829 1703 nec
847 1664 890 1702 in

158 1737 204 1762 ea
223 1723 459 1776 proficiant,
491 1721 594 1760 nihil
616 1723 762 1762 ferant.

216 1784 299 1824 269
314 1804 373 1811 —
391 1783 488 1822 272.
529 1780 752 1820 Provident
785 1794 891 1831 quo-

159 1853 257 1891 que,
297 1840 367 1890 qui
386 1839 489 1877 vites
506 1838 714 1890 plantant,
753 1844 802 1877 ut
823 1851 891 1877 re-

160 1898 336 1936 stituant
373 1910 699 1948 unamquamque
748 1897 889 1934 eodem

160 1956 254 2005 situ,
286 1955 496 1994 cardinum
518 1954 616 1992 caeli
631 1954 789 1993 ratione
811 1954 890 1993 ha·-

157 2014 268 2063 bita,
299 2027 379 2065 quo
406 2013 449 2051 in
475 2012 688 2051 seminario
709 2018 889 2051 steterat.

161 2087 340 2127 quaeque
359 2070 496 2123 paullo
526 2070 646 2109 altius
666 2070 718 2109 ad
733 2070 891 2109 arbores

160 2144 200 2170 v.
230 2131 315 2172 267
346 2128 614 2167 referendum.
653 2129 806 2168 Colum.
843 2129 893 2179 V,

162 2191 202 2237 6,
236 2190 300 2229 19.
326 2190 381 2229 20
410 2186 524 2226 hunc
542 2187 677 2225 locum
693 2187 736 2225 in
758 2187 892 2226 animo

160 2245 318 2285 habuit.
376 2246 432 2283 De
474 2245 686 2284 arboribus
727 2245 892 2284 Omnino

162 2304 302 2342 eadem
322 2317 383 2356 ap.
399 2303 500 2342 Plin.
521 2303 648 2353 XVII,
669 2318 699 2342 s,
724 2306 794 2345 16.·
808 2305 892 2352 axi,

161 2362 255 2415 polo
276 2361 612 2414 septemtrionali3
643 2362 684 2400 vi
706 2361 892 2414 appositi.

163 2420 352 2472 Signatur
395 2420 438 2458 in
487 2420 625 2471 planta
670 2419 894 2459 meridiana

164 2479 261 2517 caeli
286 2492 380 2532 pars
408 2478 450 2516 in
478 2478 649 2527 cortice,
688 2484 738 2516 ut
756 2483 893 2516 trans-

163 2537 246 2575 lata
270 2535 364 2574 vitis
397 2535 535 2574 eadem
568 2542 684 2588 parte
709 2542 895 2574 austrum

164 2600 328 2648 spectet,
350 2594 530 2644 adeoque
549 2608 570 2631 a
586 2599 696 2646 tergo
720 2600 896 2647 septem-

163 2654 338 2692 trionem
355 2651 515 2690 habeat.

222 2714 318 2754 273.
344 2709 441 2751 274.
482 2709 538 2747 Ut
555 2709 676 2760 vulgo
704 2709 805 2748 haec
827 2723 896 2748 ac-

166 2770 394 2823 cipiuntur,
426 2767 530 2806 sitne
563 2767 704 2805 melius
735 2768 896 2806 vineam

164 2829 206 2867 in
238 2828 360 2876 colle,
404 2840 453 2875 an
490 2825 534 2864 in
563 2839 704 2876 campo
738 2826 897 2865 faeere?

164 2886 250 2926 hiat
270 2885 422 2924 oratio:
453 2896 527 2922 nec
557 2883 661 2921 enim
680 2882 792 2921 locus
813 2897 895 2921 esse

164 2945 329 2984 videtur
380 2941 477 2981 huic
531 2940 754 2992 quaestioni
770 2956 786 2990 5
855 2947 895 2979 et

165 3009 386 3054 utrumque
412 3006 453 3039 et
476 3005 586 3038 recte
623 2998 692 3048 fit,
734 3004 775 3036 et
807 2998 895 3038 fieri

945 1610 1095 1658 potest,
1117 1608 1158 1642 et
1172 1616 1417 1655 quamquam
1438 1605 1581 1655 campi
1596 1604 1684 1642 lar-

944 1665 1042 1716 gius
1061 1665 1226 1711 vinum,
1271 1662 1393 1700 colles
1419 1661 1594 1700 nobilius
1605 1661 1684 1714 fie-

947 1730 1052 1759 runt.
1094 1719 1246 1760 Pallad.
1276 1720 1315 1769 Ι,
1344 1723 1382 1770 6,
1414 1722 1453 1762 7.
1500 1720 1683 1772 Geopon.

947 1779 1051 1829 VIII,
1074 1782 1110 1828 1,
1142 1778 1254 1829 quod
1273 1784 1410 1816 tamen
1430 1777 1498 1816 hic
1521 1778 1685 1817 subiici-

949 1843 1019 1875 tur
1032 1867 1043 1887 ,
1073 1835 1176 1875 nihil
1195 1836 1248 1874 ad
1265 1835 1346 1874 hoc
1360 1836 1469 1874 facit.
1520 1836 1601 1875 Sed
1619 1836 1683 1875 di-

946 1895 1075 1933 lectus
1103 1894 1234 1944 ratio,
1273 1908 1349 1946 pro
1384 1893 1503 1944 caeli,
1552 1895 1685 1946 regio-

947 1967 1046 1991 num
1066 1959 1108 1991 et
1119 1958 1323 1991 tractuum
1344 1951 1503 1991 diversa
1522 1959 1683 2003 natura,

947 2011 1119 2061 variare,
1151 2016 1191 2049 et
1217 2024 1262 2048 ea
1284 2010 1486 2049 dubitatio
1511 2011 1685 2050 existere

948 2075 1096 2122 potest,
1128 2069 1202 2107 sub
1220 2067 1301 2107 hoc
1321 2069 1387 2108 vel
1405 2069 1475 2107 illo
1496 2069 1617 2120 caelo,
1640 2070 1682 2108 in

949 2128 1023 2166 tali
1043 2127 1184 2167 vineae
1205 2127 1307 2177 situ,
1340 2133 1412 2165 aut
1430 2127 1474 2165 in
1492 2133 1601 2166 certo
1620 2141 1683 2179 ge-

950 2199 1046 2224 nere
1059 2186 1216 2235 vitium,
1229 2184 1341 2237 quod
1358 2184 1522 2235 habeas,
1543 2192 1685 2224 utrum

949 2244 1215 2297 potissimum¹
1263 2244 1394 2282 facere
1444 2243 1682 2295 conveniat,

951 2302 1216 2355 campestrine
1249 2315 1301 2340 an
1334 2301 1481 2354 collino
1514 2302 1598 2340 solo
1618 2302 1684 2341 vi-
1727 2335 1730 2337 ,

950 2374 1068 2399 neam
1109 2373 1253 2399 serere.
1319 2360 1423 2412 Ergo
1470 2366 1686 2412 antequam

949 2419 1077 2459 vitem
1095 2418 1224 2472 ponis,
1254 2418 1426 2470 plantas,
1458 2418 1682 2468 considera,

949 2483 1095 2515 utrum
1120 2476 1188 2514 illa
1207 2476 1351 2514 laetius
1378 2476 1421 2514 in
1440 2476 1528 2514 loco
1548 2477 1682 2528 plano,

954 2548 1002 2573 an
1028 2535 1070 2573 in
1089 2535 1209 2584 colle,
1239 2540 1492 2586 proventura
1510 2534 1574 2573 sit.
1603 2535 1684 2573 Co-

952 2593 1050 2636 lum.
1075 2593 1144 2642 111,
1178 2595 1222 2641 1,
1250 2591 1276 2634 5
1318 2592 1589 2642 Exploratum
1617 2600 1684 2630 ta-

954 2665 1045 2688 men
1088 2649 1249 2688 habebit
1280 2650 1462 2700 prudeus
1498 2652 1685 2702 agricola

951 2722 1082 2760 genus
1101 2709 1195 2747 vitis
1222 2706 1358 2745 habile
1378 2722 1546 2759 campo,
1577 2708 1687 2761 quod

953 2765 1120 2805 nebulas
1145 2767 1420 2817 pruinamque
1449 2767 1534 2804 sine
1574 2781 1684 2804 noxa

948 2824 1127 2876 Perfer&
1160 2824 1278 2872 colli,
1325 2824 1435 2876 quod
1464 2826 1686 2862 siccilatem
1715 2829 1718 2833 “

953 2890 1165 2933 ventosque
1213 2883 1387 2932 palc'lur.
1433 2882 1536 2920 cons.
1584 2881 1683 2920 Plin.

952 2940 1078 2988 XVII,
1096 2942 1165 2988 22,
1187 2945 1282 2977 sect.
1308 2939 1375 2988 35,
1397 2941 1463 2982 16.

1011 2996 1163 3040 274—
1179 3000 1277 3039 277.
1307 2997 1412 3047 Iam,
1451 2997 1485 3036 si
1502 2997 1545 3036 in
1564 2997 1685 3050 plano
