1734 3320
269 203 760 283 GEostffmO'N
795 198 938 277 ΠΒ.
974 228 1024 290 1,
1062 230 1357 281 487—497

4 372 7 377 “
48 362 323 412 Romanas
343 355 482 406 acies
502 354 702 404 iterum
724 351 911 404 videre
933 353 1192 421 Philippi;

1475 236 1580 285 379

1478 363 1580 412 490

47 433 163 482 Nec
178 426 282 478 fuit
303 425 591 491 indignum
610 423 816 490 superis
829 465 842 489 ,
878 423 963 473 bis
985 425 1243 489 sanguine
1263 434 1452 477 nostro

31 496 355 551 ‘Emathiam
379 504 434 546 et
452 494 588 545 latos
604 494 798 544 Haemi
818 494 1174 562 pinguescere
1198 510 1432 562 campos,

52 567 269 626 Scilicet.
282 574 338 617 et
354 574 572 632 tempus
588 563 771 614 veniet
782 605 797 628 ‚
834 581 1007 633 quum
1029 563 1231 615 finibus
1254 565 1356 616 illis

48 625 322 705 Agricola,
356 636 580 686 incurvo
602 643 805 684 terram
822 634 1045 686 molitus
1064 636 1238 686 aratro
1250 676 1264 703 ‚

47 711 216 761 Exesa
239 706 479 757 inveniet
498 704 683 755 scabra
699 704 949 771 robigine
970 705 1077 773 pila
1090 747 1104 770 ‚

1480 711 1585 762 495

47 782 156 831 Aut
170 775 419 844 gravibus
438 776 617 826 rastris
639 775 816 841 galeas
836 775 1070 843 pulsabit
1090 776 1291 841 inanis»,

50 841 398 915 Grandiaque
416 845 628 898 effossis
644 845 928 898 mirabitur
951 863 1068 896 ossa
1090 845 1362 914 sepulcris,

94 953 167 990 491
189 950 280 988 Non
295 951 429 987 Mox-et.
446 963 520 986 sec.
536 950 702 986 Parthas.
735 951 933 987 Markland.
952 951 998 986 ad
1016 954 1102 987 Stat.
1122 951 1207 987 silv.
1224 953 1285 995 111,
1303 953 1352 988 68
1370 963 1448 987 cum
1465 952 1583 988 inter-

46 1000 240 1047 rogatione
258 999 450 1045 legendnm
474 1010 552 1032 esse
572 997 775 1035 contendit:
799 999 880 1033 Nec
895 998 980 1047 suit
995 1000 1215 1048 indignum,
1240 1001 1397 1053 *Stupet-i,
1422 1000 1488 1036 bis.
1535 1003 1584 1036 Et

48 1047 102 1083 nic
119 1047 177 1089 ed.
196 1044 345 1081 mediol.
391 1047 487 1080 Bene

36 1107 119 1142 ‘que
134 1093 253 1128 nullus
270 1092 514 1128 emendationi
531 1093 654 1137 locus„
674 1093 767 1127 conf.
787 1094 903 1127 Burm.
938 1093 1107 1141 superbis
1125 1094 1236 1128 Goth.
1255 1107 1312 1140 pr.

49 1150 110 1177 tos
122 1143 213 1187 neg.
231 1141 376 1179 Man-in.
393 1153 472 1175 cum
489 1140 668 1174 nonnullis
688 1140 771 1174 edd.
819 1143 918 1187 (Emi
932 1153 1000 1186 pro
1018 1143 1151 1176 Haemi
1163 1142 1295 1176 Medic.
1325 1143 1423 1187 Wr.)

504 1045 628 1092 utique
645 1053 682 1080 et
695 1046 779 1080 hoc.
826 1046 983 1092 Vulgata
1001 1053 1123 1081 tamen
1139 1058 1207 1086 nec
1222 1059 1336 1081 mmus
1354 1048 1458 1083 bene.
1503 1051 1583 1084 Ita-

1403 1094 1476 1133 492
1499 1097 1583 1132 Iae-

1510 1144 1583 1181 493

48 1197 194 1236 tempus
214 1189 341 1227 veniet
368 1195 407 1222 et
432 1188 511 1222 illis
537 1186 700 1231 finibus,
740 1200 852 1234 quum
878 1188 1051 1234 iungebat
1077 1188 1375 1234 interpretatione
1402 1191 1581 1226 Reiskius.

47 1235 147 1271 Alius
166 1235 273 1269 forte
286 1234 396 1269 simili
410 1233 570 1269 acumine
585 1234 709 1280 iungat
722 1235 874 1270 Scilicet
890 1244 946 1280 et,
971 1243 1116 1289 ternpus
1131 1237 1259 1291 veniet·
1275 1250 1404 1283 quum,
1419 1237 1458 1286 fi
1498 1240 1582 1274 Ma-

47 1284 105 1330 gis
122 1280 425 1318 accommodatum
443 1288 549 1324 esset,
564 1281 731 1327 iungere:
756 1282 836 1316 Nec
843 1282 926 1330 suit
941 1283 1020 1317 ind1

1077 1296 1137 1317 um
1156 1303 1202 1308 —-
1213 1297 1463 1332 Plnguescere
1479 1299 1582 1321 carn·-

42 1343 138 1379 poae,
162 1330 329 1373 Scilicet,
354 1338 393 1364 et
411 1330 537 1364 veniet
559 1337 713 1377 tempus.
760 1332 830 1364 Aut
855 1343 934 1364 cum
954 1332 1005 1365 W
1053 1329 1186 1364 efield.:
1218 1344 1462 1378 pmguescere
1478 1347 1582 1368 cam-

42 1390 119 1432 1²⁰?
135 1377 295 1412 Scilicet.
342 1380 394 1410 Et
419 1385 446 1410 t.
494 1377 658 1421 (Scilicet
683 1384 720 1410 et
740 1384 767 1410 t.
786 1390 823 1411 v.
858 1375 963 1412 ἔσται
978 1374 1106 1422 δήπου
1124 1376 1209 1422 καὶ,
1238 1374 1333 1414 ὅταν
1353 1386 1423 1415 cer.
1469 1382 1581 1415 Recte

47 1425 188 1459 scilicet
209 1425 438 1470 sequentibus
459 1423 639 1468 iungitur;
670 1423 913 1470 superioribus
934 1424 1112 1458 adiectum
1131 1425 1288 1470 languet.
1300 1428 1416 1472 ‘Wr.)

48 1480 155 1506 terra
169 1471 226 1505 ed.
241 1472 334 1506 lunt.
381 1479 508 1505 terrae
527 1472 698 1507 Venetus.

47 1555 110 1609 pis
120 1555 217 1608 ipsis
237 1554 350 1594 dicat
363 1553 515 1594 iterum
536 1555 789 1595 concurrisse

47 1615 254 1652 Romanas
295 1612 413 1652 acies.
480 1612 623 1662 Quid?
674 1613 788 1666 quod

48 1671 242 1711 contendi
274 1677 434 1724 potest,
472 1678 652 1722 veteres,
693 1685 787 1711 cum

46 1729 151 1769 haec
158 1729 379 1782 virgiliana
396 1730 577 1769 carmina
593 1731 785 1782 legerent,

48 1788 272 1830 sententias
297 1802 384 1826 non
410 1787 529 1827 aliter
550 1789 787 1828 constituis-

13 1874 15 1877 .
48 1847 119 1887 se?
161 1847 226 1886 Ex
253 1846 483 1886 imitatione
509 1847 648 1886 Ovidii
673 1847 784 1886 iudi-

48 1919 126 1945 ces.
182 1906 222 1945 Is
244 1904 342 1944 Met.
365 1905 456 1955 XV,
485 1907 582 1947 823.
612 1905 696 1948 824
735 1905 787 1944 de

48 1964 228 2003 Caesaris
247 1964 424 2003 ultione:
446 1964 672 2002 Pharsalia
689 1979 785 2002 senr-

47 2025 119 2061 tiet
147 2023 292 2073 illuni,
335 2022 613 2074 Emathiaque
633 2023 786 2061 iterum

47 2080 275 2134 madefacti
311 2080 433 2119 caede
463 2080 669 2132 Philippi.
732 2081 787 2119 Et

46 2139 256 2188 Lucanus,
286 2139 359 2190 qui
383 2138 453 2177 lib.
473 2138 547 2178 VH
566 2138 641 2177 sub
666 2139 693 2178 s.
717 2145 787 2177 to-

47 2202 140 2236 tum
148 2196 263 2236 hunc
275 2196 413 2235 locum
427 2197 637 2249 expressit,
658 2197 787 2235 Thes-

47 2255 159 2294 salia
186 2254 357 2307 alfedi-r!
395 2268 437 2294 v.
458 2256 541 2297 853
574 2255 682 2294 Ante
709 2269 787 2294 no·-

47 2327 127 2353 vae
146 2314 306 2352 venient
325 2314 456 2363 acies,
486 2313 701 2365 scelerique
721 2327 787 2351 se-

47 2371 180 2410 cundo
201 2370 438 2411 Praestabis
458 2371 638 2409 nondum
660 2373 786 2410 siccos

0 2432 7 2437 ⁴
47 2429 126 2468 hoc
146 2431 349 2481 sanguine
370 2444 553 2481 campos.
615 2429 669 2468 Et
689 2435 786 2468 tan-

48 2487 367 2527 demPetronius
387 2502 474 2541 cap.
489 2490 568 2529 121
593 2485 663 2541 (de
671 2488 783 2526 Bello

48 2546 136 2585 Giv.
156 2545 258 2601 110)
278 2546 401 2585 Gemo
416 2546 600 2599 equidem
615 2548 786 2598 gemina

49 2606 138 2642 iam
184 2613 331 2654 stratos
375 2613 500 2643 morte
547 2605 780 2656 Philippos.

47 2662 143 2701 Noli
165 2668 304 2702 tamen
331 2670 548 2716 propterea
572 2676 666 2702 cum
686 2663 785 2702 viris

51 2720 183 2759 doctis
199 2721 448 2773 existimare,
474 2727 634 2761 veteres
653 2720 785 2760 Phar—

50 2779 191 2817 saliam
210 2792 303 2818 cum
320 2779 514 2835 Philippis
540 2781 784 2820 confudisse.

49 2837 191 2876 Lafius
209 2838 465 2888 Emathiam,
508 2839 780 2888 Thessaliam,

49 2897 284 2945 Haemum,
324 2896 544 2948 Philippos
574 2905 615 2936 et
644 2898 784 2936 Phar-

49 2954 186 2992 salum
205 2953 249 2991 in
266 2954 408 3006 poetis,
427 2955 497 3006 qui
514 2953 565 2992 de
578 2955 643 2994 his
661 2969 785 3008 prae-

49 3011 115 3050 liis
132 3018 280 3065 agunt,
302 3011 403 3062 dici,
424 3025 472 3050 ac
490 3013 523 3051 si
541 3014 595 3053 ad
614 3013 784 3053 eandem

1508 1429 1582 1466 494

792 1472 863 1508 495
886 1473 1057 1506 inveniat
1074 1473 1246 1507 Rottend.
1266 1486 1335 1509 sec.
1353 1487 1375 1509 a
1393 1488 1439 1509 m.
1457 1487 1516 1521 pr.

842 1555 1048 1608 regionem
1084 1556 1223 1603 omnia
1263 1557 1334 1596 illa
1366 1559 1581 1599 reserenda

844 1614 947 1664 sint,
977 1627 1031 1653 ex
1053 1615 1356 1668 comparatione
1374 1617 1581 1658 dictorum

845 1673 965 1712 obvia
983 1686 1049 1712 res
1065 1679 1138 1712 est.
1175 1672 1275 1716 489.
1285 1675 1460 1726 paribus
1477 1678 1580 1727 telis,

844 1744 938 1770 cum
952 1732 1147 1783 utrinque
1165 1746 1190 1770 a
1206 1733 1401 1773 Romanis
1419 1747 1581 1787 pugna-

841 1795 969 1829 retur.
1027 1790 1136 1830 Hinc
1162 1791 1312 1831 Lucan.
1339 1792 1379 1842 I,
1410 1796 1437 1835 7
1471 1793 1581 1845 infi-

840 1850 991 1901 stisque
1015 1848 1135 1887 obvia
1153 1851 1285 1901 signis
1307 1850 1463 1903 Signa,
1493 1866 1580 1903 pa-

841 1921 902 1945 res
940 1907 1131 1960 aquilas,
1177 1916 1214 1945 et
1251 1909 1347 1960 pila
1376 1912 1581 1948 minantia

836 1965 956 2017 pilis.
1036 1965 1090 2004 Et
1121 1964 1255 2005 valer.
1289 1967 1350 2006 Fl.
1382 1968 1456 2018 VI,
1492 1966 1580 2010 404

842 2024 1061 2062 Romanas
1078 2024 1206 2062 veluti
1226 2027 1467 2064 saevissima
1486 2041 1580 2064 cum

843 2082 1023 2133 legiones
1040 2082 1258 2134 Tisiphone
1278 2098 1470 2136 regesque
1489 2099 1581 2123 mo·-

843 2147 908 2178 vet
919 2156 931 2177 .-
954 2154 1123 2192 quorum
1141 2143 1316 2192 agmina
1325 2143 1443 2193 pilis,
1464 2143 1581 2194 Quo-

841 2211 933 2235 rum
977 2199 1129 2250 aquilis
1177 2201 1362 2252 utrinque
1405 2203 1574 2240 micant.

842 2254 941 2297 491.
971 2256 1071 2298 492.
1098 2256 1324 2298 Decrevere
1349 2258 1426 2308 dii,
1456 2259 1580 2299 fatale

840 2313 940 2363 suit,
970 2313 1032 2352 bis
1060 2314 1199 2353 caedes
1228 2316 1510 2356 Romanorum
1535 2318 1581 2357 in

839 2371 989 2410 finibus
1004 2371 1264 2413 Macedoniae
1280 2374 1382 2415 fieri.

899 2429 996 2472 493.
1035 2432 1247 2484 Expressit
1283 2433 1460 2472 ethaeo
1486 2435 1579 2474 loco

842 2501 930 2540 sup.
947 2488 1129 2540 laudato,
1155 2490 1293 2531 Mam'L
1310 2491 1342 2541 I,
1363 2494 1461 2534 908.
1481 2495 1578 2535 909.

841 2546 993 2585 Natum
1032 2547 1273 2600 phantasma
1313 2563 1367 2588 ex
1398 2550 1579 2603 vulgari:

844 2605 1000 2644 ossibus
1045 2620 1255 2646 caesorum
1298 2608 1580 2648 Romanorum

843 2677 958 2715 agros
986 2672 1214 2704 consu-atos
1240 2679 1334 2705 esse.
1405 2666 1503 2709 494.
1542 2666 1579 2704 Α

841 2722 1002 2761 Lucret.
1031 2723 1090 2774 V,
1127 2726 1211 2766 932
1246 2724 1365 2776 fer-m
1403 2726 1581 2762 molirier

841 2777 959 2819 arba.
1011 2780 1110 2824 496.
1136 2784 1279 2821 inanes
1296 2796 1382 2821 non
1402 2782 1578 2820 otiosum

840 2839 1045 2891 galearum
1084 2840 1313 2893 epitheton:
1354 2854 1447 2879 cum
1470 2840 1578 2890 pul-

840 2896 947 2935 sabit
967 2897 1206 2937 adjunctum
1231 2899 1303 2948 sit,
1332 2899 1428 2936 alias
1450 2911 1578 2934 cavas

841 2962 883 2994 et
916 2956 966 2994 ab
1002 2956 1147 2994 effectu
1191 2964 1379 2994 sonantes
1418 2954 1576 2993 dicunt.
1621 2999 1624 3002 ⁴

840 3014 971 3053 Locus
1000 3028 1025 3052 a
1055 3014 1195 3053 multis
1231 3025 1469 3066 expressim,
1508 3013 1576 3051 in-
