1734 3320
232 230 234 233 -
296 162 785 252 GEoReicON
818 200 964 251 ΜΒ.
992 200 1084 263 111,
1111 205 1403 255 283—295

1510 205 1610 255 551

6 340 14 344 ’
85 331 276 392 Quam
296 324 389 392 sit,
436 335 492 377 et
531 326 764 391 angustis
804 325 951 376 hunc
991 325 1193 377 addere
1233 329 1396 378 rebus
1433 329 1613 379 hono-

877 413 1011 449 rem.
1508 406 1612 453 290

82 465 201 517 Sed
220 473 312 531 me
328 466 545 516 Parnasi
570 465 781 516 deserta
802 484 906 534 per
928 466 1094 517 ardua
1115 466 1285 516 dulcis

80 539 277 604 Rapuit
296 553 464 588 amor.

534 538 686 586 Iuvat
706 538 784 587 ire
804 538 938 602 iugis
953 579 966 599 ‚
1005 555 1110 605 qua
1130 537 1277 587 nulla
1299 538 1544 605 priorum

5 615 8 618 ⁴
83 605 366 660 Castaliam
393 605 548 656 molli
573 606 874 657 devertitur
897 607 1071 658 orbita
1093 608 1245 659 clivo,

79 681 254 740 Nunc,
275 676 584 728 veneranda
604 677 772 741 Pales,
790 695 989 744 magno
1010 695 1156 728 nunc
1180 695 1277 728 ore
1292 676 1612 730 sonandum.

0 757 3 760 ’
150 748 422 816 Incipiens
439 747 660 798 stabulis
679 748 839 799 edico
855 750 911 799 in
933 748 1191 799 mollibus
1212 748 1442 798 herbam
1509 751 1612 800 295

125 871 200 908 290
221 871 309 905 hinc
326 871 468 905 addere
484 871 641 905 malebat
658 872 774 904 Burm.

802 872 924 917 (etiam
941 872 1088 907 Wakef.
1109 872 1155 906 ad
1172 873 1312 905 Lucret.
1334 872 1361 912 1,
1385 872 1467 906 921-
1502 871 1612 914 qu)

81 931 127 953 ex
147 918 267 952 verbis
285 918 421 953 scilicet
438 918 611 952 honorem
630 918 773 952 addere.
821 921 868 953 Et
886 920 937 954 sic
957 920 1063 966 plane
1083 919 1191 953 Goth.
1211 932 1264 964 pn
1311 918 1498 952 Enimvero
1514 918 1614 951 huuc

80 967 279 1007 honorem,
313 972 475 999 ornatum
496 966 608 1008 huuc,
642 965 698 999 cui
719 978 795 1000 cum
819 967 969 1001 maxime
995 979 1146 1013 operam
1166 965 1353 1011 impendit.

1447 966 1519 1001 293
1544 965 1612 998 do-

80 1015 245 1048 veru'tur
261 1013 422 1059 optimus
443 1013 591 1059 quisque
618 1013 755 1047 scribit.
805 1015 869 1048 div
861 1017 1009 1048 ''ertztur
1040 1014 1113 1048 alii.
1158 1014 1229 1047 vid.
1261 1014 1377 1046 Burm.
1410 1012 1502 1046 adde
1526 1011 1613 1045 Pie-

80 1060 182 1094 rium.

384 1073 449 1094 ore
473 1061 680 1094 canendum
710 1073 797 1094 unus
830 1062 947 1095 Mead.

1053 1062 1124 1097 295
1155 1060 1295 1094 tabults
1327 1060 1418 1094 Gud.
1461 1058 1614 1104 (tabulis

81 1107 188 1142 etiam
206 1107 358 1148 Medic„
382 1107 447 1140 sed
465 1120 571 1153 supra
590 1108 723 1153 scripta
745 1121 774 1141 s.
823 1109 962 1142 eortius
991 1109 1037 1143 ad
1056 1109 1186 1142 Lucan.
1208 1109 1252 1150 11,
1276 1109 1334 1143 79.
1353 1108 1441 1141 haec
1466 1106 1611 1140 scribit·

80 1154 261 1198 ;,stnbulis
292 1155 396 1188 edico
425 1155 604 1188 monibus.
644 1154 774 1189 vitiose
801 1157 869 1190 Ms.

81 1201 236 1237 omnium
254 1201 427 1236 librorum
447 1214 524 1235 esse
540 1202 661 1236 lectio.
694 1203 790 1247 IVr.)

80 1306 167 1337 tare
195 1311 345 1351 gwges
375 1299 541 1351 proprie
569 1313 706 1352 agere,
744 1313 822 1352 pa·-

80 1369 191 1396 soere
214 1387 226 1405 ,
300 1355 398 1396 hinc
452 1357 616 1396 omnino
664 1371 820 1397 curare.

79 1417 181 1458 288.
212 1415 259 1454 [n
275 1413 356 1454 hoc
378 1429 501 1468 opera
523 1422 659 1454 vestra
688 1417 820 1469 posita

81 1479 190 1524 esto;
210 1487 307 1512 cura
328 1474 532 1526 pecudum
552 1475 668 1513 vobis
687 1475 819 1527 inpri-

79 1532 155 1571 mis
175 1531 292 1571 cordi
311 1532 375 1571 sit.
402 1532 538 1585 sortes
567 1531 608 1571 h.
627 1533 654 1572 l.
683 1540 816 1572 ornat.

78 1590 269 1640 laudem,
303 1590 434 1642 qualis
451 1591 547 1629 boni
568 1605 614 1629 ac
630 1591 818 1644 pruden-

80 1648 133 1688 tis
150 1648 450 1702 patrisfamilias
468 1662 551 1687 esse
571 1656 719 1702 potest.

137 1709 223 1750 289
238 1729 290 1736 —
303 1710 400 1751 293.
430 1708 535 1746 Satis
555 1708 719 1760 quidem
739 1723 818 1747 no-

78 1765 146 1816 vi,
175 1779 300 1818 quam
320 1766 483 1806 difficile
502 1767 565 1816 sit,
595 1766 698 1805 haec
714 1781 816 1820 poe—

80 1824 161 1864 tica
201 1824 387 1863 oratione
429 1825 640 1863 commode
677 1827 815 1878 expri-

79 1896 189 1922 mere
210 1913 221 1932 ,
260 1889 303 1922 et
330 1896 396 1922 res
434 1890 520 1922 tam
559 1889 703 1922 tenues
739 1898 815 1936 pro

81 1941 276 1994 dignitate
312 1942 501 1980 carminis
536 1943 634 1980 satis
671 1948 817 1981 ornate

80 1998 408 2039 commemorare.
439 2000 519 2038 Sed
540 2000 721 2039 studium
734 2000 819 2039 hu—

79 2058 142 2097 ius
164 2058 223 2097 rei
243 2058 394 2110 abripit
410 2071 475 2097 me
493 2058 543 2096 ad
555 2057 636 2096 hoc
654 2072 817 2097 carmen

79 2116 399 2169 pertexendum‚
433 2122 474 2154 et
500 2116 725 2154 inflammat
753 2130 821 2154 me

79 2174 182 2213 haec
198 2174 286 2227 ipsa
307 2174 512 2226 cogitatio,
543 2174 654 2225 quod
672 2175 713 2212 in
726 2189 817 2213 ma-

79 2234 184 2272 teria
210 2246 381 2281 versor,
425 2247 448 2270 a
485 2232 598 2271 nullo
630 2232 766 2271 adhuc
796 2246 817 2270 e

79 2291 273 2330 Romanis
290 2297 410 2343 poeta
427 2297 618 2329 tractata.
650 2292 704 2329 Ut
723 2291 820 2343 pul—

80 2349 243 2389 critudo
259 2349 450 2388 carminis
469 2350 590 2387 simul
607 2349 820 2398 elucescat,

80 2408 135 2447 ad
161 2408 372 2460 vulgarem
402 2408 629 2446 orationem
664 2408 819 2459 singula

19 2506 27 2511 ,
79 2466 374 2506 revocavimus.
431 2466 493 2505 Ita
524 2466 631 2505 enim
656 2466 820 2504 demum

80 2525 305 2578 intelligere
330 2528 494 2577 poetam
520 2524 653 2563 videri
673 2538 821 2577 possu-

79 2596 184 2623 mus.
244 2583 455 2632 Ceterum,
488 2582 701 2634 quodiam
728 2582 821 2621 Ma-

82 2642 192 2681 crob.
211 2641 280 2691 VI,
299 2645 327 2683 2
346 2642 525 2691 monuit,
560 2642 818 2680 manifestum

82 2705 167 2750 est,
205 2706 369 2752 poetam
405 2699 474 2738 hic
504 2700 668 2751 vestigia
700 2713 818 2752 pres—

82 2757 177 2796 sisse
206 2758 385 2796 Lucretii
415 2759 453 2808 1,
480 2760 561 2800 921
586 2781 644 2786 -
661 2761 759 2808 929,
779 2763 819 2795 et

81 2816 131 2864 V,
152 2817 209 2857 98
229 2829 329 2867 sqq.‚
358 2815 439 2854 hoc
456 2816 619 2866 quidem
639 2816 730 2854 loco
752 2817 818 2854 in-

81 2879 148 2912 ter
176 2873 272 2911 alia:
316 2875 370 2911 Et
408 2888 534 2925 quam
570 2873 742 2926 difficile
776 2875 822 2912 id

82 2931 187 2970 mihi
224 2933 277 2968 sit
302 2933 534 2981 pervincere
568 2931 687 2969 dictis
700 2963 711 2981 ‚
765 2933 820 2969 Ut

70 2990 131 3039 fit
146 3020 157 3039 ,
192 2988 263 3027 ubi
288 2989 494 3026 insolitam
525 3002 608 3026 rem
634 2990 822 3041 adportes

899 1156 1015 1190 Bosii:
1048 1158 1089 1191 in
1114 1156 1239 1190 moll.“
1287 1159 1334 1188 At
1361 1154 1450 1188 haec
1468 1153 1612 1188 videtur

879 1300 1046 1339 auribus
1063 1308 1157 1339 ante
1177 1305 1254 1338 etc.
1300 1298 1451 1337 Nostro
1475 1303 1612 1336 autem

879 1357 979 1398 haec
1010 1359 1149 1397 eadem
1176 1357 1349 1409 sublegit
1376 1356 1513 1395 Manil.
1544 1355 1611 1405 111,

878 1418 1070 1460 25—30
1094 1431 1193 1469 sqq.‚
1220 1422 1262 1455 et
1278 1416 1413 1454 locum
1432 1415 1612 1466 respexit

876 1475 978 1514 Ptin.
1008 1476 1128 1525 XIX,
1156 1475 1197 1525 4,
1217 1489 1246 1513 5.
1268 1477 1321 1516 19
1340 1480 1449 1512 extr.
1482 1472 1612 1510 hono-

875 1548 958 1571 rem
978 1533 1019 1572 h.
1038 1534 1065 1573 l.
1094 1548 1169 1587 pro
1200 1539 1372 1581 ornatu,
1404 1530 1610 1583 dignitate.

875 1593 994 1630 molli
1009 1593 1114 1631 clivo
1132 1623 1143 1641 ‚
1177 1597 1225 1630 ut
1242 1591 1372 1629 facilis
1396 1589 1612 1628 adscensus

875 1657 918 1689 et
938 1650 1151 1689 descensus
1170 1650 1233 1688 sit.
1282 1647 1462 1700 Respicit
1475 1653 1611 1686 autem

874 1707 942 1747 hic
963 1711 1063 1747 avia
1096 1708 1309 1747 Pieridum
1334 1707 1426 1745 toea
1455 1705 1612 1743 nullius

874 1775 969 1805 ante
997 1769 1110 1805 Trita
1132 1766 1230 1804 soto.
1268 1765 1502 1811 dessertitur,
1537 1762 1612 1801 de-

873 1826 1003 1864 vertit
1028 1838 1069 1864 se
1085 1855 1095 1874 ‚
1146 1823 1325 1862 deflectit
1347 1853 1362 1872 „
1404 1822 1518 1860 ducit
1558 1820 1612 1859 ad

877 1883 1106 1922 Castaliam
1141 1879 1304 1936 κρήνην
1336 1881 1473 1919 nullus
1520 1885 1611 1918 tra-

874 1956 981 1991 meS,
1013 1956 1094 1994 quo
1126 1941 1241 1994 prior
1270 1939 1372 1978 alius
1391 1938 1610 1977 incesserit.

933 1999 1033 2042 294.
1081 1999 1309 2037 veneranda
1356 1997 1481 2035 Pales
1500 2026 1511 2045 ,
1563 2001 1612 2034 ut

875 2067 1019 2096 sancta
1042 2058 1135 2095 (lea.
1198 2056 1372 2095 Videtur
1399 2061 1537 2093 tamen
1557 2053 1612 2092 ad

873 2116 1085 2168 religiones
1105 2115 1320 2167 pertinere.
1379 2113 1481 2151 Nam
1502 2127 1611 2150 cana

875 2176 1000 2212 Pales
1038 2173 1148 2226 apud
1178 2172 1354 2211 Statium
1389 2170 1515 2209 Theb.
1545 2170 1609 2219 VI,

880 2235 975 2273 111.
1022 2231 1266 2284 grandaeva
1303 2230 1430 2268 Pales
1454 2229 1609 2267 Nemes.

877 2290 959 2329 Ecl.
993 2290 1032 2339 I,
1057 2292 1125 2331 68.
1164 2303 1318 2341 magno
1342 2302 1407 2326 ore
1422 2292 1611 2339 respectu

876 2363 956 2387 vss.
969 2351 1067 2390 289.
1086 2350 1184 2397 290,
1206 2346 1317 2398 quod
1334 2345 1455 2385 rebus
1472 2345 1610 2383 tenui-

878 2408 955 2446 bus
987 2406 1225 2458 dignitatem
1262 2405 1412 2443 addere
1455 2402 1609 2442 consti-

878 2466 973 2505 tuit.

936 2523 1021 2566 295
1042 2536 1127 2575 sqq.
1157 2522 1293 2561 Primo
1310 2521 1401 2559 loco
1424 2533 1497 2572 per
1519 2519 1609 2558 hie-

876 2595 983 2620 mem
1014 2581 1059 2620 in
1084 2581 1252 2619 stabulis
1273 2578 1472 2618 tenendas
1499 2584 1539 2616 et
1562 2591 1608 2615 a·-

876 2640 1019 2679 lendas
1054 2653 1137 2677 esse
1165 2652 1261 2678 oves
1283 2644 1325 2676 et
1343 2636 1399 2691 (v.
1423 2635 1524 2689 300)
1538 2650 1608 2674 ca-

876 2713 971 2751 pras
990 2697 1199 2751 praecipit.
1259 2697 1492 2746 Incipiens,
1531 2690 1607 2744 α’ρ-

875 2755 1078 2810 χόιιενος,
1116 2762 1166 2794 ut
1190 2755 1336 2808 passim
1366 2751 1529 2800 Graeci,
1565 2750 1606 2789 h.

877 2821 918 2853 et
940 2815 1121 2881 primum
1150 2813 1333 2865 quidem3
1374 2811 1457 2848 aliis
1488 2809 1606 2857 locis,

877 2875 1108 2924 Principio,
1142 2872 1361 2917 Continuo,
1404 2874 1502 2906 etv.
1523 2869 1607 2908 300

878 2933 977 2969 Post
1000 2932 1097 2969 lzinc
1120 2931 1324 2981 digressus
1337 2957 1348 2975 ,
1390 2925 1431 2964 11.
1462 2924 1607 2963 deinde

877 3002 989 3029 vern.
1049 2988 1250 3027 observes
1276 2991 1318 3024 et
1348 2983 1449 3022 haec
1471 2997 1519 3022 eo
1543 2983 1607 3022 sa-
