1768 3320
168 206 275 242 ctu
674 177 1181 238 ARGUMENTA

167 317 354 363 Tertius
378 331 401 359 a
425 315 567 359 Troia
587 321 736 360 vectos
759 312 876 357 canit
895 325 1087 369 aequore
1106 308 1320 373 Teucros.

173 376 375 429 Quartus
393 373 497 416 item
520 373 706 416 miserae
727 372 817 415 duo
838 369 1017 413 vulnera
1037 373 1188 410 narrat
1207 365 1364 408 Elisae.

169 432 377 477 Manibus
395 430 448 474 ad
473 430 708 474 tumulum
728 428 885 486 quinto
911 426 1189 469 celebrantur
1209 423 1422 466 honores.
1442 438 1446 442 ·

173 492 367 534 Aeneam
391 494 614 532 memorat
640 487 850 529 visentem
874 484 1062 527 Tartara
1087 488 1255 525 sextus.

169 548 223 592 In
246 547 445 605 Phrygas
464 545 636 588 Italiam
657 543 775 587 bello
795 543 886 585 iam
911 541 1126 599 septimus
1147 545 1307 581 armat.

169 606 256 649 Dat
276 603 411 646 simul
435 606 599 646 Aeneae
626 601 766 644 socios
785 607 963 643 octavus
983 606 1024 641 et
1041 612 1181 640 arma.

169 662 369 706 Daunius
391 667 620 719 expugnat
640 674 762 701 nono
782 671 896 700 nova
914 655 1090 697 moenia
1111 653 1289 697 Troiae.

171 719 375 778 Exponit
392 718 587 761 decimus
605 717 862 760 Tuscorum
880 714 925 756 in
948 713 1100 755 littore
1125 726 1308 770 pugnas.

175 777 422 821 Undecimo
441 774 594 818 Rutuli
615 789 665 816 su
703 779 884 816 erantur
909 776 1058 813 morte
1077 770 1306 814 Camillae.

171 834 374 879 Ultimus
394 833 588 891 imponit
607 789 723 875 bellio
744 830 785 873 Τ
791 829 891 872 urni
910 843 1014 871 nece
1029 826 1184 871 finem.

766 937 857 995 VI
899 942 1089 1007 (XIV)

289 1039 565 1084 Tetrasticha
583 1040 629 1082 in
652 1038 802 1084 omnia
825 1035 999 1095 Virgilii
1022 1034 1184 1094 Opera.
1216 1034 1319 1081 ibid.
1341 1035 1426 1096 Ep.
1448 1040 1544 1084 193.

287 1121 349 1164 In
375 1120 592 1164 Bucolica
615 1121 954 1179 Fragmentum
979 1133 1033 1160 ex
1050 1117 1255 1176 quodam
1275 1118 1436 1162 Poeta.

173 1190 362 1248 Tityrus
385 1190 541 1247 agresti
561 1189 820 1232 modulatus
839 1201 1017 1230 carmen
1039 1201 1201 1239 avena3

172 1246 442 1290 Formosum
463 1254 619 1306 pastor
640 1246 853 1305 Corydon
875 1244 1055 1287 ardebat
1070 1243 1246 1287 Alexin.

172 1304 461 1361 Silenumque
480 1319 630 1347 senem
649 1305 865 1361 sertisque
884 1317 1103 1359 meroque
1130 1301 1302 1360 ligavit..

170 1362 496 1419 Pastorumque
515 1361 656 1405 melos
681 1360 799 1404 facili
825 1360 1010 1403 deduxit
1034 1375 1180 1404 avena.

761 1453 820 1496 In
851 1452 1097 1512 Georgica.

170 1522 323 1565 Sidera
346 1521 501 1565 deinde
518 1523 657 1574 canit,
688 1530 854 1580 segetes
879 1530 922 1566 et
945 1523 1060 1565 dona
1083 1522 1235 1581 Lyaei,

170 1579 228 1622 Et
247 1595 465 1637 pecorum
483 1579 627 1622 cultus
641 1612 651 1632 ‚
686 1580 873 1638 Hyblaei
895 1580 1028 1623 mella
1049 1581 1240 1639 saporis.

173 1637 393 1695 Principio
415 1637 604 1680 breviter
634 1646 815 1681 ventura
837 1638 1070 1681 volumina
1094 1638 1232 1692 dixit;

175 1694 397 1738 intercidit
415 1709 553 1752 opus,
585 1695 817 1753 coepitque
839 1695 1006 1740 referre
1029 1696 1232 1740 secunda.

753 1776 814 1819 In
842 1777 1109 1822 Aeneidem.

686 1846 715 1878 L
739 1847 755 1879 1
778 1847 805 1879 B
829 1847 861 1881 R
885 1849 901 1880 1
947 1849 974 1881 P
997 1849 1029 1882 R
1052 1849 1068 1881 1
1091 1848 1130 1881 M
1153 1848 1170 1881 1

174 1904 310 1943 Arma
328 1900 566 1959 virumque
586 1902 700 1945 canit
718 1905 832 1947 mira
851 1906 1012 1949 virtute
1036 1912 1299 1964 potentem3

172 1957 356 2000 Iunonis
384 1959 485 2000 odio
511 1959 707 2002 disiectas
727 1976 919 2019 aequore
937 1978 1142 2023 puppes3

174 2015 430 2074 Hospitium
452 2015 614 2069 Didus,
645 2017 798 2062 classes
817 2021 1047 2079 sociosque
1069 2029 1288 2081 recept08‚

177 2073 331 2130 thue
354 2072 503 2131 epulas
522 2074 636 2118 inter
656 2091 778 2119 casus
799 2079 948 2136 regina
966 2080 1182 2137 requirat.

764 2169 1107 2205 SECUNDI

177 2221 439 2264 Conticuere
457 2238 627 2269 omnes.
686 2225 898 2270 Infandos
922 2228 993 2271 ille
1013 2229 1203 2281 labores,

174 2279 500 2338 Deceptamque
524 2282 635 2324 dolis
658 2283 843 2327 Troiam
858 2317 870 2338 ,
900 2288 1163 2345 patriaeque
1186 2288 1380 2341 ruinam,

176 2335 233 2378 Et
251 2351 373 2401 casus
395 2337 557 2381 Priami
577 2340 703 2383 docet
725 2349 767 2384 et
783 2341 1016 2400 flagrantia
1037 2360 1198 2403 regna-3

175 2392 356 2450 Ignibus
376 2410 399 2437 e
424 2396 576 2440 mediis
595 2406 780 2456 raptum
799 2399 941 2458 deque
960 2402 1088 2446 hoste
1105 2409 1351 2462 parentem.

796 2492 1073 2527 TERTII

178 2541 420 2600 Postquam
439 2559 507 2587 res
526 2547 652 2590 Asiae
677 2548 946 2608 deceptaque
969 2552 1182 2611 Pergama
1205 2554 1343 2609 dixin

176 2599 324 2654 Tum,
358 2600 436 2644 Pol
475 2603 603 2655 dore,
633 2612 736 2648 tuos
766 2608 995 2661 tumulos,
1025 2618 1126 2653 tum
1149 2613 1315 2656 Gnosia
1336 2628 1488 2671 regna,

178 2656 431 2722 Andromac
451 2675 520 2702 ien
535 2692 546 2710 ‚
577 2661 796 2705 Helenum
834 2680 889 2708 ue
914 2674 956 2708 et
978 2675 1096 2711 vasta
1115 2669 1238 2713 mole
1261 2671 1483 2731 Cyclopas

176 2715 493 2773 Amissumque
512 2725 686 2775 patrem
709 2720 809 2763 Sicu
831 2724 864 2764 is
888 2726 1082 2770 narravit
1101 2727 1145 2769 in
1165 2729 1271 2771 oris.

1639 718 1693 759 10

1641 1969 1696 2010 10

1643 2349 1697 2392 15

1640 2732 1698 2774 20

223 2819 311 2853 XIV
312 2842 322 2852 .
359 2819 583 2874 Tetrasticha
599 2821 693 2875 ‘haec
719 2823 867 2868 primum
886 2838 906 2859 a
965 2840 1041 2861 csse
1070 2829 1244 2866 videntur.
1292 2835 1463 2879 Spectant
1487 2834 1512 2868 f.
1543 2833 1590 2868 ad
1610 2835 1697 2868 Aen.

175 2865 371 2900 Bai-manno
392 2873 531 2912 integra
550 2868 644 2902 edita
658 2895 667 2911 ,
700 2881 776 2904 cum
804 2878 907 2907 antea
964 2874 1026 2908 lib.
1050 2877 1081 2909 11
1112 2883 1148 2910 et
1169 2879 1228 2913 111.
1255 2879 1326 2915 vid.
1346 2881 1474 2916 Donat.
1504 2880 1581 2917 Vit.
1597 2880 1697 2926 Virg.

176 2924 246 2946 non
267 2912 335 2947 nisi
387 2920 512 2948 uatuor
532 2914 636 2961 primi
667 2928 786 2951 versus
806 2918 907 2963 lege—
969 2922 999 2967 §.
1019 2923 1075 2957 60.

174 2967 359 2995 tentan-
407 2973 452 2995 ss.
474 2962 498 2997 7
516 2968 554 2995 et
581 2963 603 2997 ὃ
630 2962 751 3009 inepte
779 2965 909 3000 adiecti
1018 2969 1060 3004 15
1079 2970 1103 3003 f.
1120 2972 1335 3019 flagrantia
1355 2982 1475 3018 tecta,
1499 2976 1532 3010 Ι.
