1768 3320
180 245 279 295 104
445 251 449 255 ’
497 243 551 292 P.
587 240 946 292 VIRGILII
990 235 1365 288 MARONIS

174 361 371 437 Bisque
395 368 482 419 die
503 375 791 420 numerant
822 364 982 415 ambo
1005 379 1169 430 pecus
1183 402 1197 424 ‚
1246 361 1378 412 alter
1401 371 1455 414 et
1475 362 1695 418 haedos,

175 443 405 502 Verum,
443 438 498 488 id
521 438 671 507 quod
692 435 863 487 multo
884 442 998 483 tute
1021 434 1135 500 ipse
1155 430 1397 483 fatebere
1418 434 1605 501 maius,
1627 438 1696 489 35

176 508 437 574 [Insanire
457 508 589 559 libet
611 507 867 575 quoniam
891 503 1009 568 tibi)
1030 501 1222 569 pocula
1242 519 1446 569 ponam

174 579 392 642 Pagina,
432 579 688 628 caelatum
711 574 873 626 divini
895 590 1030 640 opus
1049 571 1462 624 Alcimedontis:
1485 638 1489 643 .

177 715 216 744 ut
231 708 278 743 sit
295 721 457 744 noverca.
506 711 695 756 (Commate
707 734 716 751 ‚
741 718 811 740 non
832 704 1000 740 semicolo
1012 731 1021 746 ‚
1046 703 1099 738 uti
1116 705 1252 740 fecerat
1271 705 1429 752 Heynius
1440 731 1450 749 ,
1474 713 1559 751 post
1583 716 1696 755 pater

176 756 514 801 interpungendum,
541 764 579 789 ut
596 754 802 789 adiectivum
830 754 971 786 iniusta
991 751 1097 785 etiam
1126 751 1172 786 ad
1200 757 1338 797 patrem
1363 753 1556 797 pertineat.
1602 755 1695 788 Satis

177 804 318 850 quidem
336 809 495 845 constat,
518 803 664 836 iniustas
683 799 843 846 inprimis
861 798 980 833 vocari
1000 810 1189 840 novercas;
1214 800 1278 832 sed
1304 798 1393 833 illud
1421 800 1528 834 etiam
1552 812 1595 835 ex
1622 802 1696 837 Co-

177 850 274 884 micis
291 856 423 891 notum,
434 850 636 895 saepissime
650 854 814 894 parentes
833 859 853 879 a
872 846 953 880 filiis
974 845 1169 890 nuncupari
1183 845 1346 880 iniustos.
1372 846 1477 881 Certe
1500 860 1542 881 ex
1561 847 1691 884 adiect.

177 898 319 931 iniusta
353 897 584 941 repetendum
612 895 733 929 similis
762 893 918 927 notionis
944 892 1178 935 adiectivum,
1224 899 1263 926 ut
1292 893 1598 941 durusaflagitat
1625 895 1696 930 hoc

177 943 350 989 particula
370 943 576 988 explicativa
596 956 665 989 que
693 943 730 975 in
757 942 898 986 Bisque.
916 940 987 973 vid.
1018 941 1060 981 Q.
1087 941 1133 974 V.
1161 940 1339 983 XXXIII,
1360 942 1417 976 10.
1463 942 1623 976 Eandem
1647 943 1694 978 ob

178 1002 316 1024 causam
345 990 448 1023 etiam
472 996 554 1035 post
583 1001 741 1024 noverca
770 987 962 1021 semicolon
990 999 1067 1020 cum
1092 993 1265 1020 commate
1295 988 1578 1023 commutandum
1615 989 1694 1024 fuit.

183 1036 277 1081 Wr.)
371 1037 417 1072 35
445 1045 523 1070 tute
542 1037 655 1070 multo
672 1037 750 1083 ipse
768 1034 868 1068 Laid.
887 1043 928 1067 tu
944 1035 1022 1079 ipse
1033 1035 1123 1068 Ven.
1142 1034 1206 1068 Ed.
1228 1032 1329 1070 1472.
1425 1035 1473 1071 36
1495 1036 1696 1071 Distinxere

178 1083 259 1126 alii,
283 1083 405 1117 utiam
423 1083 459 1116 in
476 1083 636 1128 scriptis,
659 1088 745 1128 post
764 1080 870 1124 libet,
902 1080 963 1114 alii
988 1086 1073 1125 post
1101 1082 1294 1127 quoniam,
1326 1081 1400 1116 sive
1430 1083 1556 1116 eodem
1580 1096 1696 1128 sensu,

177 1130 251 1163 sive
269 1136 308 1163 ut
324 1130 400 1175 ipse
416 1129 589 1164 Menalcas
606 1130 651 1163 de
670 1141 708 1162 se
727 1128 839 1171 dicat,
864 1140 902 1162 se
920 1127 1071 1161 insanire
1083 1154 1092 1170 ‚
1110 1127 1169 1173 qui
1186 1128 1410 1172 depositurus
1431 1129 1478 1164 sit
1497 1136 1621 1170 contra
1637 1131 1696 1164 vi·-

178 1177 286 1210 tulum
305 1178 468 1221 poculum
490 1177 641 1222 (poetice
662 1175 749 1209 dixit
765 1175 857 1220 plur.
877 1174 1037 1221 pocula),
1061 1174 1171 1209 multo
1188 1175 1330 1209 maioris
1350 1189 1426 1210 rem
1443 1177 1560 1221 pretii.
1610 1178 1694 1224 (vid.

176 1224 262 1258 Not.
290 1224 384 1269 Wr.)

177 1270 314 1315 μέδων.

179 1382 224 1416 ut
240 1376 449 1417 Wunderl.
476 1376 671 1430 explicat,
711 1375 802 1416 sed:
842 1377 903 1415 uti

175 1442 220 1473 tu
226 1437 383 1487 pignus
391 1449 561 1487 ponens.
583 1436 656 1488 Sp.
690 1434 809 1474 Hanc
825 1447 902 1474 ve-

175 1507 262 1533 ram
300 1506 382 1531 esse
419 1493 725 1545 explicationem
744 1523 754 1543 ,
801 1507 902 1545 pro-

177 1550 245 1601 bat
268 1550 397 1589 Plaut.
423 1551 508 1589 Cas.
535 1551 690 1603 Prolog.
725 1562 784 1590 vs,
812 1550 901 1594 75.:

178 1607 250 1657 „Id
266 1608 308 1646 ni
324 1609 388 1657 fit,
418 1622 605 1647 mecum
633 1609 838 1662 pignus,
869 1608 902 1646 si

178 1665 266 1718 quis
286 1666 391 1715 volt,
423 1666 586 1705 dato.“
616 1667 699 1706 vid.
719 1666 774 1705 ibi
793 1667 901 1705 Gro-

180 1737 271 1762 nov.
296 1725 364 1764 W
359 1722 406 1776 r.)
468 1723 534 1765 34.
567 1726 721 1777 Bisque
739 1725 802 1762 die
820 1739 901 1762 ηιι-

178 1789 344 1819 merant.
392 1781 499 1820 Hinc
516 1781 683 1821 ductum
703 1788 761 1820 est
780 1782 901 1821 illud:

178 1839 380 1889 Pauperis
421 1847 478 1876 est
509 1855 714 1878 numerare
743 1855 872 1892 pecus
887 1856 900 1878 .·

179 1895 298 1935 Ovid.
324 1895 418 1935 Met.
444 1897 562 1948 XIII,
594 1897 690 1940 824.
740 1899 844 1937 alter
867 1905 904 1936 et

177 1952 350 2003 haedos,
401 1955 527 1994 fetum
552 1956 710 2009 pecoris
747 1955 787 1995 h.
813 1970 904 1995 ma-

179 2016 290 2050 trum
315 2025 546 2064 caprarum,
583 2019 780 2053 numerat.
818 2011 904 2068 (al-

180 2076 238 2106 ter
252 2098 264 2118 ,
322 2075 392 2107 aut
422 2076 535 2122 pater
551 2101 562 2121 ,
610 2078 683 2111 aut
715 2085 902 2121 noverca,

178 2126 316 2179 prouti
341 2128 422 2166 fert
446 2129 611 2168 occasio.
631 2152 690 2160 ——
746 2130 829 2180 bis,
864 2136 906 2168 et

178 2197 308 2233 mane,
335 2184 433 2224 dum
450 2186 648 2237 educitur,
680 2193 720 2226 et
735 2188 903 2241 vesperi,

181 2240 280 2280 dum
296 2242 402 2281 redit
420 2257 541 2296 pecus
559 2245 598 2284 in
614 2246 782 2285 stabula.
814 2244 901 2300 Sp.)

181 2301 248 2341 86.
293 2301 474 2339 Insanire
505 2303 587 2342 scil.
624 2317 782 2343 mecum
814 2318 904 2343 cer-

178 2356 316 2395 tando.
342 2360 494 2408 pocula
511 2375 689 2411 ponam:
723 2368 793 2400 aut
808 2362 905 2415 plu-

179 2414 274 2454 ralis
306 2428 381 2466 pro
424 2416 612 2469 singulari
649 2420 801 2471 positus
834 2426 906 2459 aut

179 2477 277 2511 sunt
301 2471 383 2511 duo
411 2476 574 2526 pocula:
611 2482 828 2529 utrumque
855 2478 904 2516 fit

178 2529 315 2583 paullo
341 2530 482 2570 durius
491 2547 502 2583 ;
530 2535 752 2586 praeferam
768 2542 904 2574 tamen

177 2587 309 2640 prius:
339 2588 404 2626 cui
427 2590 529 2628 alter
546 2597 750 2643 tamquam
777 2594 904 2632 maius

181 2644 334 2698 aliquid
352 2659 413 2685 vs,
437 2645 493 2688 44
514 2649 687 2688 subiicit:
720 2651 774 2688 Ea
795 2651 906 2690 nobis

177 2723 236 2733 -—-
250 2703 329 2741 duo
344 2705 511 2754 pocula.
576 2704 648 2760 (At
663 2708 803 2758 quidni
824 2709 905 2747 duo

178 2759 444 2812 intelligamus
471 2764 636 2814 pocula,
685 2779 811 2816 quum
844 2780 903 2806 VS.

178 2816 247 2859 44.
268 2817 387 2858 etiam
396 2819 607 2859 Damoetas
628 2821 710 2860 duo
731 2836 905 2862 comme-

177 2875 338 2914 moret?
398 2876 448 2916 Et
462 2880 616 2928 poc-ula
630 2893 705 2931 pro
727 2893 809 2918 uno
829 2895 905 2933 po-

179 2932 270 2972 culo
303 2933 400 2984 dici,
449 2941 558 2974 recte
588 2942 706 2989 negat
732 2936 905 2978 Vossius.

178 2990 237 3030 Ne
266 2997 400 3032 autem
426 2991 531 3032 forte
560 2995 686 3034 verba
709 2996 752 3033 in
777 2996 905 3034 medio

478 1225 525 1260 37
547 1223 821 1258 Alcimedontis.
868 1221 989 1256 Multis
1006 1221 1122 1255 modis
1139 1221 1304 1256 aberrant
1320 1222 1474 1265 librarii3
1501 1231 1555 1259 est
1577 1220 1695 1262 Ἀλκι-

958 1390 1019 1416 vs.
1046 1374 1116 1418 40.
1181 1375 1330 1428 Heynii
1359 1378 1581 1418 sententiae
1617 1393 1695 1434 pa·-

958 1434 1156 1474 trocinari
1172 1440 1303 1487 pute8‚
1323 1435 1538 1475 Damoetas
1555 1438 1696 1479 eadem

961 1493 1011 1532 de
1041 1492 1123 1531 suis
1153 1492 1310 1545 poculis
1342 1495 1491 1547 repetit
1511 1509 1571 1536 VS.
1604 1496 1693 1548 46.;

961 1557 1002 1590 et
1020 1564 1111 1590 voc.
1133 1547 1310 1589 mediam
1335 1552 1576 1594 substantivi
1603 1555 1694 1594 loco

961 1608 1212 1663 capiendum.
1271 1608 1388 1649 Paria
1408 1617 1544 1651 autem
1563 1626 1696 1665 pocu-

958 1667 1093 1706 lorum
1108 1666 1251 1706 haberi
1267 1680 1350 1706 esse
1370 1669 1499 1719 solita,
1530 1670 1695 1712 Vossius

961 1726 1099 1777 docet3
1140 1731 1181 1764 et
1208 1724 1304 1764 bina
1322 1726 1485 1779 singulis
1513 1729 1695 1769 convivis

960 1784 1084 1823 fuisse
1111 1782 1312 1836 apposita,
1349 1791 1518 1838 apparet
1536 1799 1588 1825 ex
1605 1787 1695 1829 Ho-

960 1847 1037 1882 rat.
1058 1843 1139 1881 Sat„
1155 1841 1186 1891 I,
1205 1843 1244 1890 6,
1272 1843 1367 1885 117.
1399 1844 1449 1881 ab
1469 1845 1557 1884 eod.
1581 1846 1693 1885 Voss.

960 1899 1073 1939 laud.
1100 1922 1158 1928 —
1216 1899 1323 1938 Bene
1351 1907 1491 1941 autem
1514 1904 1536 1943 f
1544 1917 1567 1941 a
1576 1904 1695 1956 gina

960 1958 1106 2011 pocula
1115 1972 1125 2008 ;
1156 1970 1203 1995 ea
1219 1960 1467 1998 conveniunt
1482 1968 1695 2013 pastorum

960 2015 1203 2069 paupertati.
1263 2016 1315 2055 Et
1354 2018 1511 2070 faginea
1546 2019 1695 2072 pocula

960 2087 1115 2128 pauper
1131 2073 1336 2113 ministrat
1351 2075 1561 2116 Philemon
1585 2077 1695 2131 apud

963 2132 1167 2172 Ovidium.
1200 2132 1366 2172 Dudum
1383 2147 1504 2174 usum
1521 2136 1694 2189 poculo-

959 2204 1055 2230 rum
1076 2190 1325 2242 fagineorum
1345 2190 1564 2232 exolevisse
1584 2193 1696 2248 apud

961 2250 1176 2299 Romanos,
1208 2255 1315 2287 certe
1334 2250 1606 2303 elegantiores,
1628 2251 1694 2291 di-

960 2307 1086 2346 scitur
1104 2319 1155 2345 ex
1175 2307 1320 2346 Tibull.
1341 2308 1372 2358 I,
1410 2311 1475 2359 10,
1507 2311 1564 2352 8.:
1594 2323 1695 2360 „nec

960 2365 1066 2404 bella
1083 2365 1264 2415 fuerunt,
1294 2365 1327 2403 F
1337 2380 1360 2404 a
1371 2380 1395 2419 g
1405 2366 1453 2405 in
1467 2380 1496 2406 u
1507 2381 1524 2406 s
1555 2368 1694 2407 adsta--

960 2423 1033 2462 bat
1059 2436 1186 2475 quum
1212 2422 1388 2476 scyphus
1412 2431 1505 2464 ante
1523 2425 1657 2479 dapes.
1667 2427 1693 2449 “

962 2480 1043 2519 Sed
1057 2481 1121 2520 his
1130 2481 1332 2520 Menalcae
1348 2483 1504 2535 poculis
1518 2484 1695 2536 pretium

963 2539 1128 2578 accessit
1157 2553 1208 2578 ex
1245 2540 1472 2579 caelaturae
1510 2542 1692 2580 artificio.

968 2597 1061 2636 W'r.
1092 2618 1151 2627 --·
1189 2599 1257 2639 37.
1276 2597 1595 2639 Alcimedontem
1610 2613 1694 2639 non

961 2661 1190 2707 pastorem,
1232 2656 1304 2694 sed
1327 2656 1522 2696 artificem
1540 2658 1695 2697 claxum

962 2713 1084 2751 fuisse
1101 2718 1220 2752 notat
1242 2713 1394 2767 Ciampi
1409 2714 1453 2753 in
1473 2716 1689 2754 Dissertat-

961 2770 1054 2808 dele
1072 2773 1210 2810 antica
1225 2773 1426 2812 toreutica.
1456 2772 1537 2812 Sed
1551 2773 1695 2812 fictum

959 2832 1097 2866 tamen
1113 2842 1262 2868 nomen
1280 2842 1364 2869 esse
1376 2830 1553 2870 videtur.
1571 2830 1693 2870 Jahn.

962 2906 1019 2914 —
1056 2886 1176 2939 SiIh'g.
1211 2886 1256 2925 in
1285 2888 1410 2927 catal.
1447 2886 1567 2928 Artis.
1594 2887 1695 2927 haec

963 2943 1122 2982 scribit:
1152 2944 1302 2994 „Haud
1322 2958 1394 2998 ego
1410 2946 1692 2995 recusaverim,

965 2998 997 3036 si
1018 3001 1105 3051 quis
1113 3000 1431 3043 Alcimedontem
1438 3003 1603 3057 Virgilio
1626 3015 1694 3042 ae-
