1768 3320
197 236 295 284 164

529 233 582 281 P.
619 228 975 281 VIRGILII
1023 222 1398 274 MARONIS

194 358 440 409 Saltantis
463 351 675 422 Satyros
698 353 990 404 imitabitur
1006 348 1417 415 Alphesiboeus.

191 433 335 479 Haec
358 428 454 477 tibi
475 443 691 493 semper
715 432 894 486 erunt,
935 430 986 470 et
1010 436 1180 486 quum
1204 417 1486 468 sollemnia
1505 426 1630 467 vota

191 498 507 550 Reddemus
526 494 803 562 Nymphis,
825 502 877 543 et
899 507 1067 558 quum
1087 488 1430 539 lustrabimus
1455 503 1621 553 agros,
1642 488 1711 538 75

191 573 336 621 Dum
365 569 484 633 iuga
504 566 705 617 montis
728 580 869 631 aper,
905 560 1097 610 fluvios
1125 559 1258 609 dum
1282 560 1438 626 piscis
1463 557 1675 621 amabit,

193 718 326 751 stores,
350 710 571 749 Damoetam,
594 708 791 749 Aegonem‚
814 701 1101 747 Alphesiboeum.
1149 701 1259 734 Recte
1279 699 1386 744 igitur
1412 699 1457 733 ab
1479 699 1603 734 Iahnio
1624 699 1714 733 mihi

192 756 405 791 defenditur.
442 755 537 798 Wr.)

193 812 230 838 ec
253 801 548 838 collustrabimas
574 808 656 834 tres.
712 795 1021 832 conlustrabimus
1048 808 1136 829 unus
1165 796 1281 829 Burm.

193 864 213 886 a
229 863 276 885 m.
297 863 352 896 pr.

192 981 371 1029 Atius-ia,
383 992 433 1017 ex
442 975 719 1031 promontorio
734 980 774 1014 et
786 979 923 1013 tractu

193 1038 354 1077 Ariusio
373 1038 414 1076 in
433 1037 565 1075 insula
586 1035 706 1074 Clu'o:
727 1049 767 1073 v.
783 1033 921 1072 Heius.

194 1096 247 1135 ad
271 1096 312 1134 h.
340 1096 367 1134 l.
399 1100 439 1133 et
468 1096 620 1133 Potter.
651 1092 703 1130 ad
730 1092 921 1130 Clement.

193 1154 306 1193 Alex.
329 1153 425 1192 coh.
442 1166 528 1205 pag.
553 1150 647 1193 184.
694 1151 827 1189 Etiam
843 1149 922 1187 ho-

191 1227 284 1252 rum
316 1211 465 1250 mentio
493 1225 515 1247 a
541 1215 703 1264 pastore
723 1209 829 1247 facta
854 1220 923 1246 re-

191 1269 456 1323 prehensione
499 1268 617 1320 digna
646 1267 732 1305 visa
758 1265 920 1304 Klotzio

193 1329 340 1380 Opusc.
371 1341 410 1380 p.
445 1328 549 1377 2873
593 1325 752 1364 defendi
785 1330 922 1362 tamen

191 1391 348 1438 potest,
380 1398 471 1423 cum
497 1384 604 1423 inter
634 1382 777 1422 Chium
795 1388 835 1420 et
856 1382 921 1420 Si-

192 1443 323 1482 ciliam
368 1443 606 1481 commercia
653 1442 748 1480 satis
792 1440 923 1479 multa

191 1501 361 1550 fuerint,
394 1514 564 1552 eumque
580 1500 624 1538 in
646 1499 820 1538 carmine
832 1513 922 1536 ma-

190 1560 285 1598 ioris
334 1559 499 1612 spiritus
550 1563 736 1597 versetur
789 1562 922 1610 poeta.

197 1616 298 1671 (Qui
327 1616 521 1655 eiusmodi
562 1616 689 1669 epulis
724 1615 922 1654 interfue-

191 1676 298 1723 rint,
330 1688 396 1713 eos
421 1675 465 1713 in
490 1675 635 1713 mensis
654 1674 838 1713 secundis
853 1687 923 1725 ge-

193 1731 374 1772 nerosius
414 1733 556 1771 vinum
590 1733 732 1771 libasse
756 1762 766 1781 ,
810 1731 920 1770 laud.

194 1791 265 1829 Ge.
290 1789 340 1840 11,
370 1792 464 1832 101.
491 1804 547 1842 sq.
590 1790 709 1829 docet
738 1790 921 1840 Vossius,

194 1855 235 1887 et
260 1854 353 1900 post
373 1861 407 1886 a.
439 1851 534 1890 700.
565 1849 611 1886 U.
641 1849 682 1887 C.
702 1849 786 1887 vini
802 1861 922 1901 pere-

193 1906 298 1958 grini
339 1919 458 1945 usum
507 1906 771 1945 increbruisse
813 1905 923 1959 apud

193 1965 396 2003 Romanos
417 1995 427 2014 ,
468 1963 575 2002 idem
610 1971 790 2003 annotat.
829 1964 922 2003 Vid.

194 2027 413 2075 praeterea,
444 2036 545 2073 quae
560 2023 617 2061 ad
632 2037 691 2062 VS.
713 2026 779 2065 67.
811 2022 922 2060 dixi-

194 2093 295 2118 mus.
332 2081 401 2118 W
394 2078 448 2134 r.)
478 2095 627 2119 novum
652 2090 809 2128 neelar;
843 2080 925 2119 suit

194 2137 347 2175 scilicet
366 2136 507 2176 vinum
537 2139 664 2177 dulce.
727 2138 924 2182 Calathzis

194 2194 235 2233 h.
263 2194 290 2232 l.
319 2194 425 2233 vasis
451 2202 491 2234 et
509 2197 640 2235 calicis
659 2210 792 2249 genus·
854 2199 922 2238 73.

197 2252 398 2291 Saltantes
457 2254 617 2306 Satyros
663 2254 885 2293 imitabitur
908 2270 919 2292 :

195 2310 428 2362 simpliciter
445 2325 519 2363 pro
538 2313 714 2351 saltabit:
745 2313 826 2351 scil.
849 2315 923 2351 Sa-

195 2373 385 2419 tyrorum
419 2382 530 2407 more
550 2401 560 2419 ,
605 2370 828 2409 incondite:
873 2375 923 2408 ut

198 2426 341 2477 Georg.
362 2425 393 2474 Ι,
414 2427 495 2468 350
514 2428 554 2466 in
575 2442 687 2467 sacro
708 2435 800 2467 ante
816 2441 922 2467 mes-

196 2496 279 2520 sem
306 2484 390 2521 Det
416 2492 544 2523 motus
575 2488 854 2538 incompositos
887 2494 924 2524 ec

195 2542 379 2578 carmina
407 2541 526 2581 dicat.
587 2541 820 2597 (Commode
847 2546 922 2582 Sa·-

196 2604 384 2650 tyrorum
415 2601 658 2639 mentionem
683 2602 771 2640 fieri
795 2603 838 2640 in
855 2616 921 2639 sa-

197 2655 277 2695 cris
297 2655 349 2693 ad
371 2655 466 2695 deos
488 2665 678 2710 agresteS,
716 2659 760 2698 in
783 2660 922 2712 primis

196 2726 295 2754 vero
313 2713 527 2765 Bacchum,
559 2718 629 2755 cfr.
649 2731 708 2755 VS.
728 2720 807 2766 79.,
827 2731 923 2770 per-

198 2771 418 2810 tinentibus
432 2802 442 2821 ,
486 2773 542 2812 ait
580 2774 753 2813 Vossius.
803 2777 873 2814 W
867 2774 921 2829 r.)

196 2828 300 2868 Male
337 2829 483 2882 accipit
511 2831 673 2870 Baxter.
704 2831 755 2869 ad
781 2831 924 2871 Horat.

197 2886 323 2939 Epist.
352 2887 400 2936 II,
432 2889 472 2938 2,
496 2889 598 2939 125,
622 2895 669 2927 ut
697 2889 771 2939 sit,
803 2890 925 2942 Saty—

197 2957 292 2983 rum
310 2944 484 2984 saltabit.

258 3001 324 3044 74.
349 3002 419 3045 75.
434 3004 504 3053 Ea,
529 3017 629 3055 quae
651 3010 767 3042 antea
793 3004 924 3042 omni-

632 751 679 788 74
703 753 802 785 dona
820 749 982 783 Parrhas.
1005 756 1040 782 et
1065 760 1132 793 pro
1158 760 1231 781 var.
1256 747 1338 781 lect.
1366 759 1450 780 uuus
1468 747 1570 781 Leid.
1664 746 1711 782 75

1363 837 1366 840 ἢ
1376 794 1423 831 76
1458 795 1597 829 amavit
1619 793 1710 828 Gud.

979 972 1056 1013 bus
1073 972 1212 1012 diebus
1232 971 1342 1012 festis
1364 984 1405 1010 se
1420 972 1627 1011 facturum
1647 982 1712 1009 es-

981 1046 1021 1071 se
1040 1032 1220 1081 dixerat,
1251 1044 1361 1070 nunc
1384 1030 1438 1069 ad
1460 1029 1541 1069 duo
1562 1029 1711 1070 sollen-

981 1091 1048 1129 nia
1071 1089 1289 1142 insigniora
1318 1094 1503 1128 revocat:
1538 1087 1711 1127 alterum

979 1148 1273 1201 Nympharum,
1305 1147 1479 1185 alterum
1496 1146 1711 1185 lustratio-

980 1207 1042 1245 nis
1062 1220 1262 1259 agrorum.
1321 1205 1410 1258 Ipse
1437 1210 1559 1258 poeta
1572 1203 1710 1257 paullo

981 1271 1075 1303 ante
1093 1279 1134 1304 v.
1157 1266 1224 1306 69.
1244 1266 1298 1305 70
1327 1263 1425 1301 bina
1442 1262 1548 1302 binis
1560 1262 1712 1301 sollen-

980 1323 1099 1362 nibus
1138 1328 1324 1375 tempora
1356 1321 1549 1374 assignat,
1595 1318 1713 1358 alteri

980 1382 1083 1420 sesto
1101 1380 1329 1428 hibernum,
1361 1378 1478 1418 alteri
1496 1378 1711 1418 aestivum:

980 1453 1056 1479 nec
1084 1445 1222 1478 tamen
1253 1437 1332 1476 ista
1364 1437 1417 1476 ad
1443 1435 1486 1475 h.
1515 1437 1541 1475 l.
1569 1435 1713 1475 referri

979 1510 1096 1551 posse
1137 1497 1345 1536 videntur.
1417 1493 1536 1547 Apud
1560 1495 1713 1535 Roma-

981 1571 1054 1595 nos
1071 1555 1249 1594 sollenne
1268 1553 1464 1607 Nymphis
1477 1552 1713 1591 institutum

979 1614 1103 1653 fuisse
1125 1612 1287 1652 alitmde
1305 1613 1377 1651 vix
1396 1616 1568 1651 constat.
1618 1611 1712 1648 Lu—

980 1674 1118 1710 slratio
1138 1684 1353 1723 agrorum,
1388 1670 1472 1709 sive
1497 1668 1712 1708 ambarva-

979 1731 1055 1779 lia,
1107 1729 1287 1767 moribus
1321 1727 1483 1780 quidem
1519 1726 1713 1766 Romanis

979 1788 1132 1827 fiebant
1162 1787 1237 1829 sub
1263 1799 1400 1825 casum
1429 1785 1593 1835 hiemis,
1632 1784 1714 1823 iam

979 1860 1074 1886 vere
1095 1858 1247 1884 sereno.
1274 1857 1314 1884 v.
1334 1845 1477 1897 Georg.
1494 1843 1525 1892 Ι,
1544 1841 1640 1892 340,
1672 1847 1714 1881 et

980 1905 1033 1943 ad
1065 1903 1210 1943 Tibull.
1240 1902 1291 1952 Π,
1322 1906 1342 1944 1
1364 1916 1425 1955 pr.
1485 1900 1714 1940 Fatendum

979 1963 1102 2016 igitur
1123 1967 1182 2000 est
1196 1991 1207 2011 ,
1239 1960 1292 1999 ad
1320 1960 1474 1999 Siculos
1494 1959 1630 2012 potius
1652 1959 1714 1998 ri-

979 2028 1046 2061 tus
1084 2018 1389 2059 accommodata
1436 2017 1538 2056 haec
1572 2016 1715 2064 haberi

981 2079 1137 2118 debere.
1179 2078 1319 2129 Itaque
1337 2075 1596 2129 cogitandum
1615 2074 1714 2113 sim-

979 2137 1137 2191 pliciter
1158 2136 1207 2174 de
1224 2137 1327 2184 sesto
1349 2133 1641 2188 Nympharum,
1673 2139 1715 2171 et

982 2197 1110 2234 altero
1131 2191 1234 2234 sesto
1258 2207 1447 2246 agrorum
1475 2190 1715 2231 lustrando-

979 2268 1085 2293 rum.
1148 2250 1245 2307 (Sed
1271 2251 1385 2301 vide,
1429 2263 1531 2302 quae
1550 2249 1714 2288 notavi-

980 2326 1069 2351 mus
1089 2311 1142 2349 ad
1162 2324 1221 2350 vs,
1241 2312 1308 2352 67.
1344 2310 1415 2350 W
1408 2307 1457 2364 r.)
1515 2306 1716 2347 Discernit

979 2371 1062 2423 ipse
1082 2375 1202 2423 poeta
1220 2367 1356 2421 paullo
1385 2372 1479 2420 post
1501 2380 1541 2406 v.
1567 2367 1623 2408 79
1647 2378 1714 2403 sa·-

981 2442 1096 2467 crum
1126 2425 1275 2466 Bacchi
1307 2432 1348 2464 et
1382 2424 1536 2464 Cereris
1562 2424 1612 2462 ab
1631 2424 1714 2473 illo,

980 2486 1091 2539 quod
1102 2484 1304 2538 Daphnidi
1315 2483 1564 2522 instituetur.
1579 2480 1715 2536 (Quo-

979 2545 1102 2583 modo
1151 2541 1345 2582 discernit
1359 2542 1379 2580 ‘2
1436 2540 1501 2580 Ad
1547 2539 1716 2579 eandem

980 2602 1315 2650 sollemnitatem,
1362 2598 1411 2637 de
1448 2611 1528 2650 qua
1565 2612 1625 2637 vs.
1659 2599 1715 2640 67

980 2660 1119 2703 ——75.
1168 2659 1271 2711 agit,
1321 2656 1430 2696 redit
1465 2669 1525 2696 VS.
1557 2658 1625 2698 79.
1655 2668 1714 2707 sq.

987 2720 1058 2758 W
1051 2717 1100 2772 r.)

1040 2779 1095 2818 76
1118 2797 1176 2806 -
1196 2776 1272 2817 78.
1323 2773 1356 2812 F
1359 2771 1570 2811 astiditum
1604 2783 1716 2810 nunc

979 2832 1080 2883 hoc,
1111 2833 1224 2885 quod
1246 2831 1446 2870 delectare
1475 2830 1617 2870 debuit
1637 2842 1716 2867 no-

980 2905 1079 2930 vum
1099 2891 1254 2930 dictum
1270 2890 1314 2929 in
1332 2894 1453 2942 poeta
1465 2919 1476 2938 ,
1506 2888 1547 2928 h.
1568 2889 1594 2928 l.
1614 2887 1715 2926 Aen.

980 2948 1010 2998 1,
1037 2952 1120 2991 607
1136 2962 1220 3001 sqq.
1245 2954 1285 2987 et
1302 2947 1382 2986 Eel.
1414 2946 1446 2996 I,
1472 2949 1527 2989 60
1555 2958 1639 2998 sqq.
1667 2950 1717 2984 ut

981 3007 1174 3059 temporis
1214 3005 1377 3045 duratio
1417 3018 1490 3057 per
1519 3001 1716 3044 eiusmodi
