1768 3320
290 233 706 286 BUCOLICA
748 233 915 285 ECL.
952 234 1092 299 VIII,
1128 239 1352 289 77-89
1478 245 1580 292 217

833 376 957 409 mea
988 361 1243 426 carmina,
1282 361 1461 414 ducite
1478 368 1583 415 Da-

845 429 1053 496 phnim.

59 499 201 550 Talis
235 516 390 550 amor
418 499 718 567 Daphnim,
766 499 960 568 qualiS,
1010 518 1181 568 quum
1221 498 1360 551 sessa
1396 501 1585 551 iuven-

850 586 975 620 cum
1519 575 1586 624 85

18 697 20 704 ,
55 641 162 690 Per
179 656 406 690 nemora
428 648 590 707 atque
611 639 743 690 altos
766 639 1080 706 quaerendo
1105 640 1301 691 bucula
1320 639 1471 690 lucos

55 712 287 777 Propter
306 726 474 778 aquae
498 711 673 760 rivum
694 709 849 760 viridi
872 711 1185 777 procumbit
1208 712 1262 760 in
1285 710 1422 776 ulva,

56 779 302 844 Perdita,
335 797 439 831 nec
461 797 611 831 serae
644 781 894 830 meminit
921 780 1189 831 decedere
1210 781 1374 845 nocti,

57 849 199 900 Talis
218 867 372 900 amor
392 860 597 915 teneat,
634 868 736 901 nec
757 851 822 900 sit
840 851 975 901 mihi
1002 868 1125 902 cura
1146 851 1372 903 mederi.

126 936 207 985 84.
243 935 491 984 DAPHNIN
565 935 644 986 85.
679 936 928 985 DAPHNIN

19 378 23 383 ·
55 360 245 412 Ducite
276 359 342 411 ab
370 360 509 411 urbe
542 359 797 424 domum,

31 1052 34 1055 ’
56 1048 205 1084 laurum
225 1051 265 1084 in
290 1051 516 1098 Daphnide“
549 1057 610 1085 aut
632 1052 708 1094 ita,
734 1059 772 1086 ut
792 1051 1013 1086 notissimum
1032 1051 1122 1086 illud
1155 1051 1322 1095 „ardere
1345 1052 1383 1086 in
1404 1051 1585 1099 puella“;

55 1097 279 1142 praepositio
297 1099 337 1132 in
357 1098 395 1131 in
413 1098 479 1132 tali
499 1111 662 1133 sermone
684 1099 830 1142 indicat,
855 1112 923 1145 qua
941 1111 1045 1134 causa
1066 1099 1150 1145 quid
1170 1099 1252 1142 fiat,
1279 1111 1348 1145 quo
1367 1099 1451 1144 quid
1469 1098 1587 1144 perti-

55 1150 157 1184 neat3
182 1144 277 1178 idem
296 1145 391 1188 fere,
417 1146 513 1190 quod
534 1155 712 1194 propter3
746 1147 816 1181 vid.
835 1148 949 1181 Brem.
970 1147 1016 1180 ad
1037 1148 1131 1191 Nep.
1147 1147 1279 1180 Timol.
1307 1160 1336 1180 c.
1354 1148 1416 1189 IV,
1436 1146 1491 1187 3.;
1516 1153 1586 1189 aut,
1630 1153 1635 1156 '

56 1191 154 1236 quod
175 1191 263 1225 mihi
281 1192 504 1237 probabilius
524 1193 687 1236 videtur,
720 1207 861 1237 „urere
881 1195 1030 1228 laurum
1051 1196 1090 1228 in
1114 1195 1311 1241 Daphnide
1321 1197 1341 1213 “
1367 1194 1418 1235 ita
1438 1193 1587 1239 capien-

57 1237 140 1271 dum
157 1244 230 1272 est:
256 1251 359 1273 urere
377 1239 514 1274 laurum
526 1267 536 1284 ,
560 1241 651 1274 utin
670 1254 711 1275 ea
727 1254 765 1275 se
785 1241 839 1274 uri
860 1241 1019 1286 Daphnis
1038 1241 1188 1282 sentiat3
1214 1241 1310 1286 quod
1328 1240 1424 1274 idem
1447 1249 1519 1282 est,
1544 1253 1586 1275 ao

55 1285 306 1330 „Daphnidem
326 1287 362 1320 in
382 1287 486 1320 lauru
506 1300 608 1322 urere
619 1292 661 1330 “3
695 1288 795 1322 Ovid.
814 1290 903 1322 Met.
922 1290 1023 1331 VIII,
1045 1289 1145 1325 515.:
1171 1315 1193 1330 ,‚
1205 1289 1331 1322 absens
1350 1288 1488 1321 flamma
1505 1289 1587 1321 Me.-

54 1330 196 1377 leagros
217 1333 256 1367 in
275 1333 339 1367 illa
361 1334 496 1368 Uritur.
507 1337 529 1354 ‘⁴
577 1335 727 1369 Vossius
746 1336 835 1369 haec
861 1335 1008 1381 proprie
1029 1336 1100 1369 dici
1124 1342 1160 1369 et
1182 1336 1315 1369 laurum
1333 1335 1371 1368 in
1387 1334 1585 1380 Daphnidis

55 1378 207 1424 imagine
230 1380 426 1427 repositam
453 1382 508 1415 uri
537 1381 723 1417 existimat.
764 1383 859 1427 lVr.)
957 1384 1003 1419 86
1028 1383 1108 1417 alta
1127 1385 1218 1417 Ven.
1314 1382 1360 1419 87
1383 1381 1587 1417 concumbit

55 1427 148 1461 Gud.
197 1429 237 1461 in
260 1428 350 1462 ulva
363 1428 485 1463 Heius.
508 1442 526 1463 e
545 1430 750 1463 melioribus
772 1442 855 1463 mss.
876 1429 1040 1475 reposuit
1064 1429 1211 1472 iterum,
1237 1442 1315 1463 cum
1341 1429 1410 1463 iam
1440 1442 1460 1463 a
1482 1431 1585 1463 Nau-

56 1473 156 1519 gerio
176 1474 213 1507 in
232 1474 312 1509 Ald.
344 1482 427 1510 tert.
453 1484 489 1510 et
509 1476 592 1511 hinc
626 1477 663 1510 in
692 1478 778 1511 alias
802 1477 978 1511 inductum
1003 1477 1140 1512 suisset.
1191 1477 1339 1523 (Medic.
1360 1477 1456 1517 ulla3
1482 1489 1506 1510 ν
1523 1483 1586 1509 ta-

55 1533 154 1563 men,
180 1522 244 1555 sed
273 1534 293 1555 a
315 1522 514 1557 recentiore
533 1536 658 1566 manu,
691 1524 982 1569 suprascriptum.
1032 1525 1121 1558 ulva
1139 1524 1293 1559 Potterii
1318 1525 1423 1558 codd.
1452 1535 1584 1558 omnes.

62 1568 159 1612 Wr.)
209 1568 366 1614 Vulgata
391 1571 431 1603 in
453 1570 588 1613 herba,
622 1584 726 1617 quam
744 1571 838 1605 Pier.
866 1572 1102 1612 defendebat,
1135 1585 1178 1606 ex
1194 1571 1273 1605 Ald.
1306 1583 1361 1616 pr.
1386 1579 1586 1616 propagata

58 1622 114 1649 est
137 1615 175 1649 in
194 1615 280 1650 alias
293 1642 303 1659 ‚
326 1615 364 1650 in
384 1617 441 1650 his
462 1618 498 1651 in
516 1619 641 1664 steph.
667 1619 760 1653 conf.
780 1618 922 1653 Martin.
970 1621 1010 1653 in
1033 1619 1161 1653 umbra
1189 1619 1245 1653 ed.
1264 1620 1356 1653 Ven.
1379 1631 1455 1652 cum
1474 1619 1585 1652 Goth.

57 1675 128 1697 sec.
147 1676 167 1697 a
185 1676 231 1697 m.
251 1675 306 1708 pr.
354 1662 521 1699 consedit
543 1666 583 1699 in
606 1664 722 1700 herba
740 1678 828 1700 unus
849 1666 990 1707 Heins.‚
1020 1666 1198 1700 sollennes
1222 1665 1344 1711 utique
1360 1665 1585 1700 variationes.

56 1711 104 1746 88
128 1722 215 1744 sera
233 1723 277 1744 m.
299 1711 335 1744 d.
355 1719 463 1745 nocte
479 1719 624 1758 quartus
640 1713 774 1746 Moreti
792 1720 829 1746 et
845 1713 934 1747 alius
953 1713 1103 1747 Heinsii.
1150 1715 1270 1747 noctis
1288 1713 1414 1758 fragm.
1432 1712 1585 1754 Moreti3

55 1757 149 1791 unde
162 1759 346 1792 Burmann.
367 1758 457 1792 coni.
479 1772 563 1793 sero
578 1761 708 1794 noctis.
735 1761 924 1794 discedere
933 1762 1072 1805 Menag.
1085 1766 1122 1794 et
1134 1761 1301 1794 Rottend.
1319 1773 1389 1794 sec.
1415 1760 1485 1794 vid.
1507 1772 1585 1805 sup.

55 1804 128 1838 Ecl.
148 1806 191 1847 Π,
212 1806 270 1841 67.
317 1805 526 1850 Ambiguum
546 1813 622 1849 est,
646 1814 762 1840 utrum
776 1808 928 1854 perdita
947 1807 1255 1849 antecedentibus,
1280 1820 1325 1841 an
1344 1808 1586 1853 sequentibus,

55 1858 94 1885 ut
113 1851 151 1886 in
173 1852 256 1886 loco
279 1851 380 1886 Varii
401 1852 450 1898 (in
471 1853 591 1898 Notis)
610 1854 810 1899 subiungas.
860 1856 937 1900 (Est
956 1855 1027 1889 hoc
1051 1867 1093 1888 ex
1118 1867 1161 1888 eo
1185 1855 1498 1900 epiphonematum
1519 1867 1587 1899 ge—

55 1910 160 1942 nere,
193 1900 289 1945 quod
315 1900 565 1934 creberrimum
584 1902 678 1946 apud
700 1903 890 1935 Homerum
911 1909 948 1936 et
964 1902 1174 1947 Virgilium3
1200 1909 1296 1935 recte
1314 1903 1352 1936 F.
1371 1906 1411 1936 A.
1430 1902 1585 1937 Wolfius

55 1946 143 1980 talia
167 1946 298 1992 ubique
322 1947 504 1981 commatis
530 1948 691 1990 inclusit;
717 1949 902 1994 Heyniana
920 1949 1161 1994 interpunctio
1189 1949 1225 1982 in
1244 1949 1300 1983 his
1323 1949 1393 1984 sibi
1412 1962 1484 1984 non
1502 1950 1586 1984 ubi—

57 2005 126 2040 que
149 2000 306 2036 constat3
330 1995 521 2028 curandum
539 1996 678 2040 putavi,
703 2003 742 2030 ut
760 1996 831 2030 iam
852 1995 921 2030 sibi
943 2003 1136 2031 constaret.
1167 1996 1264 2041 Wr.)

58 2090 364 2130 observabatur.
395 2090 566 2130 Theocr.
584 2092 652 2130 1.1.
669 2106 708 2131 v.
723 2090 793 2134 24.
911 2095 979 2136 87.
1011 2095 1182 2144 Pr0pter
1195 2107 1330 2144 aquae
1343 2094 1478 2131 rivam
1486 2108 1502 2140 ‚·
1533 2106 1585 2131 ex

57 2162 98 2188 v.
118 2148 249 2187 cerda
267 2148 320 2187 ad
338 2148 381 2188 h.
398 2149 426 2188 l.
457 2150 506 2188 cs.
523 2149 669 2188 Tibull.
687 2150 735 2199 Π,
753 2150 793 2200 5,
851 2165 930 2190 usu
950 2157 1174 2203 poetarum,
1198 2151 1371 2200 Horatii,
1389 2151 1539 2189 Tibulli
1554 2151 1585 2200 I,

59 2208 128 2248 81.
156 2209 224 2248 83.
270 2206 370 2246 Mox
395 2209 449 2249 83
478 2209 521 2245 in
548 2208 790 2259 Daphnide,
855 2210 893 2259 1,
915 2211 971 2251 28
996 2215 1217 2262 praeeunte
1240 2209 1428 2248 Lucretio
1450 2210 1499 2259 II,
1532 2211 1586 2251 30

58 2263 128 2307 ἐπὶ
173 2261 358 2317 Δάφνιδι
377 2294 388 2314 ,
437 2265 482 2304 in
526 2265 793 2318 Daphnidem,

59 2321 172 2375 quod
196 2322 240 2362 in
266 2322 523 2376 Daphnidem
552 2330 707 2374 vertat,
745 2330 795 2362 ut

57 2381 92 2420 is
123 2380 267 2419 eodem
295 2381 419 2420 modo
452 2381 617 2421 flamma
645 2382 794 2421 amoris

59 2445 335 2479 consumatur.
375 2437 475 2494 (vid.
505 2440 554 2480 V.
589 2440 632 2479 L.
672 2438 791 2495 Wr.)

59 2496 231 2540 Theocr.
263 2498 290 2537 l.
319 2498 347 2537 1.
377 2511 418 2537 v.
448 2500 504 2540 23
538 2498 695 2551 Δέλφις
727 2494 793 2551 ἔμ’

60 2550 251 2597 ἆνίασεν·
281 2553 358 2610 ἐγώ
381 2551 424 2597 δ’
443 2556 510 2597 ἐπὶ
529 2555 705 2614 Δέλφιδι
721 2552 793 2597 δᾶ-

61 2629 175 2665 φναν
196 2613 320 2654 Α’ίθω
333 2620 408 2653 etc.
438 2614 582 2654 Horat.
599 2615 727 2668 Epod.
746 2614 795 2665 V,

62 2673 132 2712 81.
191 2671 350 2711 Scilicet
375 2673 550 2725 magicae
571 2673 648 2712 hae
667 2673 796 2712 ratio—

61 2741 133 2767 nes
157 2729 240 2768 sere
268 2730 510 2783 symbolicae
536 2738 652 2782 sunt,
693 2745 795 2783 qua-

61 2800 156 2825 rum
177 2789 476 2839 congruentiam
499 2795 541 2828 et
564 2789 797 2829 similitudi-

62 2857 157 2883 nem
173 2843 386 2897 physicum
411 2847 584 2899 aliquem
610 2848 797 2887 effectum

62 2901 213 2941 habere
254 2903 427 2943 stultitia
472 2904 685 2945 hominum
724 2912 798 2945 aut

64 2960 241 3056 credidit
256 2989 267 3010 ,
323 2968 396 3001 aut
430 2962 516 3003 aliis
550 2964 797 3017 persuadere

64 3032 118 3057 vo
135 3023 210 3057 mt.

849 2269 1044 2319 prostrati
1065 2269 1109 2305 in
1130 2269 1319 2319 gramine
1344 2268 1461 2306 molli
1480 2269 1587 2306 Pro-

844 2333 940 2377 pter
954 2340 1088 2378 aquae
1104 2327 1252 2374 rivum,
1276 2325 1348 2363 sub
1372 2327 1499 2364 ramis
1517 2340 1589 2363 ar-

850 2383 954 2421 boris
978 2384 1102 2422 altae.
1146 2383 1191 2422 in
1220 2383 1356 2422 Culice
1390 2386 1475 2426 389
1505 2384 1587 2420 Ri-

850 2455 949 2479 vam
975 2449 1143 2493 propter
1177 2456 1312 2494 aquae
1354 2442 1478 2481 viridi
1516 2440 1589 2479 sab

838 2499 1006 2552 fronde.
1068 2500 1122 2538 Et
1148 2499 1229 2538 iam
1253 2514 1340 2552 sup.
1361 2500 1443 2538 Ecl.
1462 2499 1510 2549 V,
1531 2496 1589 2540 47

853 2558 1004 2596 Dulcis
1029 2572 1163 2610 aquae
1193 2558 1360 2596 saliente
1388 2559 1498 2596 sitim
1522 2571 1587 2595 re-

853 2617 1054 2667 stinguere
1074 2618 1175 2654 rivo.
1230 2618 1298 2658 88.
1317 2630 1390 2653 nec
1409 2629 1589 2654 serae—

853 2674 1037 2712 decedere
1047 2676 1168 2723 nocti,
1193 2674 1411 2726 elegantius
1425 2673 1478 2711 ad
1488 2684 1588 2725 poe-

846 2731 977 2770 ticam
1001 2732 1223 2782 rationem,
1254 2746 1376 2784 quam
1399 2746 1488 2769 sera
1511 2744 1588 2767 no-

854 2798 913 2828 cte
922 2805 939 2838 ;
972 2790 1084 2841 quod
1104 2790 1191 2828 aliis
1211 2790 1344 2830 verbis
1370 2789 1475 2827 dixit
1493 2789 1587 2826 Sta-

853 2848 937 2887 tius
966 2848 1092 2887 Theb.
1113 2848 1179 2898 VI‚
1210 2850 1288 2890 191
1338 2849 1449 2885 Tunc
1466 2847 1588 2896 piget

854 2908 911 2944 ire
935 2906 1100 2944 domam
1114 2936 1125 2956 ,
1161 2914 1391 2957 maestoque
1413 2904 1587 2942 novissi·

854 2978 924 3002 ma
943 2978 1091 3015 campo
1110 2965 1211 3002 Exit
1229 2971 1266 3001 et
1283 2963 1486 3013 oppositas
1504 2962 1586 2997 im-

846 3030 976 3074 pasta
1010 3024 1207 3061 avertitur
1238 3019 1394 3058 herbas.
1457 3017 1586 3056 Locus
