1734 3320
188 188 291 237 368
518 184 573 233 P.
610 182 970 236 VIRGILII
1006 180 1384 234 MARONIS

185 314 465 363 Mutavere
484 309 616 371 viaS,
656 317 710 360 et
729 309 973 376 Iuppiter
993 306 1186 359 uvidus
1211 307 1398 358 austris

184 384 415 446 Densat,
462 387 613 431 erant
650 396 788 447 quae
825 396 942 429 rara
975 378 1175 444 mod0,
1222 387 1301 444 et,
1350 393 1490 447 quae
1535 376 1718 444 densa,

980 449 1206 512 relaxat3

184 524 485 575 Vertuntur
498 536 558 587 sp
565 519 704 571 ecies
723 519 1049 587 animorum,
1066 528 1119 571 et
1131 527 1354 586 pectora
1365 525 1556 568 motus
1612 520 1717 571 420

257 619 373 668 419.
407 616 623 667 DENSET

231 755 302 791 418
326 756 524 789 Mutavere
541 755 639 788 vices
648 752 844 787 Markland.
861 753 907 786 ad
922 755 1009 788 Stat.
1027 752 1113 788 Silv.
1128 753 1175 796 V,
1191 753 1226 795 2,
1247 751 1316 788 152
1333 751 1514 798 eleganter
1531 751 1716 794 coniectat,

186 810 223 836 ut
240 804 409 837 Catroeus
441 802 546 836 etiam
574 801 754 842 ediderat3
786 807 892 846 utque
915 800 954 834 in
972 812 1042 834 uno
1061 799 1229 835 Arundel.
1247 799 1391 845 legitur.
1439 800 1511 835 Sed
1530 812 1596 835 nec
1612 798 1716 841 male,

184 850 367 897 procellae
394 861 456 882 seu
481 848 706 893 tempestatis
730 860 770 882 ac
789 847 934 881 nubium
958 847 1015 882 via
1043 860 1084 882 ac
1106 847 1197 881 ratio
1221 852 1415 895 naturaque
1435 854 1606 889 mutatur,
1639 858 1717 880 cum

186 898 311 931 sudum
328 897 388 939 fit,
421 901 458 929 et
478 895 619 930 omnino
641 903 762 929 mutat
778 896 875 928 viam
893 895 1127 940 quodcunque
1146 900 1267 928 movet
1286 906 1345 937 se,
1369 894 1546 940 procedit.
1592 892 1714 929 Paullo

186 945 326 979 diversa
343 943 482 977 ratione
513 944 597 977 viae
620 943 716 976 caeli
743 941 859 975 dictae
879 942 1010 987 Georg.
1031 943 1075 984 11,
1093 941 1163 978 477
1192 952 1259 987 pro
1280 947 1379 975 motu
1397 941 1572 985 siderum,
1603 948 1642 975 ut
1660 940 1716 975 via

186 992 292 1035 solis,
317 991 488 1025 siderum:
513 1001 601 1035 quae
618 1001 684 1035 pro
706 989 876 1035 exemplis
893 988 1013 1023 laudat
1031 990 1147 1023 Burm.
1164 988 1200 1023 h.
1219 988 1244 1022 l.
1294 989 1432 1023 uvidus
1450 995 1504 1023 est
1524 1001 1566 1023 ex
1585 987 1715 1022 Medic.

185 1040 360 1074 humidus
381 1037 452 1079 alii,
479 1037 625 1071 umidus
643 1038 831 1071 Romanus.
881 1036 1065 1080 (Uvidus,
1093 1048 1230 1078 avens,
1255 1035 1460 1081 saepissime
1475 1036 1715 1076 in-humidus,

185 1088 360 1127 humens,
381 1091 572 1124 mutatum3
597 1083 668 1118 vid.
689 1085 847 1118 Gronov.
867 1083 978 1118 Diatr.
997 1096 1074 1130 cap.
1091 1083 1149 1119 24.
1169 1083 1292 1116 Heius.
1313 1083 1358 1117 ad
1381 1083 1482 1118 Ovid.
1500 1086 1575 1118 Am.
1595 1083 1654 1125 111,
1680 1082 1715 1124 5,

186 1135 219 1170 6.
244 1132 443 1167 Broukhus.
461 1132 506 1165 ad
529 1131 664 1166 Tibull.
681 1132 708 1172 1,
728 1133 763 1174 9,
781 1132 840 1166 37.
863 1131 1042 1165 Drakenb.
1061 1130 1107 1164 ad
1124 1130 1186 1165 Sil.
1206 1132 1248 1164 It.
1267 1131 1332 1173 IX,
1353 1132 1410 1167 30.
1460 1133 1559 1173 Quae
1574 1143 1632 1164 res
1649 1141 1715 1163 ex-

184 1180 349 1227 plicanda
367 1192 385 1213 e
404 1186 526 1213 vetere
542 1178 722 1212 scribendi
738 1179 890 1217 ratione,
908 1178 1161 1224 aspirationem
1176 1178 1212 1211 in
1229 1178 1491 1212 voc.lzumidus
1505 1184 1714 1224 respuente3

185 1229 237 1263 ita
263 1227 428 1262 facillime
460 1226 595 1260 uvidus
618 1225 654 1259 in
681 1237 758 1260 voc.
786 1226 898 1271 magis
925 1226 1184 1272 frequentatum
1214 1225 1360 1259 umidus
1386 1225 1537 1260 transire
1557 1230 1715 1271 poterat,

185 1287 392 1322 quamquam
411 1285 483 1307 non
501 1272 720 1318 negaverim,
745 1272 824 1306 fieri
844 1274 951 1307 etiam
970 1272 1144 1319 potuisse,
1167 1279 1205 1306 ut
1224 1273 1371 1307 umidus
1388 1272 1425 1306 in
1443 1272 1580 1307 uvidus
1596 1273 1714 1306 inter-

185 1324 268 1357 dum
290 1328 583 1367 corrumperetur.
631 1321 715 1355 Vim
740 1327 854 1354 autem
883 1327 918 1354 et
942 1326 1159 1365 potestatem
1180 1319 1307 1353 horum
1324 1332 1422 1354 vocc.
1443 1320 1474 1354 si
1498 1326 1713 1365 spectamus:

184 1370 387 1410 humida,
421 1368 679 1410 humentia,
714 1367 888 1402 contraria
911 1374 991 1401 sunt
1022 1366 1165 1401 siccis
1198 1373 1233 1400 et
1261 1367 1426 1402 aridis:
1462 1367 1564 1401 Ovid.
1584 1368 1668 1401 Met.
1687 1367 1713 1409 1,

185 1420 259 1454 19.:
285 1416 459 1462 „Frigida
476 1415 681 1461 pugnabant
701 1414 823 1449 calidis
834 1441 843 1458 ‚
868 1416 893 1449 h
905 1427 968 1448 um
979 1414 1109 1448 entia
1135 1427 1150 1448 s
1162 1413 1312 1449 iocis.“
1358 1414 1449 1449 Plin.
1466 1416 1511 1449 H.
1531 1416 1577 1449 N.
1597 1415 1714 1457 XVII,

186 1466 242 1501 14.
253 1479 262 1500 τ
298 1464 485 1507 „calamos
506 1475 526 1496 a
537 1462 610 1496 rid
621 1474 642 1496 o
653 1475 670 1496 s
690 1461 800 1496 inseri
819 1474 892 1496 non
911 1469 1057 1507 oportet
1070 1488 1080 1505 ,
1107 1461 1188 1508 quia
1208 1469 1328 1496 cortex
1346 1474 1418 1496 non
1442 1462 1498 1496 hu
1508 1475 1543 1496 m
1552 1474 1570 1496 e
1580 1474 1596 1495 s
1608 1475 1626 1495 c
1638 1461 1651 1495 i
1661 1463 1713 1495 t.“

185 1513 284 1548 Caes.
303 1511 392 1546 Bell.
410 1510 482 1544 Civ.
501 1511 527 1553 Ι,
551 1510 626 1546 58.:
662 1511 809 1553 „Naves
839 1522 881 1544 ex
901 1509 1023 1543 humi
1035 1510 1088 1543 da
1113 1509 1259 1544 materia
1279 1510 1431 1544 factae.“
1479 1509 1550 1544 Cic.
1567 1510 1671 1544 verr.
1686 1510 1712 1551 Ι,

183 1560 260 1597 45.:
287 1562 438 1605 „Ignem
458 1570 499 1592 ex
518 1557 625 1603 lignis
642 1556 815 1591 viridibus
835 1563 940 1603 atque
962 1557 986 1590 h
998 1556 1166 1591 umidis
1183 1556 1261 1591 fieri
1278 1556 1415 1591 iussit.“
1466 1559 1604 1600 Uvens,
1627 1557 1714 1590 uvi—

185 1609 274 1651 dus,
307 1614 362 1641 est
385 1605 591 1650 largiter
615 1605 818 1647 humens,
849 1616 1015 1639 rorans
1043 1604 1148 1638 etiam
1168 1616 1208 1638 ac
1229 1617 1246 1638 s
1259 1604 1447 1639 tillans:
1481 1605 1596 1638 Plaut.
1621 1603 1713 1638 Rud.

185 1657 248 1699 IV,
269 1655 304 1698 3,
327 1654 380 1690 5.:
406 1652 621 1696 „uvidum
644 1655 787 1686 rete.“
823 1653 947 1686 Horat.
968 1651 1032 1685 od.
1051 1653 1078 1694 I,
1096 1652 1130 1694 5,
1152 1650 1227 1687 14.:
1254 1652 1424 1695 „uvida
1441 1651 1674 1686 vestimenta“
1692 1662 1713 1684 e

184 1701 381 1747 naufragio.
431 1699 532 1733 Ovid.
553 1701 648 1734 Fast.
665 1701 727 1741 IV,
743 1698 844 1735 427.:
870 1725 891 1742 „
902 1698 1002 1733 locus
1023 1698 1235 1744 adspergine
1253 1699 1363 1734 multa
1379 1699 1557 1734 Uvidus
1578 1711 1622 1733 ex
1640 1698 1712 1733 alto

184 1748 385 1784 desilientis
403 1759 524 1792 aquae.
533 1749 554 1766 “
587 1746 675 1782 ibid.
690 1759 742 1780 vs.
762 1747 861 1782 686.:
895 1758 1008 1789 „rura
1034 1746 1238 1780 assiduis
1265 1746 1397 1781 uvida
1418 1758 1559 1791 semper
1578 1745 1713 1792 aquis.“

183 1801 274 1832 Stat.
294 1796 378 1831 silv.
398 1796 457 1837 111,
482 1796 514 1836 1,
536 1793 633 1830 144:
659 1794 865 1837 „Nereides
887 1792 1042 1838 scopulis
1059 1805 1110 1827 uv
1121 1793 1303 1827 entibus
1323 1794 1508 1828 haerent.“
1558 1793 1663 1836 Quod
1682 1792 1714 1827 si

184 1844 264 1891 quis
291 1842 479 1877 Horatium
506 1841 594 1875 mihi
612 1847 795 1886 opponat,
831 1840 897 1875 Od.
916 1842 978 1883 IV,
998 1840 1032 1883 5,
1057 1841 1138 1877 39.:
1173 1840 1353 1883 „dicimus
1382 1839 1493 1875 sicci
1518 1853 1621 1875 mane
1642 1841 1712 1882 die,

183 1891 331 1926 dicimus
356 1889 461 1924 uvid
474 1888 536 1931 i,“
567 1894 607 1922 ut
626 1894 761 1922 taceam
773 1913 783 1931 ,
816 1899 925 1933 posse
949 1887 1055 1921 etiam
1075 1887 1180 1923 uvida
1200 1895 1298 1922 recte
1320 1888 1458 1933 opponi
1478 1887 1580 1922 siccis
1593 1914 1603 1931 ,
1634 1899 1711 1922 voc.

186 1939 323 1973 uvidus
353 1937 423 1970 hoc
455 1947 594 1982 quoque
621 1934 702 1969 loco
731 1947 807 1968 eam
818 1961 828 1978 ,
868 1947 971 1981 quam
998 1934 1032 1968 ei
1056 1934 1243 1969 tribuimus
1255 1961 1265 1978 ‚
1296 1935 1450 1969 sustinet
1478 1941 1712 1980 potestatem:

183 1985 311 2020 uvidi
337 1983 427 2019 enim
447 1989 615 2028 potantes
627 2009 636 2025 ,
659 1982 684 2016 i.
704 1994 734 2016 e.
765 1981 869 2028 larg
879 1982 891 2015 i
902 1989 916 2016 t
926 1994 972 2016 er
1000 1982 1163 2016 bibentes
1175 2008 1184 2024 ‚
1219 1982 1401 2025 dicuntur,
1433 1993 1614 2029 nunquam
1634 1982 1658 2016 h
1668 1994 1713 2016 u-

183 2033 305 2067 midi.
354 2031 426 2067 Sed
445 2043 489 2064 ex
507 2030 563 2064 his
583 2029 671 2075 ipsis
695 2029 834 2063 Horatii
849 2029 968 2064 verbis
980 2055 989 2072 ,
1014 2035 1074 2063 aut
1091 2029 1281 2072 similibus,
1311 2029 1451 2065 Servius
1475 2042 1538 2064 sua
1553 2030 1713 2064 hausisse

183 2081 343 2115 videtur:
367 2078 441 2113 Ecl.
462 2079 511 2121 X,
531 2079 609 2114 2Ο.;
635 2076 892 2120 „humidum
907 2083 985 2119 est,
1009 2077 1106 2123 quod
1126 2077 1340 2111 extrinsecus
1360 2077 1472 2111 habet
1494 2072 1627 2123 aliquid
1641 2077 1713 2111 hu·-

183 2128 314 2171 moris,
358 2125 551 2160 uvidum
581 2136 690 2167 vero,
734 2124 831 2170 quod
858 2123 1076 2158 intrinsecus.
1089 2127 1111 2144 ‘⁴
1159 2126 1232 2158 Iam
1267 2125 1313 2159 ad
1346 2131 1504 2158 nostrum
1530 2124 1648 2159 locum
1673 2130 1715 2158 ut

182 2176 327 2210 redeam
339 2186 348 2207 t
374 2184 578 2220 quamquam
599 2172 691 2206 infra
704 2184 756 2205 vs.
767 2171 849 2207 462.
883 2174 944 2206 Au
954 2184 970 2205 s
980 2177 997 2204 t
1007 2183 1026 2204 e
1036 2183 1055 2204 r
1071 2179 1216 2206 vocatur
1233 2172 1258 2205 h
1269 2185 1291 2205 u
1300 2172 1391 2206 mid
1402 2184 1423 2205 u
1435 2183 1452 2205 s
1464 2197 1473 2213 ,
1497 2171 1580 2206 huic
1594 2178 1714 2206 tamen

184 2222 336 2257 orationi
364 2228 399 2255 et
425 2219 557 2265 plurali
577 2219 752 2253 austris
782 2217 919 2264 gravius
946 2219 1088 2252 videtur
1113 2219 1302 2254 convenire
1328 2218 1536 2253 vocabulum
1565 2219 1712 2253 uvidus.

188 2269 286 2312 Wr.)
357 2267 427 2304 419
454 2270 595 2302 Denset
612 2279 631 2300 e
650 2266 779 2301 Medic.
798 2267 901 2300 Rom.
923 2272 959 2300 et
975 2266 1180 2300 melioribus
1194 2267 1315 2301 Heius.
1335 2266 1428 2301 conf.
1451 2265 1576 2301 cerda.
1608 2269 1713 2300 Den-

183 2326 246 2352 sat
262 2315 380 2361 vulgo.
406 2315 451 2349 cf.
472 2326 548 2360 sup.
571 2314 616 2348 ad
633 2313 714 2349 248.
743 2313 819 2359 (ubi
834 2313 970 2347 densat
986 2313 1024 2347 h.
1042 2313 1079 2355 l.‚
1105 2314 1200 2360 quod
1212 2313 1371 2361 reposui,
1395 2312 1620 2348 scribendum
1635 2324 1713 2346 esse

183 2363 317 2398 censui.
349 2362 445 2407 Wr.)
496 2363 582 2395 Mox
600 2369 637 2394 et
655 2367 738 2394 ante
766 2372 861 2408 quae
887 2360 987 2394 deest
1006 2361 1108 2395 Leid.
1130 2374 1186 2408 pr.
1234 2370 1303 2396 aut
1327 2372 1423 2407 quae
1446 2359 1546 2394 malit
1561 2360 1713 2405 Kingius

184 2423 244 2457 ap.
264 2409 452 2444 Max-tinum
471 2408 508 2442 in
528 2420 624 2453 app„
648 2408 713 2442 sed
735 2417 773 2442 et
789 2407 994 2454 saepissime
1014 2408 1136 2442 eadem
1156 2408 1202 2443 vi.
1250 2409 1396 2443 relaxet
1412 2408 1504 2442 ven.
1525 2415 1560 2442 et
1577 2406 1712 2442 Zulich.

182 2458 254 2495 420
274 2465 425 2505 pectore
442 2455 590 2489 Mentel.
610 2468 665 2500 pr.
688 2468 765 2489 cum
783 2454 969 2489 duodecim
986 2455 1063 2489 aliis
1084 2455 1221 2489 Heinsii
1241 2462 1278 2490 et
1295 2457 1430 2497 Burm.,
1452 2454 1539 2488 item
1553 2453 1714 2489 nonnulli

183 2505 279 2552 apud
298 2503 453 2539 Pierium
475 2509 511 2536 et
530 2502 720 2537 Martinum
735 2509 773 2536 et
791 2502 901 2537 Goth.
919 2508 1084 2549 uterque:
1109 2503 1198 2537 ferri
1214 2511 1251 2538 et
1266 2503 1486 2547 hocpotest.

184 2623 236 2663 de
254 2657 255 2660 ,
283 2623 439 2662 Natura
485 2622 812 2675 pronuntiamus,
882 2621 920 2661 Is

184 2695 318 2722 aerem
353 2694 494 2721 rarum
529 2679 671 2719 densat
684 2710 694 2730 ,
746 2679 919 2718 densum

185 2755 232 2780 ac
251 2753 416 2793 gravem
433 2739 634 2778 rarefacit.
694 2736 793 2780 420.
816 2739 922 2777 Ver-

184 2807 323 2838 tzmtur
337 2799 487 2850 species
506 2799 733 2835 animorum
744 2810 761 2843 ;
782 2795 921 2848 paullo

185 2857 302 2896 aliter
321 2870 384 2910 ap.
402 2855 569 2894 Homer.
589 2854 733 2907 Odyss.
755 2864 798 2903 6,
825 2853 921 2895 135.

187 2918 284 2958 136.
308 2913 564 2955 nobilissimis
584 2912 791 2953 versibus:
821 2911 923 2949 tales

182 2973 396 3013 hominum
427 2977 602 3022 mentes,
647 2971 706 3010 ita
739 2967 922 3008 homines

981 2621 1115 2660 animo
1140 2620 1294 2671 affecti,
1333 2619 1515 2673 adeoque
1543 2620 1640 2660 laeti
1666 2634 1714 2660 ac

977 2679 1133 2729 tristes,
1182 2680 1246 2718 uti
1288 2693 1375 2718 sors
1412 2680 1605 2731 cuiusque
1635 2678 1713 2718 diei

978 2750 1197 2791 rerumque
1231 2743 1494 2777 externarum
1532 2736 1712 2777 conditio

979 2795 1111 2834 ferat:
1165 2796 1224 2835 ita
1262 2795 1369 2835 enim
1416 2794 1713 2848 interpretandi

979 2866 1145 2893 versus:
1197 2857 1316 2903 Τοῖος
1355 2851 1432 2909 γάρ
1475 2850 1570 2902 νόος
1604 2853 1714 2896 ἐστὶν

980 2910 1231 2965 ἐπιχθονίων
1249 2908 1500 2966 ἀνθρώπων,
1524 2907 1626 2953 Οἷον
1643 2905 1713 2953 ἐπ’

980 2963 1093 3025 ἦμαρ
1135 2967 1260 3027 ἄγῃσι
1291 2966 1426 3026 πατήρ
1470 2964 1639 3025 ἀνδρῶν
1670 2982 1713 3011 τε
