<?xml version="1.0" encoding="UTF-8"?>
<!DOCTYPE html PUBLIC "-//W3C//DTD XHTML 1.0 Transitional//EN"
    "http://www.w3.org/TR/xhtml1/DTD/xhtml1-transitional.dtd">
<html xmlns="http://www.w3.org/1999/xhtml" xml:lang="en" lang="en">
 <head>
  <title>
</title>
<meta http-equiv="Content-Type" content="text/html;charset=utf-8" />
  <meta name='ocr-system' content='tesseract 3.04.00' />
  <meta name='ocr-capabilities' content='ocr_page ocr_carea ocr_par ocr_line ocrx_word'/>
</head>
<body>
  <div class='ocr_page' id='page_1' title='image "./publiusvirgilius01virguoft_0260.png"; bbox 0 0 1768 3320; ppageno 0'>
   <div class='ocr_carea' id='block_1_1' title="bbox 168 222 1724 494">
    <p class='ocr_par' dir='ltr' id='par_1_1' title="bbox 168 222 1724 494">
     <span class='ocr_line' id='line_1_1' title="bbox 168 222 284 291; baseline -0.026 -1"><span class='ocrx_word' id='word_1_1' title='bbox 168 222 195 291; x_wconf 73' lang='lat' dir='ltr'><em>J</em></span> <span class='ocrx_word' id='word_1_2' title='bbox 215 239 284 288; x_wconf 77' lang='lat'>92</span> 
     </span>
     <span class='ocr_line' id='line_1_2' title="bbox 214 349 1642 424; baseline -0.008 -13"><span class='ocrx_word' id='word_1_3' title='bbox 214 363 351 424; x_wconf 89' lang='lat' dir='ltr'>Nec,</span> <span class='ocrx_word' id='word_1_4' title='bbox 387 358 429 407; x_wconf 90' lang='lat' dir='ltr'>si</span> <span class='ocrx_word' id='word_1_5' title='bbox 445 355 760 407; x_wconf 88' lang='lat' dir='ltr'>muneribus</span> <span class='ocrx_word' id='word_1_6' title='bbox 783 362 973 417; x_wconf 81' lang='lat' dir='ltr'>certeS,</span> <span class='ocrx_word' id='word_1_7' title='bbox 1013 349 1272 401; x_wconf 88' lang='lat' dir='ltr'>concedat</span> <span class='ocrx_word' id='word_1_8' title='bbox 1298 349 1467 402; x_wconf 84' lang='lat' dir='ltr'>Iollas,</span> <span class='ocrx_word' id='word_1_9' title='bbox 1633 382 1642 405; x_wconf 82' lang='grc'><strong><em>,</em></strong></span> 
     </span>
     <span class='ocr_line' id='line_1_3' title="bbox 214 417 1724 494; baseline -0.007 -14"><span class='ocrx_word' id='word_1_10' title='bbox 214 432 351 493; x_wconf 61' lang='lat' dir='ltr'>Hem</span> <span class='ocrx_word' id='word_1_11' title='bbox 375 427 502 493; x_wconf 86' lang='lat' dir='ltr'>heu,</span> <span class='ocrx_word' id='word_1_12' title='bbox 533 425 663 494; x_wconf 89' lang='lat' dir='ltr'>quid</span> <span class='ocrx_word' id='word_1_13' title='bbox 681 424 823 475; x_wconf 87' lang='lat' dir='ltr'>volui</span> <span class='ocrx_word' id='word_1_14' title='bbox 839 424 1036 472; x_wconf 88' lang='lat' dir='ltr'>misero</span> <span class='ocrx_word' id='word_1_15' title='bbox 1055 418 1210 470; x_wconf 80' lang='lat' dir='ltr'>mihi!</span> <span class='ocrx_word' id='word_1_16' title='bbox 1245 417 1471 471; x_wconf 87' lang='lat' dir='ltr'>floribus</span> <span class='ocrx_word' id='word_1_17' title='bbox 1488 428 1724 471; x_wconf 80' lang='lat' dir='ltr'><strong>austrum</strong></span> 
     </span>
    </p>
   </div>
   <div class='ocr_carea' id='block_1_2' title="bbox 198 489 1444 563">
    <p class='ocr_par' dir='ltr' id='par_1_2' title="bbox 198 489 1444 563">
     <span class='ocr_line' id='line_1_4' title="bbox 198 489 1444 563; baseline -0.008 -12"><span class='ocrx_word' id='word_1_18' title='bbox 198 493 483 562; x_wconf 46' lang='lat' dir='ltr'>&#39;Perditus‚</span> <span class='ocrx_word' id='word_1_19' title='bbox 521 505 574 546; x_wconf 85' lang='lat' dir='ltr'>et</span> <span class='ocrx_word' id='word_1_20' title='bbox 590 494 802 563; x_wconf 88' lang='lat' dir='ltr'>liquidis</span> <span class='ocrx_word' id='word_1_21' title='bbox 821 491 996 543; x_wconf 88' lang='lat' dir='ltr'>inmisi</span> <span class='ocrx_word' id='word_1_22' title='bbox 1014 489 1254 540; x_wconf 83' lang='lat' dir='ltr'>fontibus</span> <span class='ocrx_word' id='word_1_23' title='bbox 1274 506 1444 558; x_wconf 78' lang='lat' dir='ltr'>apros,</span> 
     </span>
    </p>
   </div>
   <div class='ocr_carea' id='block_1_3' title="bbox 478 213 1444 282">
    <p class='ocr_par' dir='ltr' id='par_1_3' title="bbox 478 213 1444 282">
     <span class='ocr_line' id='line_1_5' title="bbox 478 213 1444 282; baseline -0.009 -1"><span class='ocrx_word' id='word_1_24' title='bbox 478 213 579 282; x_wconf 77' lang='lat' dir='ltr'>·-i›.</span> <span class='ocrx_word' id='word_1_25' title='bbox 617 228 979 281; x_wconf 81' lang='lat' dir='ltr'>VIRGILII</span> <span class='ocrx_word' id='word_1_26' title='bbox 1026 218 1444 276; x_wconf 72' lang='lat' dir='ltr'>MARoNI‘s·</span> 
     </span>
    </p>
   </div>
   <div class='ocr_carea' id='block_1_4' title="bbox 209 607 1768 2302">
    <p class='ocr_par' dir='ltr' id='par_1_4' title="bbox 209 607 1768 2302">
     <span class='ocr_line' id='line_1_6' title="bbox 260 607 1725 688; baseline -0.006 -38"><span class='ocrx_word' id='word_1_27' title='bbox 260 618 308 654; x_wconf 90' lang='grc'>57</span> <span class='ocrx_word' id='word_1_28' title='bbox 330 623 445 650; x_wconf 77' lang='lat' dir='ltr'>certet</span> <span class='ocrx_word' id='word_1_29' title='bbox 460 614 552 648; x_wconf 88' lang='lat' dir='ltr'>idem</span> <span class='ocrx_word' id='word_1_30' title='bbox 564 639 572 655; x_wconf 90' lang='lat'>,</span> <span class='ocrx_word' id='word_1_31' title='bbox 598 620 635 647; x_wconf 94' lang='lat' dir='ltr'>et</span> <span class='ocrx_word' id='word_1_32' title='bbox 651 612 844 653; x_wconf 81' lang='lat' dir='ltr'>concedat,</span> <span class='ocrx_word' id='word_1_33' title='bbox 869 609 962 656; x_wconf 91' lang='lat' dir='ltr'>quod</span> <span class='ocrx_word' id='word_1_34' title='bbox 981 607 1260 654; x_wconf 79' lang='lat' dir='ltr'>praestantiores</span> <span class='ocrx_word' id='word_1_35' title='bbox 1277 607 1415 642; x_wconf 87' lang='lat' dir='ltr'>Heinsii</span> <span class='ocrx_word' id='word_1_36' title='bbox 1430 607 1725 688; x_wconf 51' lang='lat' dir='ltr'>tuenfflidque</span> 
     </span>
     <span class='ocr_line' id='line_1_7' title="bbox 216 652 1725 700; baseline -0.007 -2"><span class='ocrx_word' id='word_1_37' title='bbox 216 664 349 698; x_wconf 81' lang='lat' dir='ltr'>editum</span> <span class='ocrx_word' id='word_1_38' title='bbox 365 662 447 696; x_wconf 86' lang='lat' dir='ltr'>inde</span> <span class='ocrx_word' id='word_1_39' title='bbox 468 662 512 695; x_wconf 82' lang='lat' dir='ltr'>ab</span> <span class='ocrx_word' id='word_1_40' title='bbox 528 660 631 695; x_wconf 78' lang='lat' dir='ltr'>Aldd.</span> <span class='ocrx_word' id='word_1_41' title='bbox 663 662 710 693; x_wconf 84' lang='lat' dir='ltr'>At</span> <span class='ocrx_word' id='word_1_42' title='bbox 728 657 860 692; x_wconf 89' lang='lat' dir='ltr'>Pierius</span> <span class='ocrx_word' id='word_1_43' title='bbox 883 656 1013 690; x_wconf 88' lang='lat' dir='ltr'>editum</span> <span class='ocrx_word' id='word_1_44' title='bbox 1029 655 1152 688; x_wconf 85' lang='lat' dir='ltr'>laudat</span> <span class='ocrx_word' id='word_1_45' title='bbox 1170 655 1353 698; x_wconf 78' lang='lat' dir='ltr'><strong><em>concedet,</em></strong></span> <span class='ocrx_word' id='word_1_46' title='bbox 1373 655 1492 700; x_wconf 86' lang='lat' dir='ltr'>sicque</span> <span class='ocrx_word' id='word_1_47' title='bbox 1600 652 1725 688; x_wconf 84' lang='lat' dir='ltr'>’‘codd.</span> 
     </span>
     <span class='ocr_line' id='line_1_8' title="bbox 215 702 1727 754; baseline -0.008 -8"><span class='ocrx_word' id='word_1_48' title='bbox 215 712 381 746; x_wconf 78' lang='lat' dir='ltr'>concedit</span> <span class='ocrx_word' id='word_1_49' title='bbox 402 721 455 754; x_wconf 92' lang='lat' dir='ltr'>pr.</span> <span class='ocrx_word' id='word_1_50' title='bbox 485 709 610 741; x_wconf 87' lang='lat' dir='ltr'>Moret.</span> <span class='ocrx_word' id='word_1_51' title='bbox 660 705 874 752; x_wconf 88' lang='lat' dir='ltr'>(Legendum</span> <span class='ocrx_word' id='word_1_52' title='bbox 901 702 1091 742; x_wconf 76' lang='lat' dir='ltr'>concedet3</span> <span class='ocrx_word' id='word_1_53' title='bbox 1131 713 1213 735; x_wconf 85' lang='lat' dir='ltr'>nam</span> <span class='ocrx_word' id='word_1_54' title='bbox 1245 702 1276 735; x_wconf 88' lang='lat' dir='ltr'>si</span> <span class='ocrx_word' id='word_1_55' title='bbox 1307 702 1498 748; x_wconf 86' lang='lat' dir='ltr'>legerimus</span> <span class='ocrx_word' id='word_1_56' title='bbox 1537 702 1727 744; x_wconf 81' lang='lat' dir='ltr'>concedat,</span> 
     </span>
     <span class='ocr_line' id='line_1_9' title="bbox 215 747 1727 794; baseline -0.007 -2"><span class='ocrx_word' id='word_1_57' title='bbox 215 770 336 792; x_wconf 78' lang='lat' dir='ltr'>sensus</span> <span class='ocrx_word' id='word_1_58' title='bbox 358 762 468 790; x_wconf 88' lang='lat' dir='ltr'>esset:</span> <span class='ocrx_word' id='word_1_59' title='bbox 492 754 522 788; x_wconf 92' lang='lat' dir='ltr'>si</span> <span class='ocrx_word' id='word_1_60' title='bbox 541 755 636 787; x_wconf 84' lang='lat' dir='ltr'>forte</span> <span class='ocrx_word' id='word_1_61' title='bbox 654 759 767 787; x_wconf 85' lang='lat' dir='ltr'>certes</span> <span class='ocrx_word' id='word_1_62' title='bbox 780 777 789 794; x_wconf 89' lang='lat'>‚</span> <span class='ocrx_word' id='word_1_63' title='bbox 812 751 907 784; x_wconf 83' lang='lat' dir='ltr'>forte</span> <span class='ocrx_word' id='word_1_64' title='bbox 936 761 1007 783; x_wconf 89' lang='lat' dir='ltr'>non</span> <span class='ocrx_word' id='word_1_65' title='bbox 1027 749 1217 791; x_wconf 87' lang='lat' dir='ltr'>concedat,</span> <span class='ocrx_word' id='word_1_66' title='bbox 1242 749 1265 783; x_wconf 91' lang='lat' dir='ltr'>i.</span> <span class='ocrx_word' id='word_1_67' title='bbox 1288 761 1318 783; x_wconf 87' lang='lat' dir='ltr'>e.</span> <span class='ocrx_word' id='word_1_68' title='bbox 1336 749 1415 784; x_wconf 87' lang='lat' dir='ltr'>fieri</span> <span class='ocrx_word' id='word_1_69' title='bbox 1434 747 1568 794; x_wconf 83' lang='lat' dir='ltr'>possit,</span> <span class='ocrx_word' id='word_1_70' title='bbox 1593 754 1632 783; x_wconf 86' lang='lat' dir='ltr'>ut</span> <span class='ocrx_word' id='word_1_71' title='bbox 1654 760 1727 782; x_wconf 85' lang='lat' dir='ltr'>nou</span> 
     </span>
     <span class='ocr_line' id='line_1_10' title="bbox 216 796 1725 842; baseline -0.008 -3"><span class='ocrx_word' id='word_1_72' title='bbox 216 805 397 839; x_wconf 86' lang='lat' dir='ltr'>concedat.</span> <span class='ocrx_word' id='word_1_73' title='bbox 444 802 512 836; x_wconf 88' lang='lat' dir='ltr'>Sed</span> <span class='ocrx_word' id='word_1_74' title='bbox 530 801 598 834; x_wconf 89' lang='lat' dir='ltr'>hoc</span> <span class='ocrx_word' id='word_1_75' title='bbox 618 806 749 834; x_wconf 88' lang='lat' dir='ltr'>certum</span> <span class='ocrx_word' id='word_1_76' title='bbox 773 804 847 840; x_wconf 89' lang='lat' dir='ltr'>est,</span> <span class='ocrx_word' id='word_1_77' title='bbox 874 803 1075 841; x_wconf 88' lang='lat' dir='ltr'>certumque</span> <span class='ocrx_word' id='word_1_78' title='bbox 1094 807 1171 829; x_wconf 89' lang='lat' dir='ltr'>esse</span> <span class='ocrx_word' id='word_1_79' title='bbox 1197 796 1276 840; x_wconf 89' lang='lat' dir='ltr'>ipse</span> <span class='ocrx_word' id='word_1_80' title='bbox 1305 797 1425 830; x_wconf 83' lang='lat' dir='ltr'>sentit.</span> <span class='ocrx_word' id='word_1_81' title='bbox 1447 797 1512 842; x_wconf 82' lang='lat' dir='ltr'>Sp.</span> <span class='ocrx_word' id='word_1_82' title='bbox 1537 814 1582 821; x_wconf 91' lang='lat'>—-</span> <span class='ocrx_word' id='word_1_83' title='bbox 1609 796 1654 830; x_wconf 79' lang='lat' dir='ltr'>cf.</span> <span class='ocrx_word' id='word_1_84' title='bbox 1681 797 1725 837; x_wconf 88' lang='lat' dir='ltr'>Q.</span> 
     </span>
     <span class='ocr_line' id='line_1_11' title="bbox 215 841 1727 893; baseline -0.007 -7"><span class='ocrx_word' id='word_1_85' title='bbox 215 853 260 886; x_wconf 88' lang='lat' dir='ltr'>V.</span> <span class='ocrx_word' id='word_1_86' title='bbox 279 853 340 893; x_wconf 78' lang='lat' dir='ltr'>vl,</span> <span class='ocrx_word' id='word_1_87' title='bbox 363 852 397 886; x_wconf 85' lang='lat'>3.</span> <span class='ocrx_word' id='word_1_88' title='bbox 416 849 484 883; x_wconf 86' lang='lat' dir='ltr'>Sed</span> <span class='ocrx_word' id='word_1_89' title='bbox 502 848 594 891; x_wconf 85' lang='lat' dir='ltr'>fugit</span> <span class='ocrx_word' id='word_1_90' title='bbox 611 845 824 892; x_wconf 85' lang='lat' dir='ltr'>Spohnium‚</span> <span class='ocrx_word' id='word_1_91' title='bbox 857 856 964 888; x_wconf 82' lang='lat' dir='ltr'>saepe</span> <span class='ocrx_word' id='word_1_92' title='bbox 991 855 1052 885; x_wconf 92' lang='lat' dir='ltr'>ea,</span> <span class='ocrx_word' id='word_1_93' title='bbox 1085 842 1400 888; x_wconf 0' lang='lat' dir='ltr'>quae certissima</span> <span class='ocrx_word' id='word_1_94' title='bbox 1425 854 1503 877; x_wconf 83' lang='lat' dir='ltr'>esse</span> <span class='ocrx_word' id='word_1_95' title='bbox 1529 841 1727 888; x_wconf 83' lang='lat' dir='ltr'>significare</span> 
     </span>
     <span class='ocr_line' id='line_1_12' title="bbox 215 889 1725 940; baseline -0.006 -8"><span class='ocrx_word' id='word_1_96' title='bbox 215 898 393 939; x_wconf 87' lang='lat' dir='ltr'>volumus,</span> <span class='ocrx_word' id='word_1_97' title='bbox 416 908 493 930; x_wconf 91' lang='lat' dir='ltr'>cum</span> <span class='ocrx_word' id='word_1_98' title='bbox 514 894 628 940; x_wconf 86' lang='lat' dir='ltr'>aliqua</span> <span class='ocrx_word' id='word_1_99' title='bbox 654 891 874 926; x_wconf 82' lang='lat' dir='ltr'>dubitatione</span> <span class='ocrx_word' id='word_1_100' title='bbox 906 889 1072 935; x_wconf 85' lang='lat' dir='ltr'>proferri.</span> <span class='ocrx_word' id='word_1_101' title='bbox 1120 891 1212 923; x_wconf 91' lang='lat' dir='ltr'>Tum</span> <span class='ocrx_word' id='word_1_102' title='bbox 1239 890 1477 925; x_wconf 72' lang='lat' dir='ltr'>coniunctivae</span> <span class='ocrx_word' id='word_1_103' title='bbox 1507 890 1551 923; x_wconf 86' lang='lat' dir='ltr'>ab</span> <span class='ocrx_word' id='word_1_104' title='bbox 1581 889 1725 935; x_wconf 88' lang='lat' dir='ltr'>optimis</span> 
     </span>
     <span class='ocr_line' id='line_1_13' title="bbox 215 935 1768 986; baseline -0.006 -7"><span class='ocrx_word' id='word_1_105' title='bbox 215 944 314 979; x_wconf 82' lang='lat' dir='ltr'>libris</span> <span class='ocrx_word' id='word_1_106' title='bbox 335 942 550 982; x_wconf 76' lang='lat' dir='ltr'>defenditur5</span> <span class='ocrx_word' id='word_1_107' title='bbox 575 951 778 986; x_wconf 87' lang='lat' dir='ltr'>quamquam</span> <span class='ocrx_word' id='word_1_108' title='bbox 794 939 931 979; x_wconf 86' lang='lat' dir='ltr'>fateor,</span> <span class='ocrx_word' id='word_1_109' title='bbox 961 937 1103 970; x_wconf 89' lang='lat' dir='ltr'>modum</span> <span class='ocrx_word' id='word_1_110' title='bbox 1131 938 1333 982; x_wconf 81' lang='lat' dir='ltr'>praegressi</span> <span class='ocrx_word' id='word_1_111' title='bbox 1354 938 1456 972; x_wconf 85' lang='lat' dir='ltr'>verbi</span> <span class='ocrx_word' id='word_1_112' title='bbox 1478 947 1551 970; x_wconf 89' lang='lat' dir='ltr'>non</span> <span class='ocrx_word' id='word_1_113' title='bbox 1578 949 1660 971; x_wconf 84' lang='lat' dir='ltr'>raro</span> <span class='ocrx_word' id='word_1_114' title='bbox 1681 935 1727 970; x_wconf 83' lang='lat' dir='ltr'>ad</span> <span class='ocrx_word' id='word_1_115' title='bbox 1766 955 1768 957; x_wconf 91' lang='lat'>·</span> 
     </span>
     <span class='ocr_line' id='line_1_14' title="bbox 215 983 1725 1034; baseline -0.007 -8"><span class='ocrx_word' id='word_1_116' title='bbox 215 992 416 1026; x_wconf 90' lang='lat' dir='ltr'>mutandum</span> <span class='ocrx_word' id='word_1_117' title='bbox 443 988 593 1034; x_wconf 85' lang='lat' dir='ltr'>proximi</span> <span class='ocrx_word' id='word_1_118' title='bbox 624 987 723 1020; x_wconf 85' lang='lat' dir='ltr'>verbi</span> <span class='ocrx_word' id='word_1_119' title='bbox 743 985 886 1019; x_wconf 87' lang='lat' dir='ltr'>modum</span> <span class='ocrx_word' id='word_1_120' title='bbox 914 983 1078 1018; x_wconf 85' lang='lat' dir='ltr'>valuisse.</span> <span class='ocrx_word' id='word_1_121' title='bbox 1136 986 1184 1018; x_wconf 78' lang='lat' dir='ltr'>At</span> <span class='ocrx_word' id='word_1_122' title='bbox 1203 985 1296 1018; x_wconf 90' lang='lat' dir='ltr'>unde</span> <span class='ocrx_word' id='word_1_123' title='bbox 1314 992 1452 1020; x_wconf 88' lang='lat' dir='ltr'>tantum</span> <span class='ocrx_word' id='word_1_124' title='bbox 1468 983 1629 1018; x_wconf 84' lang='lat' dir='ltr'>codicum</span> <span class='ocrx_word' id='word_1_125' title='bbox 1647 983 1725 1017; x_wconf 86' lang='lat' dir='ltr'>dis·-</span> 
     </span>
     <span class='ocr_line' id='line_1_15' title="bbox 217 1030 1725 1079; baseline -0.006 -7"><span class='ocrx_word' id='word_1_126' title='bbox 217 1039 343 1072; x_wconf 89' lang='lat' dir='ltr'>cidium</span> <span class='ocrx_word' id='word_1_127' title='bbox 367 1038 401 1070; x_wconf 91' lang='lat' dir='ltr'>h.</span> <span class='ocrx_word' id='word_1_128' title='bbox 423 1036 446 1069; x_wconf 90' lang='lat' dir='ltr'>l.</span> <span class='ocrx_word' id='word_1_129' title='bbox 463 1042 576 1068; x_wconf 87' lang='lat' dir='ltr'>ortum</span> <span class='ocrx_word' id='word_1_130' title='bbox 594 1032 818 1079; x_wconf 78' lang='lat' dir='ltr'>putabimus?</span> <span class='ocrx_word' id='word_1_131' title='bbox 856 1031 1035 1076; x_wconf 87' lang='lat' dir='ltr'>Originem</span> <span class='ocrx_word' id='word_1_132' title='bbox 1053 1031 1173 1064; x_wconf 87' lang='lat' dir='ltr'>mendi</span> <span class='ocrx_word' id='word_1_133' title='bbox 1191 1030 1327 1066; x_wconf 86' lang='lat' dir='ltr'>indicat</span> <span class='ocrx_word' id='word_1_134' title='bbox 1346 1045 1400 1078; x_wconf 86' lang='lat' dir='ltr'>pr.</span> <span class='ocrx_word' id='word_1_135' title='bbox 1427 1033 1518 1066; x_wconf 76' lang='lat' dir='ltr'>Mer.</span> <span class='ocrx_word' id='word_1_136' title='bbox 1530 1058 1540 1074; x_wconf 89' lang='lat'>‚</span> <span class='ocrx_word' id='word_1_137' title='bbox 1564 1031 1725 1076; x_wconf 84' lang='lat' dir='ltr'>egregius</span> 
     </span>
     <span class='ocr_line' id='line_1_16' title="bbox 215 1077 1727 1128; baseline -0.005 -9"><span class='ocrx_word' id='word_1_138' title='bbox 215 1085 325 1128; x_wconf 89' lang='lat' dir='ltr'>liber,</span> <span class='ocrx_word' id='word_1_139' title='bbox 348 1082 570 1118; x_wconf 84' lang='lat' dir='ltr'>indicativum</span> <span class='ocrx_word' id='word_1_140' title='bbox 590 1081 756 1115; x_wconf 79' lang='lat' dir='ltr'>concedit</span> <span class='ocrx_word' id='word_1_141' title='bbox 783 1079 962 1112; x_wconf 81' lang='lat' dir='ltr'>exhibens.</span> <span class='ocrx_word' id='word_1_142' title='bbox 1002 1078 1194 1113; x_wconf 76' lang='lat' dir='ltr'>Praeclare</span> <span class='ocrx_word' id='word_1_143' title='bbox 1228 1085 1346 1113; x_wconf 90' lang='lat' dir='ltr'>autem</span> <span class='ocrx_word' id='word_1_144' title='bbox 1368 1083 1465 1114; x_wconf 84' lang='lat' dir='ltr'>Serv.</span> <span class='ocrx_word' id='word_1_145' title='bbox 1487 1077 1613 1112; x_wconf 80' lang='lat' dir='ltr'>Dresd.</span> <span class='ocrx_word' id='word_1_146' title='bbox 1649 1078 1727 1112; x_wconf 86' lang='lat' dir='ltr'>Nec</span> 
     </span>
     <span class='ocr_line' id='line_1_17' title="bbox 216 1125 1725 1170; baseline -0.006 -3"><span class='ocrx_word' id='word_1_147' title='bbox 216 1134 250 1167; x_wconf 83' lang='lat' dir='ltr'>si</span> <span class='ocrx_word' id='word_1_148' title='bbox 275 1129 484 1166; x_wconf 75' lang='lat' dir='ltr'>muneribus</span> <span class='ocrx_word' id='word_1_149' title='bbox 511 1135 686 1169; x_wconf 86' lang='lat' dir='ltr'>certas,</span> <span class='ocrx_word' id='word_1_150' title='bbox 724 1126 949 1160; x_wconf 84' lang='lat' dir='ltr'>concedit</span> <span class='ocrx_word' id='word_1_151' title='bbox 982 1125 1113 1159; x_wconf 74' lang='lat' dir='ltr'>Iollas.</span> <span class='ocrx_word' id='word_1_152' title='bbox 1170 1126 1310 1170; x_wconf 86' lang='lat' dir='ltr'>Optime</span> <span class='ocrx_word' id='word_1_153' title='bbox 1334 1135 1474 1168; x_wconf 71' lang='lat' dir='ltr'>certa-33</span> <span class='ocrx_word' id='word_1_154' title='bbox 1501 1138 1583 1159; x_wconf 90' lang='lat' dir='ltr'>nam</span> <span class='ocrx_word' id='word_1_155' title='bbox 1606 1126 1725 1160; x_wconf 80' lang='lat' dir='ltr'>facere</span> 
     </span>
     <span class='ocr_line' id='line_1_18' title="bbox 215 1171 1725 1220; baseline -0.005 -8"><span class='ocrx_word' id='word_1_156' title='bbox 215 1179 283 1213; x_wconf 86' lang='lat' dir='ltr'>iam</span> <span class='ocrx_word' id='word_1_157' title='bbox 302 1178 509 1212; x_wconf 81' lang='lat' dir='ltr'>instituerat.</span> <span class='ocrx_word' id='word_1_158' title='bbox 557 1174 740 1209; x_wconf 86' lang='lat' dir='ltr'>Indicativi</span> <span class='ocrx_word' id='word_1_159' title='bbox 763 1186 865 1218; x_wconf 89' lang='lat' dir='ltr'>quum</span> <span class='ocrx_word' id='word_1_160' title='bbox 885 1171 1072 1206; x_wconf 85' lang='lat' dir='ltr'>offensioni</span> <span class='ocrx_word' id='word_1_161' title='bbox 1091 1179 1229 1215; x_wconf 86' lang='lat' dir='ltr'>essent,</span> <span class='ocrx_word' id='word_1_162' title='bbox 1253 1174 1350 1209; x_wconf 85' lang='lat' dir='ltr'>varie</span> <span class='ocrx_word' id='word_1_163' title='bbox 1369 1182 1553 1220; x_wconf 88' lang='lat' dir='ltr'>corruptus</span> <span class='ocrx_word' id='word_1_164' title='bbox 1572 1180 1627 1206; x_wconf 87' lang='lat' dir='ltr'>est</span> <span class='ocrx_word' id='word_1_165' title='bbox 1641 1185 1725 1206; x_wconf 88' lang='lat' dir='ltr'>ver-</span> 
     </span>
     <span class='ocr_line' id='line_1_19' title="bbox 215 1219 1725 1268; baseline -0.005 -8"><span class='ocrx_word' id='word_1_166' title='bbox 215 1239 272 1260; x_wconf 85' lang='lat' dir='ltr'>sus</span> <span class='ocrx_word' id='word_1_167' title='bbox 294 1239 314 1260; x_wconf 82' lang='lat' dir='ltr'>a</span> <span class='ocrx_word' id='word_1_168' title='bbox 329 1223 492 1258; x_wconf 88' lang='lat' dir='ltr'>librariis.</span> <span class='ocrx_word' id='word_1_169' title='bbox 532 1223 602 1256; x_wconf 86' lang='lat' dir='ltr'>Sed</span> <span class='ocrx_word' id='word_1_170' title='bbox 618 1234 662 1255; x_wconf 89' lang='lat' dir='ltr'>ne</span> <span class='ocrx_word' id='word_1_171' title='bbox 679 1220 838 1266; x_wconf 90' lang='lat' dir='ltr'>cupidius</span> <span class='ocrx_word' id='word_1_172' title='bbox 859 1232 934 1253; x_wconf 90' lang='lat' dir='ltr'>rem</span> <span class='ocrx_word' id='word_1_173' title='bbox 959 1219 1073 1264; x_wconf 89' lang='lat' dir='ltr'>egisse</span> <span class='ocrx_word' id='word_1_174' title='bbox 1093 1219 1227 1262; x_wconf 89' lang='lat' dir='ltr'>videar,</span> <span class='ocrx_word' id='word_1_175' title='bbox 1250 1219 1420 1255; x_wconf 85' lang='lat' dir='ltr'>intactam</span> <span class='ocrx_word' id='word_1_176' title='bbox 1437 1220 1565 1268; x_wconf 87' lang='lat' dir='ltr'>reliqui</span> <span class='ocrx_word' id='word_1_177' title='bbox 1583 1219 1725 1254; x_wconf 84' lang='lat' dir='ltr'>interim</span> 
     </span>
     <span class='ocr_line' id='line_1_20' title="bbox 213 1267 1725 1314; baseline -0.005 -8"><span class='ocrx_word' id='word_1_178' title='bbox 213 1273 403 1307; x_wconf 90' lang='lat' dir='ltr'>lectionem</span> <span class='ocrx_word' id='word_1_179' title='bbox 421 1271 464 1304; x_wconf 90' lang='lat' dir='ltr'>ab</span> <span class='ocrx_word' id='word_1_180' title='bbox 483 1270 621 1314; x_wconf 88' lang='lat' dir='ltr'>Heynio</span> <span class='ocrx_word' id='word_1_181' title='bbox 637 1267 839 1302; x_wconf 81' lang='lat' dir='ltr'>exhibitam.</span> <span class='ocrx_word' id='word_1_182' title='bbox 872 1268 1062 1300; x_wconf 88' lang='lat' dir='ltr'>Praeterea</span> <span class='ocrx_word' id='word_1_183' title='bbox 1081 1275 1197 1300; x_wconf 75' lang='lat' dir='ltr'>certet</span> <span class='ocrx_word' id='word_1_184' title='bbox 1215 1267 1321 1302; x_wconf 90' lang='lat' dir='ltr'>etiam</span> <span class='ocrx_word' id='word_1_185' title='bbox 1335 1268 1432 1313; x_wconf 88' lang='lat' dir='ltr'>Lips.</span> <span class='ocrx_word' id='word_1_186' title='bbox 1456 1269 1515 1303; x_wconf 85' lang='lat' dir='ltr'>alt.</span> <span class='ocrx_word' id='word_1_187' title='bbox 1537 1267 1602 1312; x_wconf 81' lang='lat' dir='ltr'>sed</span> <span class='ocrx_word' id='word_1_188' title='bbox 1619 1279 1725 1311; x_wconf 83' lang='lat' dir='ltr'>supra</span> 
     </span>
     <span class='ocr_line' id='line_1_21' title="bbox 214 1313 1726 1364; baseline -0.005 -11"><span class='ocrx_word' id='word_1_189' title='bbox 214 1319 346 1364; x_wconf 85' lang='lat' dir='ltr'>scripta</span> <span class='ocrx_word' id='word_1_190' title='bbox 365 1331 392 1351; x_wconf 86' lang='lat' dir='ltr'>s.</span> <span class='ocrx_word' id='word_1_191' title='bbox 416 1317 510 1361; x_wconf 81' lang='lat' dir='ltr'>Wr.)</span> <span class='ocrx_word' id='word_1_192' title='bbox 552 1316 670 1350; x_wconf 82' lang='lat' dir='ltr'>Iollas</span> <span class='ocrx_word' id='word_1_193' title='bbox 679 1315 714 1348; x_wconf 85' lang='lat' dir='ltr'>in</span> <span class='ocrx_word' id='word_1_194' title='bbox 733 1315 930 1360; x_wconf 87' lang='lat' dir='ltr'>plerisque:</span> <span class='ocrx_word' id='word_1_195' title='bbox 946 1314 1041 1359; x_wconf 88' lang='lat' dir='ltr'>quod</span> <span class='ocrx_word' id='word_1_196' title='bbox 1058 1313 1205 1347; x_wconf 88' lang='lat' dir='ltr'>metrica</span> <span class='ocrx_word' id='word_1_197' title='bbox 1223 1315 1314 1349; x_wconf 85' lang='lat' dir='ltr'>ratio</span> <span class='ocrx_word' id='word_1_198' title='bbox 1330 1315 1490 1361; x_wconf 85' lang='lat' dir='ltr'>requirit.</span> <span class='ocrx_word' id='word_1_199' title='bbox 1525 1313 1624 1349; x_wconf 67' lang='lat' dir='ltr'>Iolla</span> <span class='ocrx_word' id='word_1_200' title='bbox 1632 1315 1726 1348; x_wconf 80' lang='lat' dir='ltr'>Rot-</span> 
     </span>
     <span class='ocr_line' id='line_1_22' title="bbox 214 1357 1725 1408; baseline -0.005 -8"><span class='ocrx_word' id='word_1_201' title='bbox 214 1367 309 1400; x_wconf 87' lang='lat' dir='ltr'>tend.</span> <span class='ocrx_word' id='word_1_202' title='bbox 328 1378 408 1405; x_wconf 66' lang='lat' dir='ltr'>sec„</span> <span class='ocrx_word' id='word_1_203' title='bbox 430 1371 467 1397; x_wconf 86' lang='lat' dir='ltr'>ut</span> <span class='ocrx_word' id='word_1_204' title='bbox 491 1363 562 1397; x_wconf 85' lang='lat' dir='ltr'>Ecl.</span> <span class='ocrx_word' id='word_1_205' title='bbox 591 1364 648 1404; x_wconf 86' lang='grc' dir='ltr'><strong>ΙΙΙ,</strong></span> <span class='ocrx_word' id='word_1_206' title='bbox 663 1363 718 1398; x_wconf 88' lang='lat'>79.</span> <span class='ocrx_word' id='word_1_207' title='bbox 767 1363 830 1395; x_wconf 89' lang='lat' dir='ltr'>Est</span> <span class='ocrx_word' id='word_1_208' title='bbox 847 1358 950 1406; x_wconf 73' lang='grc' dir='ltr'><em>Ἰόλη.</em></span> <span class='ocrx_word' id='word_1_209' title='bbox 971 1358 1121 1403; x_wconf 79' lang='grc' dir='ltr'><strong><em>Ἰόλαος.</em></strong></span> <span class='ocrx_word' id='word_1_210' title='bbox 1147 1357 1279 1404; x_wconf 73' lang='grc' dir='ltr'><strong><em>Ἰόλας.</em></strong></span> <span class='ocrx_word' id='word_1_211' title='bbox 1329 1363 1461 1408; x_wconf 78' lang='lat' dir='ltr'>(Iollas</span> <span class='ocrx_word' id='word_1_212' title='bbox 1493 1364 1593 1397; x_wconf 86' lang='lat' dir='ltr'>Rom.</span> <span class='ocrx_word' id='word_1_213' title='bbox 1616 1367 1652 1394; x_wconf 92' lang='lat' dir='ltr'>et</span> <span class='ocrx_word' id='word_1_214' title='bbox 1674 1361 1725 1394; x_wconf 86' lang='lat' dir='ltr'>sic</span> 
     </span>
     <span class='ocr_line' id='line_1_23' title="bbox 215 1408 1726 1455; baseline -0.004 -9"><span class='ocrx_word' id='word_1_215' title='bbox 215 1413 251 1446; x_wconf 89' lang='lat' dir='ltr'>in</span> <span class='ocrx_word' id='word_1_216' title='bbox 276 1413 400 1446; x_wconf 90' lang='lat' dir='ltr'>eodem</span> <span class='ocrx_word' id='word_1_217' title='bbox 424 1411 501 1444; x_wconf 84' lang='lat' dir='ltr'>cod.</span> <span class='ocrx_word' id='word_1_218' title='bbox 516 1410 599 1444; x_wconf 90' lang='lat' dir='ltr'>alibi</span> <span class='ocrx_word' id='word_1_219' title='bbox 622 1415 800 1442; x_wconf 87' lang='lat' dir='ltr'>exaratum</span> <span class='ocrx_word' id='word_1_220' title='bbox 826 1409 935 1442; x_wconf 84' lang='lat' dir='ltr'>refert</span> <span class='ocrx_word' id='word_1_221' title='bbox 957 1408 992 1441; x_wconf 90' lang='lat' dir='ltr'>h.</span> <span class='ocrx_word' id='word_1_222' title='bbox 1012 1408 1035 1441; x_wconf 91' lang='lat' dir='ltr'>l.</span> <span class='ocrx_word' id='word_1_223' title='bbox 1053 1408 1253 1450; x_wconf 88' lang='lat' dir='ltr'>Bottarius;</span> <span class='ocrx_word' id='word_1_224' title='bbox 1279 1421 1394 1455; x_wconf 88' lang='lat' dir='ltr'>neque</span> <span class='ocrx_word' id='word_1_225' title='bbox 1420 1410 1525 1444; x_wconf 88' lang='lat' dir='ltr'>aliter</span> <span class='ocrx_word' id='word_1_226' title='bbox 1549 1411 1635 1442; x_wconf 85' lang='lat' dir='ltr'>Aen.</span> <span class='ocrx_word' id='word_1_227' title='bbox 1661 1409 1726 1450; x_wconf 86' lang='lat' dir='ltr'>XI,</span> 
     </span>
     <span class='ocr_line' id='line_1_24' title="bbox 213 1456 1725 1497; baseline -0.003 -4"><span class='ocrx_word' id='word_1_228' title='bbox 213 1458 295 1496; x_wconf 78' lang='lat'><strong>640.</strong></span> <span class='ocrx_word' id='word_1_229' title='bbox 319 1458 356 1492; x_wconf 87' lang='lat' dir='ltr'>in</span> <span class='ocrx_word' id='word_1_230' title='bbox 373 1458 553 1497; x_wconf 65' lang='lat' dir='ltr'>Mediceoj,</span> <span class='ocrx_word' id='word_1_231' title='bbox 587 1457 636 1490; x_wconf 89' lang='lat' dir='ltr'>sic</span> <span class='ocrx_word' id='word_1_232' title='bbox 661 1456 766 1489; x_wconf 87' lang='lat' dir='ltr'>etiam</span> <span class='ocrx_word' id='word_1_233' title='bbox 785 1459 881 1490; x_wconf 89' lang='lat' dir='ltr'>Serv.</span> <span class='ocrx_word' id='word_1_234' title='bbox 898 1456 1024 1489; x_wconf 88' lang='lat' dir='ltr'>Dresd.</span> <span class='ocrx_word' id='word_1_235' title='bbox 1043 1462 1257 1490; x_wconf 89' lang='lat' dir='ltr'>constanter.</span> <span class='ocrx_word' id='word_1_236' title='bbox 1304 1456 1496 1491; x_wconf 75' lang='lat' dir='ltr'>Brunckius</span> <span class='ocrx_word' id='word_1_237' title='bbox 1527 1468 1605 1490; x_wconf 90' lang='lat' dir='ltr'>cum</span> <span class='ocrx_word' id='word_1_238' title='bbox 1635 1456 1725 1488; x_wconf 86' lang='lat' dir='ltr'>Bur-</span> 
     </span>
     <span class='ocr_line' id='line_1_25' title="bbox 214 1502 1726 1550; baseline -0.003 -11"><span class='ocrx_word' id='word_1_239' title='bbox 214 1519 340 1540; x_wconf 86' lang='lat' dir='ltr'>manno</span> <span class='ocrx_word' id='word_1_240' title='bbox 364 1505 489 1550; x_wconf 85' lang='lat' dir='ltr'>ubique</span> <span class='ocrx_word' id='word_1_241' title='bbox 507 1505 610 1538; x_wconf 77' lang='lat' dir='ltr'>Iolas</span> <span class='ocrx_word' id='word_1_242' title='bbox 630 1503 780 1548; x_wconf 89' lang='lat' dir='ltr'>simplici</span> <span class='ocrx_word' id='word_1_243' title='bbox 804 1503 821 1536; x_wconf 90' lang='lat' dir='ltr'><em>l</em></span> <span class='ocrx_word' id='word_1_244' title='bbox 844 1502 973 1544; x_wconf 82' lang='lat' dir='ltr'>edidit;</span> <span class='ocrx_word' id='word_1_245' title='bbox 1008 1503 1071 1536; x_wconf 89' lang='lat' dir='ltr'>sed</span> <span class='ocrx_word' id='word_1_246' title='bbox 1088 1502 1220 1536; x_wconf 86' lang='lat' dir='ltr'>retinui</span> <span class='ocrx_word' id='word_1_247' title='bbox 1246 1504 1485 1550; x_wconf 85' lang='lat' dir='ltr'>Heyuianam,</span> <span class='ocrx_word' id='word_1_248' title='bbox 1519 1503 1626 1538; x_wconf 85' lang='lat' dir='ltr'>etiam</span> <span class='ocrx_word' id='word_1_249' title='bbox 1660 1514 1726 1547; x_wconf 87' lang='lat' dir='ltr'>per</span> 
     </span>
     <span class='ocr_line' id='line_1_26' title="bbox 214 1550 1726 1598; baseline -0.003 -11"><span class='ocrx_word' id='word_1_250' title='bbox 214 1553 365 1598; x_wconf 85' lang='lat' dir='ltr'>optimos</span> <span class='ocrx_word' id='word_1_251' title='bbox 385 1552 487 1586; x_wconf 88' lang='lat' dir='ltr'>codd.</span> <span class='ocrx_word' id='word_1_252' title='bbox 506 1551 800 1589; x_wconf 80' lang='lat' dir='ltr'>commendatam,</span> <span class='ocrx_word' id='word_1_253' title='bbox 825 1551 998 1584; x_wconf 88' lang='lat' dir='ltr'>rationem</span> <span class='ocrx_word' id='word_1_254' title='bbox 1019 1556 1057 1583; x_wconf 91' lang='lat' dir='ltr'>ut</span> <span class='ocrx_word' id='word_1_255' title='bbox 1079 1550 1116 1583; x_wconf 91' lang='lat' dir='ltr'>in</span> <span class='ocrx_word' id='word_1_256' title='bbox 1137 1552 1274 1584; x_wconf 88' lang='lat' dir='ltr'>Graeco</span> <span class='ocrx_word' id='word_1_257' title='bbox 1293 1551 1465 1586; x_wconf 87' lang='lat' dir='ltr'>vocabulo</span> <span class='ocrx_word' id='word_1_258' title='bbox 1478 1578 1487 1594; x_wconf 94' lang='lat'>,</span> <span class='ocrx_word' id='word_1_259' title='bbox 1511 1550 1548 1583; x_wconf 87' lang='lat' dir='ltr'>in</span> <span class='ocrx_word' id='word_1_260' title='bbox 1573 1561 1662 1596; x_wconf 89' lang='lat' dir='ltr'>quo,</span> <span class='ocrx_word' id='word_1_261' title='bbox 1688 1556 1726 1582; x_wconf 88' lang='lat' dir='ltr'>ut</span> 
     </span>
     <span class='ocr_line' id='line_1_27' title="bbox 212 1597 1726 1645; baseline -0.001 -13"><span class='ocrx_word' id='word_1_262' title='bbox 212 1601 465 1645; x_wconf 74' lang='lat' dir='ltr'>produceretur</span> <span class='ocrx_word' id='word_1_263' title='bbox 480 1598 595 1631; x_wconf 86' lang='lat' dir='ltr'>brevis</span> <span class='ocrx_word' id='word_1_264' title='bbox 614 1597 761 1643; x_wconf 81' lang='lat' dir='ltr'>syllaba,</span> <span class='ocrx_word' id='word_1_265' title='bbox 780 1609 879 1630; x_wconf 89' lang='lat' dir='ltr'>more</span> <span class='ocrx_word' id='word_1_266' title='bbox 897 1603 1066 1631; x_wconf 87' lang='lat' dir='ltr'>consueto</span> <span class='ocrx_word' id='word_1_267' title='bbox 1085 1597 1326 1642; x_wconf 86' lang='lat' dir='ltr'>geminabatur</span> <span class='ocrx_word' id='word_1_268' title='bbox 1343 1599 1367 1631; x_wconf 89' lang='lat' dir='ltr'>l.</span> <span class='ocrx_word' id='word_1_269' title='bbox 1395 1601 1487 1638; x_wconf 88' lang='lat' dir='ltr'>Wr.)</span> <span class='ocrx_word' id='word_1_270' title='bbox 1548 1598 1595 1634; x_wconf 83' lang='lat'>58</span> <span class='ocrx_word' id='word_1_271' title='bbox 1619 1599 1726 1631; x_wconf 80' lang='lat' dir='ltr'>Heu!</span> 
     </span>
     <span class='ocr_line' id='line_1_28' title="bbox 213 1644 1726 1690; baseline -0.003 -9"><span class='ocrx_word' id='word_1_272' title='bbox 213 1649 284 1681; x_wconf 82' lang='lat' dir='ltr'>heu</span> <span class='ocrx_word' id='word_1_273' title='bbox 297 1650 309 1680; x_wconf 88' lang='lat'>.&#39;</span> <span class='ocrx_word' id='word_1_274' title='bbox 332 1649 429 1680; x_wconf 85' lang='lat' dir='ltr'>Rom.</span> <span class='ocrx_word' id='word_1_275' title='bbox 449 1653 483 1679; x_wconf 88' lang='lat' dir='ltr'>et</span> <span class='ocrx_word' id='word_1_276' title='bbox 502 1645 561 1678; x_wconf 85' lang='lat' dir='ltr'>alii</span> <span class='ocrx_word' id='word_1_277' title='bbox 580 1644 807 1678; x_wconf 86' lang='lat' dir='ltr'>vetustiores:</span> <span class='ocrx_word' id='word_1_278' title='bbox 832 1645 951 1690; x_wconf 88' lang='lat' dir='ltr'>itaque</span> <span class='ocrx_word' id='word_1_279' title='bbox 969 1645 1106 1689; x_wconf 89' lang='lat' dir='ltr'>recepit</span> <span class='ocrx_word' id='word_1_280' title='bbox 1122 1646 1257 1686; x_wconf 88' lang='lat' dir='ltr'>Burm.;</span> <span class='ocrx_word' id='word_1_281' title='bbox 1275 1646 1388 1690; x_wconf 70' lang='lat' dir='ltr'>’vulgo</span> <span class='ocrx_word' id='word_1_282' title='bbox 1408 1645 1524 1679; x_wconf 87' lang='lat' dir='ltr'>editur</span> <span class='ocrx_word' id='word_1_283' title='bbox 1545 1650 1581 1678; x_wconf 86' lang='lat' dir='ltr'>et</span> <span class='ocrx_word' id='word_1_284' title='bbox 1596 1644 1726 1677; x_wconf 84' lang='lat' dir='ltr'>scribi-</span> 
     </span>
     <span class='ocr_line' id='line_1_29' title="bbox 213 1691 1726 1739; baseline -0.001 -13"><span class='ocrx_word' id='word_1_285' title='bbox 213 1701 271 1727; x_wconf 85' lang='lat' dir='ltr'>tur</span> <span class='ocrx_word' id='word_1_286' title='bbox 288 1695 410 1731; x_wconf 69' lang='lat' dir='ltr'>Eheu,</span> <span class='ocrx_word' id='word_1_287' title='bbox 436 1699 474 1725; x_wconf 86' lang='lat' dir='ltr'>ut</span> <span class='ocrx_word' id='word_1_288' title='bbox 494 1699 529 1725; x_wconf 87' lang='lat' dir='ltr'>et</span> <span class='ocrx_word' id='word_1_289' title='bbox 550 1692 641 1736; x_wconf 87' lang='lat' dir='ltr'>apud</span> <span class='ocrx_word' id='word_1_290' title='bbox 660 1692 758 1725; x_wconf 88' lang='lat' dir='ltr'>alios.</span> <span class='ocrx_word' id='word_1_291' title='bbox 784 1704 815 1724; x_wconf 90' lang='lat' dir='ltr'>v.</span> <span class='ocrx_word' id='word_1_292' title='bbox 836 1692 872 1725; x_wconf 86' lang='lat' dir='ltr'>h.</span> <span class='ocrx_word' id='word_1_293' title='bbox 895 1692 918 1725; x_wconf 90' lang='lat' dir='ltr'>l.</span> <span class='ocrx_word' id='word_1_294' title='bbox 939 1693 1076 1725; x_wconf 91' lang='lat' dir='ltr'>Muson.</span> <span class='ocrx_word' id='word_1_295' title='bbox 1100 1698 1137 1725; x_wconf 92' lang='lat' dir='ltr'>et</span> <span class='ocrx_word' id='word_1_296' title='bbox 1159 1693 1274 1725; x_wconf 86' lang='lat' dir='ltr'>Burm.</span> <span class='ocrx_word' id='word_1_297' title='bbox 1324 1692 1427 1739; x_wconf 77' lang='lat' dir='ltr'>(Mira</span> <span class='ocrx_word' id='word_1_298' title='bbox 1449 1699 1506 1726; x_wconf 89' lang='lat' dir='ltr'>est</span> <span class='ocrx_word' id='word_1_299' title='bbox 1526 1691 1640 1726; x_wconf 85' lang='lat' dir='ltr'>Servii</span> <span class='ocrx_word' id='word_1_300' title='bbox 1658 1704 1726 1725; x_wconf 85' lang='lat' dir='ltr'>an-·</span> 
     </span>
     <span class='ocr_line' id='line_1_30' title="bbox 214 1739 1726 1784; baseline -0.002 -10"><span class='ocrx_word' id='word_1_301' title='bbox 214 1740 349 1774; x_wconf 85' lang='lat' dir='ltr'>notatio</span> <span class='ocrx_word' id='word_1_302' title='bbox 370 1740 414 1772; x_wconf 87' lang='lat' dir='ltr'>ad</span> <span class='ocrx_word' id='word_1_303' title='bbox 430 1742 513 1772; x_wconf 82' lang='lat' dir='ltr'>Aen.</span> <span class='ocrx_word' id='word_1_304' title='bbox 532 1741 573 1781; x_wconf 85' lang='grc' dir='ltr'>ΙΙ,</span> <span class='ocrx_word' id='word_1_305' title='bbox 593 1740 667 1774; x_wconf 82' lang='lat'><strong>69.:</strong></span> <span class='ocrx_word' id='word_1_306' title='bbox 703 1740 832 1780; x_wconf 82' lang='lat' dir='ltr'>„HEU</span> <span class='ocrx_word' id='word_1_307' title='bbox 857 1740 964 1772; x_wconf 91' lang='lat' dir='ltr'>modo</span> <span class='ocrx_word' id='word_1_308' title='bbox 984 1751 1051 1772; x_wconf 87' lang='lat' dir='ltr'>una</span> <span class='ocrx_word' id='word_1_309' title='bbox 1082 1745 1136 1772; x_wconf 88' lang='lat' dir='ltr'>est</span> <span class='ocrx_word' id='word_1_310' title='bbox 1161 1739 1318 1784; x_wconf 87' lang='lat' dir='ltr'>syllaba:</span> <span class='ocrx_word' id='word_1_311' title='bbox 1344 1740 1407 1772; x_wconf 89' lang='lat' dir='ltr'>sed</span> <span class='ocrx_word' id='word_1_312' title='bbox 1431 1739 1608 1772; x_wconf 86' lang='lat' dir='ltr'>interdum</span> <span class='ocrx_word' id='word_1_313' title='bbox 1636 1751 1726 1784; x_wconf 89' lang='lat' dir='ltr'>pro—</span> 
     </span>
     <span class='ocr_line' id='line_1_31' title="bbox 214 1785 1726 1832; baseline -0.001 -12"><span class='ocrx_word' id='word_1_314' title='bbox 214 1794 295 1832; x_wconf 86' lang='lat' dir='ltr'>pter</span> <span class='ocrx_word' id='word_1_315' title='bbox 315 1793 461 1819; x_wconf 83' lang='lat' dir='ltr'>metrum</span> <span class='ocrx_word' id='word_1_316' title='bbox 481 1786 568 1819; x_wconf 89' lang='lat' dir='ltr'>duae</span> <span class='ocrx_word' id='word_1_317' title='bbox 588 1786 690 1828; x_wconf 88' lang='lat' dir='ltr'>fiunt,</span> <span class='ocrx_word' id='word_1_318' title='bbox 717 1792 755 1818; x_wconf 91' lang='lat' dir='ltr'>ut</span> <span class='ocrx_word' id='word_1_319' title='bbox 768 1785 840 1819; x_wconf 91' lang='lat' dir='ltr'>Ecl.</span> <span class='ocrx_word' id='word_1_320' title='bbox 860 1788 917 1828; x_wconf 88' lang='grc' dir='ltr'><strong>ΙΙΙ,</strong></span> <span class='ocrx_word' id='word_1_321' title='bbox 940 1788 1040 1822; x_wconf 87' lang='grc'><strong>100.“</strong></span> <span class='ocrx_word' id='word_1_322' title='bbox 1067 1787 1159 1820; x_wconf 85' lang='grc' dir='ltr'>Ν11111</span> <span class='ocrx_word' id='word_1_323' title='bbox 1176 1786 1285 1831; x_wconf 86' lang='lat' dir='ltr'>igitur</span> <span class='ocrx_word' id='word_1_324' title='bbox 1311 1786 1416 1820; x_wconf 89' lang='lat' dir='ltr'>etiam</span> <span class='ocrx_word' id='word_1_325' title='bbox 1434 1787 1548 1827; x_wconf 71' lang='lat' dir='ltr'>lte-ii,</span> <span class='ocrx_word' id='word_1_326' title='bbox 1577 1791 1726 1832; x_wconf 86' lang='lat' dir='ltr'>utraque</span> 
     </span>
     <span class='ocr_line' id='line_1_32' title="bbox 214 1832 1726 1879; baseline -0.001 -12"><span class='ocrx_word' id='word_1_327' title='bbox 214 1834 349 1879; x_wconf 79' lang='lat' dir='ltr'>syllaba</span> <span class='ocrx_word' id='word_1_328' title='bbox 369 1833 559 1877; x_wconf 86' lang='lat' dir='ltr'>producta,</span> <span class='ocrx_word' id='word_1_329' title='bbox 584 1833 850 1876; x_wconf 83' lang='lat' dir='ltr'>pronunciatum</span> <span class='ocrx_word' id='word_1_330' title='bbox 871 1833 1002 1878; x_wconf 83' lang='lat' dir='ltr'>putas?</span> <span class='ocrx_word' id='word_1_331' title='bbox 1025 1834 1052 1866; x_wconf 89' lang='lat' dir='ltr'>F</span> <span class='ocrx_word' id='word_1_332' title='bbox 1056 1833 1168 1866; x_wconf 83' lang='lat' dir='ltr'>efellit</span> <span class='ocrx_word' id='word_1_333' title='bbox 1188 1833 1345 1867; x_wconf 88' lang='lat' dir='ltr'>Servium</span> <span class='ocrx_word' id='word_1_334' title='bbox 1363 1833 1458 1867; x_wconf 87' lang='lat' dir='ltr'>haud</span> <span class='ocrx_word' id='word_1_335' title='bbox 1478 1832 1604 1874; x_wconf 85' lang='lat' dir='ltr'>dubie,</span> <span class='ocrx_word' id='word_1_336' title='bbox 1630 1833 1726 1879; x_wconf 91' lang='lat' dir='ltr'>quod</span> 
     </span>
     <span class='ocr_line' id='line_1_33' title="bbox 215 1879 1726 1925; baseline -0.001 -11"><span class='ocrx_word' id='word_1_337' title='bbox 215 1880 386 1914; x_wconf 87' lang='lat' dir='ltr'>eiusmodi</span> <span class='ocrx_word' id='word_1_338' title='bbox 405 1880 504 1920; x_wconf 86' lang='lat' dir='ltr'>locis,</span> <span class='ocrx_word' id='word_1_339' title='bbox 524 1880 581 1912; x_wconf 88' lang='lat' dir='ltr'>ubi</span> <span class='ocrx_word' id='word_1_340' title='bbox 603 1892 692 1913; x_wconf 84' lang='lat' dir='ltr'>nunc</span> <span class='ocrx_word' id='word_1_341' title='bbox 708 1880 838 1924; x_wconf 84' lang='lat' dir='ltr'>duplex</span> <span class='ocrx_word' id='word_1_342' title='bbox 856 1880 972 1913; x_wconf 88' lang='lat' dir='ltr'>editur</span> <span class='ocrx_word' id='word_1_343' title='bbox 982 1880 1065 1922; x_wconf 77' lang='lat' dir='ltr'>heu,</span> <span class='ocrx_word' id='word_1_344' title='bbox 1088 1893 1192 1913; x_wconf 87' lang='lat' dir='ltr'>unum</span> <span class='ocrx_word' id='word_1_345' title='bbox 1201 1880 1340 1914; x_wconf 86' lang='lat' dir='ltr'>videret</span> <span class='ocrx_word' id='word_1_346' title='bbox 1359 1887 1550 1922; x_wconf 81' lang='lat' dir='ltr'>exaratum,</span> <span class='ocrx_word' id='word_1_347' title='bbox 1574 1879 1612 1912; x_wconf 88' lang='lat' dir='ltr'>id</span> <span class='ocrx_word' id='word_1_348' title='bbox 1631 1880 1726 1925; x_wconf 86' lang='lat' dir='ltr'>quod</span> 
     </span>
     <span class='ocr_line' id='line_1_34' title="bbox 215 1926 1723 1973; baseline -0.001 -12"><span class='ocrx_word' id='word_1_349' title='bbox 215 1927 356 1972; x_wconf 87' lang='lat' dir='ltr'>egregie</span> <span class='ocrx_word' id='word_1_350' title='bbox 376 1926 490 1959; x_wconf 83' lang='lat' dir='ltr'>firmat</span> <span class='ocrx_word' id='word_1_351' title='bbox 506 1930 600 1960; x_wconf 86' lang='lat' dir='ltr'>Serv.</span> <span class='ocrx_word' id='word_1_352' title='bbox 620 1927 762 1968; x_wconf 83' lang='lat' dir='ltr'>Dresd.,</span> <span class='ocrx_word' id='word_1_353' title='bbox 788 1926 847 1972; x_wconf 90' lang='lat' dir='ltr'>qui</span> <span class='ocrx_word' id='word_1_354' title='bbox 869 1934 905 1960; x_wconf 91' lang='lat' dir='ltr'>et</span> <span class='ocrx_word' id='word_1_355' title='bbox 922 1927 991 1969; x_wconf 84' lang='lat' dir='ltr'>ibi,</span> <span class='ocrx_word' id='word_1_356' title='bbox 1015 1930 1102 1961; x_wconf 84' lang='lat' dir='ltr'>Aen.</span> <span class='ocrx_word' id='word_1_357' title='bbox 1122 1929 1164 1969; x_wconf 91' lang='lat' dir='ltr'>II,</span> <span class='ocrx_word' id='word_1_358' title='bbox 1181 1929 1251 1969; x_wconf 66' lang='lat'>69„</span> <span class='ocrx_word' id='word_1_359' title='bbox 1279 1935 1315 1960; x_wconf 91' lang='lat' dir='ltr'>et</span> <span class='ocrx_word' id='word_1_360' title='bbox 1337 1928 1406 1962; x_wconf 84' lang='lat' dir='ltr'>hoc</span> <span class='ocrx_word' id='word_1_361' title='bbox 1423 1928 1503 1973; x_wconf 90' lang='lat' dir='ltr'>ipso</span> <span class='ocrx_word' id='word_1_362' title='bbox 1524 1927 1625 1967; x_wconf 78' lang='lat' dir='ltr'>loct),</span> <span class='ocrx_word' id='word_1_363' title='bbox 1653 1927 1723 1961; x_wconf 92' lang='lat' dir='ltr'>Ecl.</span> 
     </span>
     <span class='ocr_line' id='line_1_35' title="bbox 214 1973 1725 2019; baseline 0 -12"><span class='ocrx_word' id='word_1_364' title='bbox 214 1976 257 2016; x_wconf 82' lang='grc' dir='ltr'>ΙΙ,</span> <span class='ocrx_word' id='word_1_365' title='bbox 276 1975 345 2015; x_wconf 84' lang='grc'><strong>58.,</strong></span> <span class='ocrx_word' id='word_1_366' title='bbox 366 1974 511 2017; x_wconf 88' lang='lat' dir='ltr'>simplex</span> <span class='ocrx_word' id='word_1_367' title='bbox 526 1974 597 2006; x_wconf 70' lang='lat' dir='ltr'>lieu</span> <span class='ocrx_word' id='word_1_368' title='bbox 618 1974 772 2007; x_wconf 86' lang='lat' dir='ltr'>exhibet.</span> <span class='ocrx_word' id='word_1_369' title='bbox 820 1975 889 2007; x_wconf 87' lang='lat' dir='ltr'>Sed</span> <span class='ocrx_word' id='word_1_370' title='bbox 909 1974 1095 2008; x_wconf 85' lang='lat' dir='ltr'>admodum</span> <span class='ocrx_word' id='word_1_371' title='bbox 1115 1982 1169 2008; x_wconf 85' lang='lat' dir='ltr'>est</span> <span class='ocrx_word' id='word_1_372' title='bbox 1190 1974 1378 2019; x_wconf 86' lang='lat' dir='ltr'>probabile</span> <span class='ocrx_word' id='word_1_373' title='bbox 1391 2001 1399 2017; x_wconf 96' lang='lat'>,</span> <span class='ocrx_word' id='word_1_374' title='bbox 1423 1973 1589 2008; x_wconf 86' lang='lat' dir='ltr'>librarios</span> <span class='ocrx_word' id='word_1_375' title='bbox 1609 1974 1725 2007; x_wconf 81' lang='lat' dir='ltr'>iuter-</span> 
     </span>
     <span class='ocr_line' id='line_1_36' title="bbox 214 2019 1725 2064; baseline 0 -10"><span class='ocrx_word' id='word_1_376' title='bbox 214 2022 294 2054; x_wconf 88' lang='lat' dir='ltr'>dum</span> <span class='ocrx_word' id='word_1_377' title='bbox 312 2048 320 2062; x_wconf 94' lang='lat'>‚</span> <span class='ocrx_word' id='word_1_378' title='bbox 348 2021 405 2053; x_wconf 90' lang='lat' dir='ltr'>ubi</span> <span class='ocrx_word' id='word_1_379' title='bbox 426 2020 633 2064; x_wconf 84' lang='lat' dir='ltr'>geminatum</span> <span class='ocrx_word' id='word_1_380' title='bbox 654 2021 724 2054; x_wconf 78' lang='lat' dir='ltr'>heu</span> <span class='ocrx_word' id='word_1_381' title='bbox 741 2021 958 2064; x_wconf 83' lang='lat' dir='ltr'>invenirent,</span> <span class='ocrx_word' id='word_1_382' title='bbox 993 2021 1142 2055; x_wconf 85' lang='lat' dir='ltr'>alterum</span> <span class='ocrx_word' id='word_1_383' title='bbox 1172 2021 1351 2063; x_wconf 89' lang='lat' dir='ltr'>omisisse,</span> <span class='ocrx_word' id='word_1_384' title='bbox 1387 2028 1426 2055; x_wconf 89' lang='lat' dir='ltr'>ut</span> <span class='ocrx_word' id='word_1_385' title='bbox 1455 2021 1550 2055; x_wconf 89' lang='lat' dir='ltr'>haud</span> <span class='ocrx_word' id='word_1_386' title='bbox 1578 2033 1658 2054; x_wconf 83' lang='lat' dir='ltr'>raro</span> <span class='ocrx_word' id='word_1_387' title='bbox 1686 2019 1725 2054; x_wconf 82' lang='lat' dir='ltr'>in</span> 
     </span>
     <span class='ocr_line' id='line_1_37' title="bbox 214 2068 1726 2110; baseline 0.001 -9"><span class='ocrx_word' id='word_1_388' title='bbox 214 2068 320 2101; x_wconf 89' lang='lat' dir='ltr'>simili</span> <span class='ocrx_word' id='word_1_389' title='bbox 335 2080 437 2101; x_wconf 80' lang='lat' dir='ltr'>causa</span> <span class='ocrx_word' id='word_1_390' title='bbox 454 2068 592 2100; x_wconf 79' lang='lat' dir='ltr'>factum.</span> <span class='ocrx_word' id='word_1_391' title='bbox 615 2068 665 2100; x_wconf 86' lang='lat' dir='ltr'>Cf.</span> <span class='ocrx_word' id='word_1_392' title='bbox 685 2071 768 2101; x_wconf 85' lang='lat' dir='ltr'>Aen.</span> <span class='ocrx_word' id='word_1_393' title='bbox 792 2069 839 2109; x_wconf 91' lang='lat' dir='ltr'>X,</span> <span class='ocrx_word' id='word_1_394' title='bbox 860 2070 938 2105; x_wconf 89' lang='lat'>705.</span> <span class='ocrx_word' id='word_1_395' title='bbox 963 2068 1045 2102; x_wconf 89' lang='lat' dir='ltr'>Vid.</span> <span class='ocrx_word' id='word_1_396' title='bbox 1065 2068 1170 2102; x_wconf 82' lang='lat' dir='ltr'>etiam</span> <span class='ocrx_word' id='word_1_397' title='bbox 1183 2071 1295 2102; x_wconf 85' lang='lat' dir='ltr'>Burm.</span> <span class='ocrx_word' id='word_1_398' title='bbox 1316 2069 1361 2102; x_wconf 87' lang='lat' dir='ltr'>ad</span> <span class='ocrx_word' id='word_1_399' title='bbox 1377 2068 1450 2102; x_wconf 86' lang='lat' dir='ltr'>Eel.</span> <span class='ocrx_word' id='word_1_400' title='bbox 1468 2070 1527 2110; x_wconf 84' lang='grc' dir='ltr'><strong>ΙΙΙ,</strong></span> <span class='ocrx_word' id='word_1_401' title='bbox 1557 2070 1644 2109; x_wconf 81' lang='grc'><strong>100.,</strong></span> <span class='ocrx_word' id='word_1_402' title='bbox 1665 2069 1726 2102; x_wconf 85' lang='lat' dir='ltr'>ubi</span> 
     </span>
     <span class='ocr_line' id='line_1_38' title="bbox 214 2114 1722 2158; baseline 0.001 -10"><span class='ocrx_word' id='word_1_403' title='bbox 214 2127 331 2148; x_wconf 84' lang='lat' dir='ltr'>rursus</span> <span class='ocrx_word' id='word_1_404' title='bbox 350 2114 442 2147; x_wconf 90' lang='lat' dir='ltr'>idem</span> <span class='ocrx_word' id='word_1_405' title='bbox 461 2114 537 2148; x_wconf 89' lang='lat' dir='ltr'>cod.</span> <span class='ocrx_word' id='word_1_406' title='bbox 556 2116 654 2147; x_wconf 89' lang='lat' dir='ltr'>Rom.</span> <span class='ocrx_word' id='word_1_407' title='bbox 678 2115 828 2158; x_wconf 89' lang='lat' dir='ltr'>praebet</span> <span class='ocrx_word' id='word_1_408' title='bbox 850 2118 933 2148; x_wconf 78' lang='lat' dir='ltr'>Heu</span> <span class='ocrx_word' id='word_1_409' title='bbox 958 2116 1040 2148; x_wconf 79' lang='lat' dir='ltr'>heu.</span> <span class='ocrx_word' id='word_1_410' title='bbox 1072 2115 1228 2149; x_wconf 87' lang='lat' dir='ltr'>Huschk.</span> <span class='ocrx_word' id='word_1_411' title='bbox 1254 2115 1411 2149; x_wconf 83' lang='lat' dir='ltr'>Analect.</span> <span class='ocrx_word' id='word_1_412' title='bbox 1434 2115 1480 2149; x_wconf 87' lang='lat' dir='ltr'>ad</span> <span class='ocrx_word' id='word_1_413' title='bbox 1507 2116 1588 2149; x_wconf 89' lang='lat' dir='ltr'>Tib.</span> <span class='ocrx_word' id='word_1_414' title='bbox 1611 2115 1722 2149; x_wconf 90' lang='lat' dir='ltr'>Carm.</span> 
     </span>
     <span class='ocr_line' id='line_1_39' title="bbox 214 2160 1722 2208; baseline 0.001 -14"><span class='ocrx_word' id='word_1_415' title='bbox 214 2174 294 2206; x_wconf 87' lang='lat' dir='ltr'>pag.</span> <span class='ocrx_word' id='word_1_416' title='bbox 314 2163 393 2197; x_wconf 83' lang='lat'><strong>711.</strong></span> <span class='ocrx_word' id='word_1_417' title='bbox 424 2160 516 2203; x_wconf 67' lang='lat' dir='ltr'>lVr.)</span> <span class='ocrx_word' id='word_1_418' title='bbox 610 2163 653 2197; x_wconf 85' lang='lat'>59</span> <span class='ocrx_word' id='word_1_419' title='bbox 679 2163 824 2195; x_wconf 70' lang='lat' dir='ltr'>immisit</span> <span class='ocrx_word' id='word_1_420' title='bbox 839 2163 1000 2196; x_wconf 86' lang='lat' dir='ltr'>Parrhas.</span> <span class='ocrx_word' id='word_1_421' title='bbox 1050 2163 1224 2197; x_wconf 74' lang='lat' dir='ltr'>Perdices</span> <span class='ocrx_word' id='word_1_422' title='bbox 1248 2164 1347 2196; x_wconf 85' lang='lat' dir='ltr'>Rom.</span> <span class='ocrx_word' id='word_1_423' title='bbox 1369 2174 1412 2195; x_wconf 87' lang='lat' dir='ltr'>ex</span> <span class='ocrx_word' id='word_1_424' title='bbox 1433 2162 1576 2208; x_wconf 86' lang='lat' dir='ltr'>antiquo</span> <span class='ocrx_word' id='word_1_425' title='bbox 1596 2175 1670 2197; x_wconf 88' lang='lat' dir='ltr'>usu.</span> <span class='ocrx_word' id='word_1_426' title='bbox 1691 2176 1722 2196; x_wconf 89' lang='lat' dir='ltr'>v.</span> 
     </span>
     <span class='ocr_line' id='line_1_40' title="bbox 213 2208 1723 2253; baseline 0.001 -11"><span class='ocrx_word' id='word_1_427' title='bbox 213 2209 304 2242; x_wconf 86' lang='lat' dir='ltr'>Pier.</span> <span class='ocrx_word' id='word_1_428' title='bbox 353 2208 528 2241; x_wconf 72' lang='lat' dir='ltr'>Prodicus</span> <span class='ocrx_word' id='word_1_429' title='bbox 544 2214 655 2253; x_wconf 87' lang='lat' dir='ltr'>quart.</span> <span class='ocrx_word' id='word_1_430' title='bbox 680 2210 807 2241; x_wconf 87' lang='lat' dir='ltr'>Moret.</span> <span class='ocrx_word' id='word_1_431' title='bbox 856 2210 1020 2243; x_wconf 74' lang='lat' dir='ltr'>Perditis</span> <span class='ocrx_word' id='word_1_432' title='bbox 1047 2210 1166 2244; x_wconf 84' lang='lat' dir='ltr'>Lutat.</span> <span class='ocrx_word' id='word_1_433' title='bbox 1198 2210 1244 2243; x_wconf 86' lang='lat' dir='ltr'>ad</span> <span class='ocrx_word' id='word_1_434' title='bbox 1272 2213 1381 2251; x_wconf 61' lang='lat' dir='ltr'>stam</span> <span class='ocrx_word' id='word_1_435' title='bbox 1415 2216 1453 2244; x_wconf 86' lang='lat' dir='ltr'>at</span> <span class='ocrx_word' id='word_1_436' title='bbox 1481 2210 1567 2244; x_wconf 87' lang='lat' dir='ltr'>satis</span> <span class='ocrx_word' id='word_1_437' title='bbox 1590 2217 1723 2252; x_wconf 86' lang='lat' dir='ltr'>notum,</span> 
     </span>
     <span class='ocr_line' id='line_1_41' title="bbox 209 2254 831 2302; baseline 0.002 -13"><span class='ocrx_word' id='word_1_438' title='bbox 209 2256 381 2302; x_wconf 77' lang='lat' dir='ltr'>perditus</span> <span class='ocrx_word' id='word_1_439' title='bbox 392 2266 457 2299; x_wconf 87' lang='lat' dir='ltr'>pro</span> <span class='ocrx_word' id='word_1_440' title='bbox 475 2254 598 2297; x_wconf 90' lang='lat' dir='ltr'>miser,</span> <span class='ocrx_word' id='word_1_441' title='bbox 622 2262 660 2289; x_wconf 87' lang='lat' dir='ltr'>ut</span> <span class='ocrx_word' id='word_1_442' title='bbox 673 2282 682 2298; x_wconf 92' lang='lat'>‚</span> <span class='ocrx_word' id='word_1_443' title='bbox 701 2268 831 2290; x_wconf 88' lang='lat' dir='ltr'>amore.</span> 
     </span>
    </p>
   </div>
   <div class='ocr_carea' id='block_1_5' title="bbox 213 2348 937 3037">
    <p class='ocr_par' dir='ltr' id='par_1_5' title="bbox 213 2348 937 3037">
     <span class='ocr_line' id='line_1_42' title="bbox 214 2348 936 2405; baseline 0.003 -17"><span class='ocrx_word' id='word_1_444' title='bbox 214 2363 297 2402; x_wconf 91' lang='lat' dir='ltr'>sqq.</span> <span class='ocrx_word' id='word_1_445' title='bbox 322 2351 392 2389; x_wconf 84' lang='lat' dir='ltr'><em>W</em></span> <span class='ocrx_word' id='word_1_446' title='bbox 386 2348 432 2403; x_wconf 83' lang='lat' dir='ltr'>r.)</span> <span class='ocrx_word' id='word_1_447' title='bbox 492 2351 614 2399; x_wconf 58' lang='lat' dir='ltr'>[ola-³,</span> <span class='ocrx_word' id='word_1_448' title='bbox 635 2351 818 2390; x_wconf 90' lang='lat' dir='ltr'>dominus</span> <span class='ocrx_word' id='word_1_449' title='bbox 840 2350 936 2405; x_wconf 88' lang='lat' dir='ltr'>(Co--</span> 
     </span>
     <span class='ocr_line' id='line_1_43' title="bbox 213 2407 935 2462; baseline 0.001 -15"><span class='ocrx_word' id='word_1_450' title='bbox 213 2407 380 2460; x_wconf 84' lang='lat' dir='ltr'>rydonis</span> <span class='ocrx_word' id='word_1_451' title='bbox 404 2407 458 2462; x_wconf 88' lang='lat' dir='ltr'>et)</span> <span class='ocrx_word' id='word_1_452' title='bbox 478 2409 591 2459; x_wconf 85' lang='lat' dir='ltr'>pueri</span> <span class='ocrx_word' id='word_1_453' title='bbox 619 2408 736 2448; x_wconf 89' lang='lat' dir='ltr'>huius</span> <span class='ocrx_word' id='word_1_454' title='bbox 763 2410 935 2449; x_wconf 86' lang='lat' dir='ltr'>delicati.</span> 
     </span>
     <span class='ocr_line' id='line_1_44' title="bbox 213 2462 935 2518; baseline 0.001 -14"><span class='ocrx_word' id='word_1_455' title='bbox 213 2462 405 2504; x_wconf 84' lang='lat' dir='ltr'>Fluctuat</span> <span class='ocrx_word' id='word_1_456' title='bbox 422 2471 553 2504; x_wconf 88' lang='lat' dir='ltr'>autem</span> <span class='ocrx_word' id='word_1_457' title='bbox 573 2467 615 2504; x_wconf 88' lang='lat' dir='ltr'>in</span> <span class='ocrx_word' id='word_1_458' title='bbox 642 2480 724 2518; x_wconf 90' lang='lat' dir='ltr'>sqq.</span> <span class='ocrx_word' id='word_1_459' title='bbox 748 2474 788 2506; x_wconf 89' lang='lat' dir='ltr'>et</span> <span class='ocrx_word' id='word_1_460' title='bbox 806 2468 935 2512; x_wconf 75' lang='lat' dir='ltr'>iacta-</span> 
     </span>
     <span class='ocr_line' id='line_1_45' title="bbox 214 2523 935 2564; baseline 0.003 -2"><span class='ocrx_word' id='word_1_461' title='bbox 214 2530 286 2562; x_wconf 87' lang='lat' dir='ltr'>tur</span> <span class='ocrx_word' id='word_1_462' title='bbox 315 2523 436 2561; x_wconf 84' lang='lat' dir='ltr'>variis</span> <span class='ocrx_word' id='word_1_463' title='bbox 480 2525 586 2562; x_wconf 84' lang='lat' dir='ltr'>curis</span> <span class='ocrx_word' id='word_1_464' title='bbox 618 2525 771 2564; x_wconf 89' lang='lat' dir='ltr'>animus</span> <span class='ocrx_word' id='word_1_465' title='bbox 801 2526 935 2564; x_wconf 85' lang='lat' dir='ltr'>miseri</span> 
     </span>
     <span class='ocr_line' id='line_1_46' title="bbox 214 2581 937 2622; baseline 0.001 -1"><span class='ocrx_word' id='word_1_466' title='bbox 214 2581 384 2621; x_wconf 88' lang='lat' dir='ltr'>amantis</span> <span class='ocrx_word' id='word_1_467' title='bbox 410 2581 458 2619; x_wconf 91' lang='lat' dir='ltr'>ab</span> <span class='ocrx_word' id='word_1_468' title='bbox 497 2582 572 2620; x_wconf 87' lang='lat' dir='ltr'>alio</span> <span class='ocrx_word' id='word_1_469' title='bbox 600 2582 651 2619; x_wconf 87' lang='lat' dir='ltr'>ad</span> <span class='ocrx_word' id='word_1_470' title='bbox 676 2583 786 2621; x_wconf 89' lang='lat' dir='ltr'>aliud</span> <span class='ocrx_word' id='word_1_471' title='bbox 819 2584 937 2622; x_wconf 86' lang='lat' dir='ltr'>abre-</span> 
     </span>
     <span class='ocr_line' id='line_1_47' title="bbox 214 2637 936 2694; baseline 0.003 -16"><span class='ocrx_word' id='word_1_472' title='bbox 214 2647 389 2694; x_wconf 74' lang='lat' dir='ltr'>ptuS.—</span> <span class='ocrx_word' id='word_1_473' title='bbox 421 2637 504 2691; x_wconf 87' lang='grc'>(57.</span> <span class='ocrx_word' id='word_1_474' title='bbox 522 2640 717 2689; x_wconf 77' lang='lat' dir='ltr'>Concedit,</span> <span class='ocrx_word' id='word_1_475' title='bbox 739 2641 763 2678; x_wconf 86' lang='lat' dir='ltr'>i.</span> <span class='ocrx_word' id='word_1_476' title='bbox 778 2654 809 2679; x_wconf 88' lang='lat' dir='ltr'>e.</span> <span class='ocrx_word' id='word_1_477' title='bbox 831 2642 936 2680; x_wconf 80' lang='lat' dir='ltr'>cedit</span> 
     </span>
     <span class='ocr_line' id='line_1_48' title="bbox 215 2697 851 2750; baseline 0.002 -14"><span class='ocrx_word' id='word_1_478' title='bbox 215 2700 414 2738; x_wconf 87' lang='lat' dir='ltr'>donorum</span> <span class='ocrx_word' id='word_1_479' title='bbox 435 2697 705 2749; x_wconf 87' lang='lat' dir='ltr'>amplitudine.</span> <span class='ocrx_word' id='word_1_480' title='bbox 742 2697 851 2750; x_wconf 74' lang='lat' dir='ltr'>JVr.)</span> 
     </span>
     <span class='ocr_line' id='line_1_49' title="bbox 271 2754 937 2806; baseline 0.005 -14"><span class='ocrx_word' id='word_1_481' title='bbox 271 2755 338 2797; x_wconf 87' lang='lat'>58.</span> <span class='ocrx_word' id='word_1_482' title='bbox 370 2754 437 2796; x_wconf 86' lang='lat'>59.</span> <span class='ocrx_word' id='word_1_483' title='bbox 466 2754 527 2792; x_wconf 88' lang='lat' dir='ltr'>Ita</span> <span class='ocrx_word' id='word_1_484' title='bbox 552 2754 747 2806; x_wconf 80' lang='lat' dir='ltr'>intelligo:</span> <span class='ocrx_word' id='word_1_485' title='bbox 778 2770 839 2793; x_wconf 87' lang='lat' dir='ltr'>me</span> <span class='ocrx_word' id='word_1_486' title='bbox 859 2757 937 2795; x_wconf 86' lang='lat' dir='ltr'>mi-</span> 
     </span>
     <span class='ocr_line' id='line_1_50' title="bbox 213 2811 935 2863; baseline 0.004 -14"><span class='ocrx_word' id='word_1_487' title='bbox 213 2812 365 2851; x_wconf 84' lang='lat' dir='ltr'>serum!</span> <span class='ocrx_word' id='word_1_488' title='bbox 380 2811 449 2863; x_wconf 78' lang='lat' dir='ltr'>qui</span> <span class='ocrx_word' id='word_1_489' title='bbox 466 2824 677 2850; x_wconf 86' lang='lat' dir='ltr'>munerum</span> <span class='ocrx_word' id='word_1_490' title='bbox 696 2814 935 2852; x_wconf 87' lang='lat' dir='ltr'>mentionem</span> 
     </span>
     <span class='ocr_line' id='line_1_51' title="bbox 213 2869 936 2921; baseline 0.003 -13"><span class='ocrx_word' id='word_1_491' title='bbox 213 2869 287 2908; x_wconf 82' lang='lat' dir='ltr'>feci</span> <span class='ocrx_word' id='word_1_492' title='bbox 309 2899 318 2919; x_wconf 92' lang='lat'>,</span> <span class='ocrx_word' id='word_1_493' title='bbox 367 2869 511 2921; x_wconf 85' lang='lat' dir='ltr'>quibus</span> <span class='ocrx_word' id='word_1_494' title='bbox 544 2875 584 2907; x_wconf 86' lang='lat' dir='ltr'>te</span> <span class='ocrx_word' id='word_1_495' title='bbox 624 2883 852 2921; x_wconf 83' lang='lat' dir='ltr'>expugnare</span> <span class='ocrx_word' id='word_1_496' title='bbox 897 2879 936 2911; x_wconf 90' lang='lat' dir='ltr'>et</span> 
     </span>
     <span class='ocr_line' id='line_1_52' title="bbox 213 2926 933 2979; baseline 0.003 -14"><span class='ocrx_word' id='word_1_497' title='bbox 213 2926 311 2967; x_wconf 88' lang='lat' dir='ltr'>mihi</span> <span class='ocrx_word' id='word_1_498' title='bbox 347 2926 557 2965; x_wconf 84' lang='lat' dir='ltr'>conciliare</span> <span class='ocrx_word' id='word_1_499' title='bbox 601 2927 742 2965; x_wconf 80' lang='lat' dir='ltr'>vellem</span> <span class='ocrx_word' id='word_1_500' title='bbox 765 2942 773 2977; x_wconf 83' lang='lat'>3</span> <span class='ocrx_word' id='word_1_501' title='bbox 818 2943 933 2979; x_wconf 86' lang='lat' dir='ltr'>quam</span> 
     </span>
     <span class='ocr_line' id='line_1_53' title="bbox 214 2984 934 3037; baseline 0.003 -14"><span class='ocrx_word' id='word_1_502' title='bbox 214 2997 324 3024; x_wconf 84' lang='lat' dir='ltr'>meae</span> <span class='ocrx_word' id='word_1_503' title='bbox 335 2989 504 3024; x_wconf 83' lang='lat' dir='ltr'>&#39;caussae</span> <span class='ocrx_word' id='word_1_504' title='bbox 521 2984 622 3024; x_wconf 88' lang='lat' dir='ltr'>male</span> <span class='ocrx_word' id='word_1_505' title='bbox 639 2985 721 3037; x_wconf 84' lang='lat' dir='ltr'>ipse</span> <span class='ocrx_word' id='word_1_506' title='bbox 743 2987 934 3037; x_wconf 81' lang='lat' dir='ltr'>consului,</span> 
     </span>
    </p>
   </div>
   <div class='ocr_carea' id='block_1_6' title="bbox 991 2353 1766 3043">
    <p class='ocr_par' dir='ltr' id='par_1_6' title="bbox 991 2353 1766 3043">
     <span class='ocr_line' id='line_1_54' title="bbox 996 2353 1723 2404; baseline 0 -13"><span class='ocrx_word' id='word_1_507' title='bbox 996 2366 1133 2404; x_wconf 87' lang='lat' dir='ltr'>quum,</span> <span class='ocrx_word' id='word_1_508' title='bbox 1145 2358 1195 2391; x_wconf 82' lang='lat' dir='ltr'>ut</span> <span class='ocrx_word' id='word_1_509' title='bbox 1204 2366 1421 2391; x_wconf 84' lang='lat' dir='ltr'>munerum</span> <span class='ocrx_word' id='word_1_510' title='bbox 1439 2353 1638 2392; x_wconf 85' lang='lat' dir='ltr'>rationem</span> <span class='ocrx_word' id='word_1_511' title='bbox 1648 2353 1723 2391; x_wconf 85' lang='lat' dir='ltr'>ha·-</span> 
     </span>
     <span class='ocr_line' id='line_1_55' title="bbox 992 2409 1724 2461; baseline 0.001 -13"><span class='ocrx_word' id='word_1_512' title='bbox 992 2411 1105 2459; x_wconf 88' lang='lat' dir='ltr'>beas,</span> <span class='ocrx_word' id='word_1_513' title='bbox 1127 2416 1168 2448; x_wconf 88' lang='lat' dir='ltr'>te</span> <span class='ocrx_word' id='word_1_514' title='bbox 1188 2409 1353 2461; x_wconf 82' lang='lat' dir='ltr'>horter3</span> <span class='ocrx_word' id='word_1_515' title='bbox 1382 2410 1506 2449; x_wconf 86' lang='lat' dir='ltr'>habes</span> <span class='ocrx_word' id='word_1_516' title='bbox 1526 2411 1630 2450; x_wconf 89' lang='lat' dir='ltr'>enim</span> <span class='ocrx_word' id='word_1_517' title='bbox 1649 2410 1724 2449; x_wconf 90' lang='lat' dir='ltr'>he-</span> 
     </span>
     <span class='ocr_line' id='line_1_56' title="bbox 991 2469 1724 2522; baseline -0.001 -14"><span class='ocrx_word' id='word_1_518' title='bbox 991 2483 1085 2508; x_wconf 86' lang='lat' dir='ltr'>rum</span> <span class='ocrx_word' id='word_1_519' title='bbox 1102 2474 1243 2518; x_wconf 85' lang='lat' dir='ltr'>tuum,</span> <span class='ocrx_word' id='word_1_520' title='bbox 1268 2475 1487 2508; x_wconf 85' lang='lat' dir='ltr'>amatorem</span> <span class='ocrx_word' id='word_1_521' title='bbox 1499 2499 1510 2520; x_wconf 88' lang='lat'>,</span> <span class='ocrx_word' id='word_1_522' title='bbox 1532 2469 1602 2522; x_wconf 83' lang='lat' dir='ltr'>qui</span> <span class='ocrx_word' id='word_1_523' title='bbox 1616 2470 1724 2508; x_wconf 86' lang='lat' dir='ltr'>mul-</span> 
     </span>
     <span class='ocr_line' id='line_1_57' title="bbox 992 2526 1724 2580; baseline 0.001 -16"><span class='ocrx_word' id='word_1_524' title='bbox 992 2533 1036 2565; x_wconf 85' lang='lat' dir='ltr'>to</span> <span class='ocrx_word' id='word_1_525' title='bbox 1057 2526 1272 2565; x_wconf 80' lang='lat' dir='ltr'>maioribus</span> <span class='ocrx_word' id='word_1_526' title='bbox 1295 2533 1335 2565; x_wconf 88' lang='lat' dir='ltr'>te</span> <span class='ocrx_word' id='word_1_527' title='bbox 1352 2540 1608 2580; x_wconf 86' lang='lat' dir='ltr'>corrumpere</span> <span class='ocrx_word' id='word_1_528' title='bbox 1627 2542 1724 2580; x_wconf 85' lang='lat' dir='ltr'>pos—</span> 
     </span>
     <span class='ocr_line' id='line_1_58' title="bbox 993 2582 1724 2638; baseline 0.001 -16"><span class='ocrx_word' id='word_1_529' title='bbox 993 2584 1055 2623; x_wconf 88' lang='lat' dir='ltr'>sit.</span> <span class='ocrx_word' id='word_1_530' title='bbox 1097 2582 1388 2638; x_wconf 86' lang='lat' dir='ltr'>(Amplecterer</span> <span class='ocrx_word' id='word_1_531' title='bbox 1407 2585 1554 2638; x_wconf 86' lang='lat' dir='ltr'>Heynii</span> <span class='ocrx_word' id='word_1_532' title='bbox 1573 2584 1724 2624; x_wconf 84' lang='lat' dir='ltr'>horum</span> 
     </span>
     <span class='ocr_line' id='line_1_59' title="bbox 992 2642 1724 2696; baseline -0.001 -15"><span class='ocrx_word' id='word_1_533' title='bbox 992 2656 1185 2682; x_wconf 83' lang='lat' dir='ltr'>versuum</span> <span class='ocrx_word' id='word_1_534' title='bbox 1207 2643 1525 2696; x_wconf 79' lang='lat' dir='ltr'>explicationem,</span> <span class='ocrx_word' id='word_1_535' title='bbox 1538 2643 1614 2682; x_wconf 84' lang='lat' dir='ltr'>nisi</span> <span class='ocrx_word' id='word_1_536' title='bbox 1624 2642 1724 2681; x_wconf 85' lang='lat' dir='ltr'>haec</span> 
     </span>
     <span class='ocr_line' id='line_1_60' title="bbox 993 2701 1723 2752; baseline 0 -14"><span class='ocrx_word' id='word_1_537' title='bbox 993 2701 1317 2752; x_wconf 86' lang='lat' dir='ltr'>praecessissent:</span> <span class='ocrx_word' id='word_1_538' title='bbox 1336 2716 1407 2739; x_wconf 86' lang='lat' dir='ltr'>nec</span> <span class='ocrx_word' id='word_1_539' title='bbox 1426 2716 1591 2739; x_wconf 80' lang='lat' dir='ltr'>munera</span> <span class='ocrx_word' id='word_1_540' title='bbox 1611 2710 1723 2739; x_wconf 79' lang='lat' dir='ltr'>curat</span> 
     </span>
     <span class='ocr_line' id='line_1_61' title="bbox 993 2758 1723 2798; baseline 0.001 -2"><span class='ocrx_word' id='word_1_541' title='bbox 993 2759 1147 2797; x_wconf 81' lang='lat' dir='ltr'>Alexis.</span> <span class='ocrx_word' id='word_1_542' title='bbox 1186 2759 1226 2797; x_wconf 92' lang='lat' dir='ltr'>Si</span> <span class='ocrx_word' id='word_1_543' title='bbox 1243 2758 1379 2798; x_wconf 81' lang='lat' dir='ltr'>Alexis</span> <span class='ocrx_word' id='word_1_544' title='bbox 1399 2773 1481 2797; x_wconf 89' lang='lat' dir='ltr'>non</span> <span class='ocrx_word' id='word_1_545' title='bbox 1495 2765 1612 2797; x_wconf 88' lang='lat' dir='ltr'>curat</span> <span class='ocrx_word' id='word_1_546' title='bbox 1630 2773 1723 2797; x_wconf 83' lang='lat' dir='ltr'>mu-</span> 
     </span>
     <span class='ocr_line' id='line_1_62' title="bbox 994 2816 1722 2870; baseline 0.001 -16"><span class='ocrx_word' id='word_1_547' title='bbox 994 2830 1102 2865; x_wconf 87' lang='lat' dir='ltr'>nera,</span> <span class='ocrx_word' id='word_1_548' title='bbox 1133 2830 1217 2855; x_wconf 88' lang='lat' dir='ltr'>non</span> <span class='ocrx_word' id='word_1_549' title='bbox 1236 2823 1309 2866; x_wconf 86' lang='lat' dir='ltr'>est,</span> <span class='ocrx_word' id='word_1_550' title='bbox 1340 2817 1451 2868; x_wconf 87' lang='lat' dir='ltr'>quod</span> <span class='ocrx_word' id='word_1_551' title='bbox 1469 2816 1722 2870; x_wconf 80' lang='lat' dir='ltr'>Corydonem</span> 
     </span>
     <span class='ocr_line' id='line_1_63' title="bbox 993 2874 1722 2924; baseline 0.001 -13"><span class='ocrx_word' id='word_1_552' title='bbox 993 2874 1210 2924; x_wconf 84' lang='lat' dir='ltr'>poeniteat,</span> <span class='ocrx_word' id='word_1_553' title='bbox 1222 2875 1467 2914; x_wconf 89' lang='lat' dir='ltr'>mentionem</span> <span class='ocrx_word' id='word_1_554' title='bbox 1480 2875 1614 2913; x_wconf 85' lang='lat' dir='ltr'>fecisse</span> <span class='ocrx_word' id='word_1_555' title='bbox 1630 2888 1722 2913; x_wconf 80' lang='lat' dir='ltr'>mu-</span> 
     </span>
     <span class='ocr_line' id='line_1_64' title="bbox 994 2932 1721 2984; baseline 0.003 -16"><span class='ocrx_word' id='word_1_556' title='bbox 994 2945 1146 2971; x_wconf 85' lang='lat' dir='ltr'>nerum.</span> <span class='ocrx_word' id='word_1_557' title='bbox 1179 2934 1280 2972; x_wconf 87' lang='lat' dir='ltr'>Tum</span> <span class='ocrx_word' id='word_1_558' title='bbox 1299 2947 1349 2971; x_wconf 84' lang='lat' dir='ltr'>ne</span> <span class='ocrx_word' id='word_1_559' title='bbox 1369 2934 1531 2971; x_wconf 87' lang='lat' dir='ltr'>miserat</span> <span class='ocrx_word' id='word_1_560' title='bbox 1549 2932 1721 2984; x_wconf 85' lang='lat' dir='ltr'>quidem,</span> 
     </span>
     <span class='ocr_line' id='line_1_65' title="bbox 993 2987 1766 3043; baseline 0.003 -17"><span class='ocrx_word' id='word_1_561' title='bbox 993 2989 1063 3027; x_wconf 87' lang='lat' dir='ltr'>sed</span> <span class='ocrx_word' id='word_1_562' title='bbox 1092 2991 1338 3043; x_wconf 84' lang='lat' dir='ltr'>cogitaverat</span> <span class='ocrx_word' id='word_1_563' title='bbox 1366 2997 1526 3031; x_wconf 78' lang='lat' dir='ltr'>tantum</span> <span class='ocrx_word' id='word_1_564' title='bbox 1547 2990 1597 3029; x_wconf 88' lang='lat' dir='ltr'>de</span> <span class='ocrx_word' id='word_1_565' title='bbox 1626 2990 1722 3029; x_wconf 83' lang='lat' dir='ltr'>mit-</span> <span class='ocrx_word' id='word_1_566' title='bbox 1764 2987 1766 2989; x_wconf 66' lang='grc'><strong>’</strong></span> 
     </span>
    </p>
   </div>
  </div>
 </body>
</html>
