1734 3320
282 206 780 264 GEORGICON
815 215 960 268 LIB.
983 218 1385 284 1V,505-518
1493 236 1593 285 681

14 347 35 356 ”
65 330 311 384 Amissus
328 334 578 402 queritur
596 334 764 402 fetus3
804 358 942 410 quos
966 343 1132 396 durus
1152 359 1327 402 arator

10 458 14 464 ζ
66 401 379 455 Observans
397 403 534 456 nido
555 405 814 475 inplumis
834 411 1077 467 detraxit:
1113 426 1166 467 at
1183 418 1271 470 illa

11 501 14 510 2
62 471 187 525 Flet
208 482 458 540 noctem,
491 493 760 546 ramoque
784 481 983 535 sedens
1000 485 1307 541 miserabile
1327 508 1544 545 carmen

63 544 328 610 Integrat‚
367 554 422 596 et
443 549 661 598 maestis
678 549 782 601 late
802 550 923 604 loca
946 556 1224 623 questibus
1244 559 1425 627 inplet.
1489 569 1594 618 515

62 612 222 666 Nulla
242 618 453 680 VenuS‚
491 633 605 668 non
623 618 716 670 ulli
738 622 980 675 animum
996 623 1195 679 flexere
1217 631 1524 695 Hymenaei.

0 696 6 731 ἱ
66 683 228 756 Solps
242 686 623 754 Hyperboreas
640 690 831 755 glacies
857 696 1192 766 Tanaimque
1218 700 1449 752 nivalem

0 775 5 831 {¹
62 758 315 825 Arvaque
335 756 595 827 Rhipaeis
612 777 912 830 numquam
931 765 1142 819 viduata
1162 771 1370 838 pruinis

108 897 180 934 512
202 877 312 933 dirue
323 883 453 934 Franc-

548 900 619 937 514
643 914 816 950 ramoque
833 917 972 941 canens
991 920 1075 942 unus
1098 910 1216 944 Mead.
1258 910 1486 948 lacrimabile
1500 915 1592 950 Ven.

0 962 3 983 ρ
60 944 133 981 515
156 953 196 980 et
212 947 364 982 moestis
394 946 478 981 loca
500 950 675 995 proxima
693 960 810 1004 quest.
834 952 959 998 fragm.
980 956 1109 990 Moret„
1158 957 1240 991 loca
1270 959 1346 993 lace
1367 961 1529 996 Parrhas.
1554 969 1593 996 et

59 991 173 1027 Goth.
201 1004 257 1040 pr.
305 993 390 1028 loca
406 1002 498 1028 tunc
526 1007 607 1029 cum
634 997 825 1032 Zuhchem.
873 1000 1028 1046 Vulgata
1053 1003 1090 1036 in
1114 1003 1170 1037 his
1189 1005 1347 1040 versibus
1366 1008 1592 1044 confirmatur

59 1038 170 1074 lectio
188 1052 233 1074 ex
251 1039 452 1076 imitatione
470 1042 700 1078 Grammatici
715 1044 861 1080 alicuius
886 1047 922 1081 in
945 1049 1090 1084 Authol.
1111 1051 1188 1085 Lat⁴
1210 1053 1331 1098 Epigr.
1359 1054 1421 1088 lib.
1439 1057 1483 1097 ΙΙ,
1505 1057 1591 1099 368,

58 1087 96 1124 3.
110 1087 149 1132 4,
172 1087 233 1122 ubi
251 1088 346 1123 conf.
361 1089 591 1124 Burmannus.

687 1093 759 1128 516
781 1106 856 1127 non
874 1095 948 1129 ulli
966 1097 1158 1131 Romanum
1184 1111 1261 1132 cum
1283 1101 1426 1145 optimis
1449 1102 1588 1138 Pieria-

58 1133 136 1190 uis,
158 1135 360 1191 Mediceum
385 1148 465 1171 cum
493 1137 702 1193 melioribus
718 1140 927 1194 ‘Heinsianis
940 1143 1171 1195 ‘fideiussores
1186 1145 1314 1189 habet,
1338 1147 1456 1195 itaque
1475 1162 1589 1196 repo—

59 1188 133 1238 suit
147 1183 327 1219 Heinsius.
377 1184 498 1230 Vulgo
517 1185 648 1232 ub1que
670 1187 822 1221 editum:
847 1190 1014 1236 nullique
1031 1193 1201 1227 animum.
1249 1193 1331 1228 Sine
1349 1196 1476 1241 copula
1491 1198 1592 1231 nulli

58 1241 223 1265 nmmum
245 1231 387 1266 Fabrie.
414 1243 434 1265 e
454 1243 519 1266 suo
545 1233 625 1267 cod.
646 1234 843 1280 probabat3
878 1236 1008 1271 editum
1026 1250 1192 1285 nusquam
1210 1241 1371 1286 reperio;
1398 1243 1462 1276 sed
1483 1244 1587 1277 exhi-

2 1283 17 1310 ‘.
58 1277 146 1312 bont
165 1277 258 1312 illud
282 1279 389 1314 codd.
408 1280 502 1314 ven.
531 1281 636 1315 Voss.
664 1293 734 1315 sec.
756 1283 916 1317 Parrhas.
943 1285 1042 1319 Leid.
1064 1287 1174 1323 Goth.
1193 1300 1281 1330 sec„
1315 1289 1416 1324 hiatu
1435 1302 1505 1324 non
1525 1291 1585 1325 in-

57 1331 176 1371 grato.
222 1327 495 1361 Emendationes
511 1327 548 1361 iu
563 1328 665 1363 Obss.
683 1329 786 1364 Misc.
804 1330 886 1365 Vol.
906 1333 933 1374 1,
957 1344 1040 1387 pag..
1058 1333 1079 1369 5
1100 1341 1136 1367 et
1152 1335 1194 1370 81
1215 1336 1348 1369 referre
1372 1349 1444 1371 non
1473 1345 1585 1372 vacat.

56 1371 129 1409 517
152 1375 374 1422 Tanainque
387 1373 468 1418 alii,
493 1381 531 1409 et
546 1375 629 1410 edd.
646 1383 728 1410 ante
746 1377 868 1412 Heius.
915 1391 1010 1413 cana
1025 1393 1120 1427 zamq

1424 1385 1494 1421 518
1512 1385 1584 1420 Ri-

1123 1393 1168 1414 ue
1185 1382 1331 1417 Roman.

52 1419 206 1467 phania,
226 1421 442 1470 Ryplmeis,
464 1422 569 1457 multi
584 1430 623 1458 et
639 1423 699 1459 hic
718 1424 889 1460 scribunt.
922 1426 993 1462 vid.
1011 1427 1058 1462 ad
1074 1429 1102 1472 1,
1123 1428 1206 1464 240.

54 1541 365 1596 geographicam
389 1549 431 1584 et
458 1543 668 1598 physicam
695 1545 797 1586 sub-

55 1598 243 1640 tilitatem
274 1600 390 1642 haud
417 1611 548 1643 curat.
607 1604 675 1643 sic
705 1618 797 1644 cer-

54 1670 131 1698 vos
141 1657 301 1700 Africae
315 1661 532 1716 assignavit
542 1661 642 1702 Aen.
654 1662 684 1714 1,
703 1662 796 1707 184.

113 1718 214 1762 511.
242 1719 416 1760 Fundus
433 1720 557 1761 huius
580 1735 796 1776 compara-

53 1774 180 1816 tionis
198 1778 475 1819 nobilissimae
494 1786 558 1819 est
575 1780 688 1834 apud
705 1781 796 1820 Ho-

53 1847 155 1876 mer.
180 1835 261 1877 Od.
278 1853 314 1888 τ,
342 1838 606 1889 518-524,
627 1839 734 1878 adde
751 1855 798 1891 π,

0 1943 6 1949 ι
52 1895 141 1937 216
158 1908 218 1948 sq.
265 1895 376 1936 Hinc
392 1897 533 1950 plures
549 1910 796 1951 expressere,

53 1948 158 2005 quos
178 1953 376 2008 collegere
394 1956 578 1996 Guellius
592 1963 634 1995 et
653 1957 795 1996 Cerda.

51 2009 111 2064 At
139 2025 261 2053 nemo
293 2014 516 2068 elegantius
550 2016 729 2055 variavit
754 2022 796 2055 et

53 2070 242 2122 ornavit,
273 2086 398 2125 quam
415 2072 608 2113 Moschus
639 2074 706 2124 IV,
736 2076 789 2116 21

51 2141 126 2181 sq„
145 2142 268 2182 quem
285 2138 328 2171 et
345 2132 480 2186 ipsum
491 2133 681 2186 Virgilius
700 2140 794 2171 ante

853 1547 931 1588 Ioci
942 1579 953 1599 ‚
983 1548 1164 1602 inprimis
1183 1548 1348 1588 umbrae
1357 1551 1579 1603 populeae,

855 1621 948 1646 cum
975 1613 1106 1646 tamen
1139 1613 1348 1660 sequatur:
1387 1610 1479 1648 Flet
1506 1625 1583 1648 ηο-

854 1674 954 1705 ctem
973 1697 985 1717 ‚
1035 1679 1086 1705 ex
1127 1679 1196 1717 eo,
1256 1666 1367 1718 quod
1402 1667 1584 1720 poeticae

854 1738 946 1763 cum
961 1724 1126 1764 rationis
1145 1731 1187 1763 et
1206 1725 1302 1763 artis
1321 1730 1411 1764 tum
1429 1726 1583 1765 oratio-

852 1783 916 1822 nis
943 1783 1057 1822 haud
1088 1783 1431 1834 recordabantur,
1481 1798 1583 1837 pro-

853 1842 982 1881 fectae
1013 1847 1119 1881 sunt.
1186 1841 1340 1880 Umbra
1370 1848 1458 1881 tam
1482 1856 1583 1896 pro-

852 1900 990 1954 prium
1016 1907 1058 1939 et
1084 1905 1326 1954 perpetuum
1354 1906 1413 1939 est
1430 1901 1584 1940 arboris

853 1959 1121 2008 attributum,
1151 1965 1200 1998 ut
1229 1957 1283 1996 ad
1297 1972 1455 1997 caussas
1474 1957 1584 2012 phy-

852 2017 951 2056 sicas
968 2031 1015 2056 ac
1036 2023 1221 2069 tempora
1240 2023 1449 2069 respectus
1463 2017 1584 2070 plane

851 2089 936 2114 non
982 2074 1190 2114 habeatur.
1247 2075 1352 2114 conf.
1395 2075 1583 2127 praecla-

848 2148 937 2172 ram
956 2139 1097 2173 notam
1112 2132 1344 2172 Burmanni.
1374 2133 1582 2184 Populeae

52 2187 194 2228 oeulos
229 2188 419 2231 habuisse
463 2191 597 2231 videri
646 2197 794 2244 potest,
836 2193 1005 2244 frondis
1020 2192 1286 2231 mobilitatem
1304 2204 1352 2229 ac
1366 2191 1455 2229 lene
1467 2205 1578 2230 mur-

50 2245 161 2286 forte
183 2261 278 2289 cum
295 2249 518 2290 Parthenio
545 2250 658 2289 Erot.
680 2263 713 2289 c.
738 2253 786 2291 11

0 2315 2 2319 ’
52 2303 105 2343 de
142 2305 314 2359 Byblide
354 2305 593 2362 ἆηδονίδων
618 2331 676 2338 -
706 2304 792 2349 αἴτ’

50 2361 116 2405 ἐνὶ
136 2361 272 2424 βήσσῃ
302 2368 494 2424 Σιθονίῳ
521 2362 678 2421 κούραν
699 2365 793 2420 πέρι

50 2422 203 2476 μυρίον
220 2421 422 2476 αἰάζουσι.
472 2426 595 2465 Color
614 2431 723 2464 certe
745 2439 791 2463 ac

48 2479 167 2521 filum
187 2484 384 2524 orationis
407 2485 504 2524 inde
525 2490 588 2523 est
606 2484 790 2522 ductum.

48 2538 230 2581 Pressius
268 2543 324 2582 ad
365 2543 548 2582 Maronis
592 2542 790 2581 rationem

8 2607 10 2609 ·
48 2599 209 2639 aooedit
229 2601 412 2652 Quintus
432 2602 514 2641 Cal.
526 2602 618 2651 XII,
635 2599 717 2642 481
731 2623 790 2630 —

48 2654 160 2709 486,
190 2661 265 2700 etsi
282 2660 337 2699 ad
363 2659 629 2700 hirundinem
649 2659 790 2697 eadem

48 2719 272 2758 transtulit.
293 2719 388 2759 add.
404 2719 581 2759 eundem
599 2717 676 2756 alio
698 2717 787 2756 loco

47 2773 145 2826 VH,
177 2779 263 2820 329
278 2792 367 2830 sqq.
426 2778 517 2816 Non
534 2782 669 2815 autem
689 2775 731 2815 h.
755 2775 782 2814 l.

46 2831 138 2886 ipsa
153 2847 275 2875 suum
301 2836 431 2876 filium
461 2835 668 2874 interemit
693 2848 783 2873 ma-

47 2896 136 2942 ter,
172 2900 223 2933 ut
251 2901 312 2933 est
337 2892 611 2947 τεκνολέτειρα
640 2889 784 2946 ἆηδών

46 2949 238 3004 Sophocl.
267 2953 325 2992 El.
346 2955 442 2994 107.
487 2951 626 2990 Huefii
645 2957 687 2989 et
706 2951 783 2989 Ca·-

46 3009 234 3050 stelvetri
278 3009 611 3064 reprehensiones
661 3008 784 3049 huius

849 2264 943 2289 mur
968 2251 1152 2303 inprimis
1170 2255 1311 2302 aptum
1336 2262 1418 2287 esse
1436 2255 1580 2288 cantus

849 2310 1073 2348 moestitiae
1133 2308 1303 2347 notabat
1365 2307 1576 2346 Martinus.

848 2368 1081 2407 Praeiverat
1104 2373 1240 2406 autem
1261 2366 1405 2405 CatulL
1424 2366 1493 2416 56,
1523 2367 1576 2407 13

854 2427 1001 2477 Qualis
1022 2426 1096 2465 sub
1116 2426 1243 2463 densa
1258 2438 1462 2462 ramorum
1477 2438 1578 2461 con-
1615 2444 1617 2446 ·

847 2486 946 2522 cinit
964 2484 1106 2523 umbra
1124 2484 1321 2522 Daulias.
1380 2480 1477 2524 514.
1495 2483 1577 2519 mi-

847 2542 1014 2582 serabile
1051 2556 1213 2581 carmen
1247 2542 1456 2592 Integrat:
1498 2539 1576 2578 ite-

845 2606 912 2640 rat
919 2615 931 2652 3
960 2600 1040 2639 hoc
1060 2600 1224 2653 quidem
1240 2598 1403 2637 suavius
1424 2598 1575 2636 Home-

845 2673 937 2698 rus:
968 2656 1074 2700 “Hvs
1117 2655 1235 2711 θαμοέ
1269 2659 1469 2710 τρωπῶσα
1495 2654 1576 2708 χέει

845 2716 1051 2770 πολυηχέα
1080 2712 1252 2769 φωνήν·
1302 2714 1373 2753 ubi
1398 2713 1574 2753 variatos

842 2775 1128 2814 modulationis
1172 2774 1324 2813 colores
1365 2784 1573 2824 expressos

842 2834 969 2874 vides.

900 2894 997 2936 517.
1025 2891 1122 2934 518.
1164 2886 1448 2940 Hyperboreas
1470 2887 1572 2938 gla-

841 2953 922 2989 cies
945 2949 1028 2990 vid.
1050 2948 1191 2999 Georg.
1212 2946 1277 2995 Ill,
1300 2948 1395 2987 196.
1454 2945 1571 2983 Cete-

842 3023 936 3048 rum
982 3008 1024 3046 in
1071 3004 1136 3044 his
1180 3010 1323 3057 poetae
1369 3002 1571 3055 ingenium

1596 3116 1603 3162 l
