1768 3320
314 264 742 331 Buconica
776 263 949 314 EcL.
985 262 1075 326 vl,
1116 267 1307 314 3—16

1476 271 1571 317 171

57 402 139 452 Te
160 411 354 448 nemus
379 408 547 443 omne
574 401 750 455 canet3
774 388 1114 441 necPhoebo
1137 388 1336 453 gratior
1355 389 1460 439 ulla
1483 400 1575 456 est,

57 466 235 532 Quam
253 465 354 515 sibi
374 479 511 532 quae
531 464 655 516 Vari
673 460 1012 530 praescripsit
1030 459 1220 526 pagina
1242 475 1463 510 nomen.

125 536 362 602 Pergite‚
396 533 651 585 Pierides
710 531 961 584 Chromis
984 538 1037 580 et
1056 528 1324 594 Mnasylus
1346 530 1400 578 in
1425 539 1576 580 antro

58 606 303 667 Silenum
359 605 478 655 ueri
500 621 695 654 somno
719 603 905 653 videre
926 601 1207 660 iacentem,

55 672 310 729 Itnflatum
371 684 585 726 esterno
611 691 796 737 vena5‚
832 681 893 722 ut
912 687 1153 737 semper,
1190 665 1408 730 Iacch03

1514 672 1578 721 15

61 750 212 798 Serta
231 745 444 814 procul,
481 754 692 796 tantum
712 744 867 811 capiti
888 741 1126 808 delapsa,
1163 739 1421 803 iacebant,

133 845 212 892 16.
246 853 458 890 Pnocm.
491 855 537 892 T.

643 851 878 888 DELAPSA
896 850 1184 896 1AOEBANT3

59 968 176 1003 Bur-m.
208 968 327 1016 (legun
348 967 591 1013 praetulerunt
617 967 722 1002 Voss.
741 966 875 1012 Spohn.
901 972 936 999 et
957 964 1075 1005 Iahn.,
1098 962 1258 1004 nimiam,
1288 962 1319 996 si
1351 960 1436 1007 quid
1462 960 1580 1003 video,

59 1015 273 1070 modestiam
286 1021 416 1070 poetae
431 1015 650 1055 tribuentes;
672 1015 742 1049 vid.
760 1014 859 1058 Eleg.
878 1012 924 1046 ad
941 1011 1081 1066 Messal.
1112 1023 1148 1056 p.
1166 1011 1302 1064 59·.⁸q·.
1339 1011 1390 1043 Ac
1407 1020 1581 1063 ‘sperasse

60 1062 271 1118 Virgxlium‚
292 1068 478 1096 inventura
498 1074 575 1096 esse
596 1062 749 1096 lectores
773 1061 862 1094 haec
884 1071 1056 1101 carmma,
1089 1065 1211 1103 aperte
1229 1057 1389 1091 indicant
1405 1056 1483 1089 ffla:
1517 1082 1539 1099 „
1551 1068 1581 1089 s1

62 1111 327 1158 qmssscaptus
353 1121 503 1143 amore
528 1110 676 1155 leget“;

63 1170 85 1192 a
100 1157 204 1191 Leid.
226 1156 286 1191 alt.
307 1157 419 1190 abest.

707 1107 926 1143 retinendum
943 1106 1051 1151 igitur
1069 1105 1230 1138 futurum.
1263 1106 1318 1139 W
1313 1104 1357 1148 r.)

1456 1105 1474 1140 1
1484 1105 1499 1139 l
1526 1111 1583 1136 est

500 1157 544 1192 12
564 1157 783 1204 perscripsit
797 1152 907 1196 multi,
925 1153 1028 1186 male.
1058 1150 1277 1199 praescrihit
1294 1150 1455 1185 Parrhas.
1538 1150 1582 1186 13

61 1203 212 1240 Error-es
233 1202 272 1237 in
296 1201 353 1238 hi‘s
370 1203 570 1237 nominibus
598 1216 630 1238 v.
653 1214 708 1248 ap.
729 1203 843 1236 Burm.
893 1204 1035 1234 Crenas
1057 1207 1092 1232 et
1113 1202 1253 1244 Cronys
1270 1198 1379 1232 Goth.
1423 1194 1581 1240 Χρόμις.

63 1249 290 1292 Μυᾶσνλος.

63 1311 171 1346 quem
186 1297 280 1333 vide.
309 1298 406 1342 Wr.)

64 1345 274 1392 profectum.

60 1393 136 1474 {iti
152 1392 189 1427 d.
200 1418 211 1436 ‚
242 1391 302 1426 vix

356 1250 415 1295 (-··
426 1251 481 1287 15.
505 1262 622 1285 vena-s·
635 1252 810 1285 hesterno
821 1250 887 1282 Ma.
907 1247 1004 1281 Bosii
1025 1246 1119 1292 apud
1130 1246 1224 1279 Cort.
1238 1246 1283 1279 ad
1294 1247 1424 1282 Lucan.
1437 1247 1462 1286 1,
1479 1245 1581 1285 395.;

486 1297 531 1334 16
554 1299 667 1346 capiti
685 1306 830 1341 tanqum
842 1295 1012 1329 Rottend.
1061 1293 1191 1328 Saltem
1209 1293 1278 1327 hoe
1297 1293 1416 1327 malim
1434 1306 1454 1326 a
1473 1299 1583 1337 poeta

319 1345 405 1425 ffed
420 1344 491 1379 vid.
510 1345 596 1379 Not.
626 1345 721 1388 lVr.)
766 1343 870 1385 Quod
890 1350 980 1375 nunc
994 1341 1161 1375 habemus
1173 1367 1182 1381 ‚
1202 1341 1338 1386 procul
1351 1341 1496 1374 tantum'
1516 1352 1582 1372 ca—

350 1392 432 1426 abet
453 1392 630 1438 quomodo
661 1391 743 1426 satis
771 1390 863 1424 bene
893 1389 1014 1433 iungas
1047 1387 1255 1441 (vid-Not.)
1268 1414 1278 1430 ,
1314 1394 1374 1421 aut
1404 1387 1582 1431 expedias.

93 1445 209 1474 oterat
223 1445 342 1474 tamen
357 1444 432 1472 tum
451 1438 556 1472 facile
575 1438 759 1485 epitheton
780 1435 944 1471 substitui
963 1443 997 1469 et
1018 1446 1151 1480 appom
1170 1435 1301 1488 capiti,
1324 1446 1357 1468 v.
1378 1447 1406 1468 c.
1424 1434 1583 1475 madido,

66 1487 224 1530 canaida,
241 1485 360 1534 fesso.
405 1487 528 1520 Potest
549 1497 689 1532 quoque
710 1486 747 1519 in
774 1485 888 1530 capite
906 1495 1026 1516 versus
1044 1493 1127 1515 mox
1146 1481 1316 1514 exmdisse
1340 1481 1455 1515 videri
1476 1483 1512 1514 V
1508 1482 1585 1514 itea

66 1541 172 1568 certa
190 1533 330 1581 procul
353 1535 468 1580 capiti
495 1533 668 1579 delapsa,
702 1532 794 1566 male
820 1540 855 1566 et
879 1531 1080 1575 importuno
1099 1529 1182 1562 loco
1211 1528 1386 1573 suppleta.
1434 1527 1583 1562 Omnino

66 1579 203 1614 ieiunus
228 1586 284 1614 est
298 1591 418 1614 versus
431 1606 441 1622 ,
466 1587 502 1613 et
516 1580 624 1614 multo
647 1580 758 1625 magis
776 1576 819 1614 τό
836 1577 1007 1613 iacebant
1023 1584 1106 1622 post
1124 1589 1157 1609 v.
1177 1573 1221 1611 14
1244 1576 1370 1609 videre
1395 1577 1583 1609 iacentem.

69 1627 130 1673 (At
145 1626 248 1670 vide,
271 1634 310 1661 ut
327 1639 371 1660 ex
395 1626 512 1661 multis
532 1639 643 1673 pauca
661 1628 823 1669 afferam,
848 1639 898 1659 vs.
917 1622 973 1660 84.
993 1637 1045 1670 sq.
1066 1636 1087 1657 a
1107 1622 1213 1658 Voss.
1237 1620 1331 1655 laud.
1356 1630 1391 1655 et
1407 1635 1458 1655 vs.
1476 1622 1510 1658 5.
1531 1634 1547 1655 s
1575 1646 1584 1655 .

7 1687 23 1696 *
67 1673 140 1708 vid.
158 1672 348 1710 Wunderl.
369 1672 452 1708 obs.
478 1674 516 1708 in
535 1673 618 1708 Tib.
637 1675 664 1716 Ι,
687 1675 723 1716 9,
749 1674 806 1710 67.
830 1672 866 1715 4,
885 1670 942 1708 42.
972 1678 1007 1705 et
1033 1682 1120 1716 quae
1146 1669 1266 1703 notavi
1290 1668 1335 1703 ad
1354 1670 1418 1703 Ge.
1438 1670 1480 1711 ΙΙ,
1507 1672 1523 1705 1
1576 1694 1584 1702 .

0 1724 2 1727 “
74 1717 171 1767 Wr.)
218 1722 372 1763 Tacent,
396 1721 456 1767 qui
481 1721 517 1755 in
540 1721 617 1755 aliis
645 1721 769 1755 diserti
787 1728 876 1754 sunt.
925 1720 1001 1752 Nec
1022 1717 1166 1753 Wakef.
1188 1717 1369 1762 quicquam
1389 1723 1508 1750 monet
1528 1722 1587 1749 aut

68 1773 198 1803 movet.
230 1766 443 1814 (weichert.
454 1768 568 1814 Epist.
586 1769 662 1803 crit.
679 1780 717 1816 p.
734 1770 792 1806 39.
818 1775 964 1802 tantum
982 1765 1021 1799 in
1036 1766 1191 1800 tacitum
1208 1763 1334 1797 mutari
1350 1764 1461 1797 iubet.
1491 1763 1584 1807 IVr.)

69 1898 231 1927 carmen
261 1894 466 1942 repetunt.
507 1889 614 1928 conf.
640 1888 693 1928 ad
712 1900 752 1928 v.
773 1891 801 1930 2

70 1952 112 1985 et
132 1946 213 1986 Ecl.
240 1943 307 1996 IV,
329 1950 368 1990 2.
390 1948 558 1999 pagina
588 1961 698 1986 nunc
712 1946 801 2000 pri-

70 2015 183 2044 mum
205 2018 228 2042 a
241 2011 363 2058 poeta
380 2019 456 2057 pro
478 2006 653 2044 carmine
680 2005 800 2055 dicta,

33 2092 39 2102 .
69 2068 121 2102 ut
145 2062 310 2101 chartae
335 2062 530 2114 Horatio,
568 2063 649 2103 hoc
664 2070 802 2103 tamen

70 2120 191 2160 Ennii
212 2121 419 2174 exemp103
455 2124 618 2174 pagina
643 2122 742 2160 hinc
755 2122 802 2160 in

73 2179 173 2228 Giri,
212 2177 346 2218 Gulice
361 2209 373 2229 ‚
410 2180 508 2218 aliis.
566 2180 659 2219 Vox
686 2194 710 2217 a
727 2194 803 2233 pa-

73 2235 194 2275 storis
210 2248 383 2289 persona
410 2238 539 2276 aliena
559 2237 743 2277 adhiberi
761 2237 801 2277 h.

31 2301 34 2304 ’
72 2292 100 2334 I.
122 2294 165 2333 in
204 2295 388 2334 bucolico
432 2296 608 2335 carmine
654 2296 803 2349 potuit,

74 2364 201 2404 quum
221 2364 242 2391 e
260 2359 403 2406 poetae
419 2367 591 2407 persona
616 2353 718 2393 haec
738 2354 804 2393 di-

75 2415 141 2449 cta
156 2410 256 2460 sinu
282 2412 335 2450 cf.
353 2410 407 2449 ad
423 2413 505 2451 Ecl.
525 2410 590 2462 m,
613 2412 680 2455 85.

135 2470 201 2510 13.
248 2468 429 2508 Chromis
479 2479 516 2508 eb
565 2470 799 2523 Mnasyluffl

75 2525 311 2567 Faunorum
342 2527 410 2566 vel
444 2529 686 2581 Satyrorum
725 2542 804 2567 no·-

74 2585 184 2624 mina
213 2598 296 2624 esse
332 2598 490 2624 necesse
527 2593 599 2626 est.
665 2587 719 2625 Et
747 2586 806 2625 ita

76 2643 239 2687 Servius
258 2656 430 2696 quoque.
482 2645 583 2684 Rem
601 2652 721 2698 poeta
737 2642 806 2684 hic

75 2699 293 2741 adornavit
313 2701 361 2740 in
386 2702 485 2742 artis
511 2715 671 2755 quoque
697 2703 805 2742 anfi-

78 2769 180 2810 quae
217 2760 406 2812 operibus
441 2761 613 2801 obviam.
653 2773 694 2801 v.
719 2762 805 2800 Ex-

80 2830 183 2855 curs.
202 2815 268 2856 Π*
287 2817 340 2856 ad
358 2818 399 2858 h.
426 2817 454 2858 L

139 2876 206 2916 16.
246 2863 360 2914 Serta
387 2878 535 2929 procul
567 2885 724 2916 tantum
764 2889 800 2914 c.

79 2930 171 2970 Hoc
195 2932 239 2971 in
263 2932 354 2972 loeo
383 2947 448 2973 me
477 2934 612 2974 adhuc
639 2934 806 2974 haerere

82 2989 227 3040 fateor,
257 3002 343 3040 nec,
370 2994 516 3043 procul
534 3002 690 3031 tantum
702 3006 806 3044 quo-

81 3047 203 3087 modo
226 3047 329 3087 bene
356 3047 465 3102 iungi
499 3051 645 3103 possit,
674 3051 805 3089 video.

860 1886 1014 1924 Graece
1057 1884 1213 1922 dictum
1251 1883 1383 1922 Faber
1419 1883 1584 1935 aceipit;

859 1944 954 1983 satis
974 1943 1113 1995 longe3
1143 1955 1218 1980 nec
1237 1948 1374 1980 tamen
1395 1941 1586 1990 declarat,

858 2001 1062 2055 quomodo
1089 2000 1147 2039 sic
1173 2000 1252 2038 dici
1268 2000 1408 2053 possit.
1467 2001 1587 2039 Com-

857 2066 976 2114 parat
995 2068 1088 2098 cum
1110 2059 1263 2097 Graeco
1286 2057 1439 2108 ἄλλως,
1469 2064 1519 2097 ut
1536 2058 1588 2095 sit

858 2132 935 2172 pro
959 2117 1035 2167 sic,
1074 2123 1244 2166 temere,
1273 2123 1323 2155 ut
1345 2130 1458 2155 casus
1478 2117 1588 2155 tule—

858 2183 948 2226 rat,
988 2176 1089 2214 Dan.
1117 2175 1304 2214 Heinsius
1334 2175 1387 2213 ad
1423 2174 1587 2213 Hesiod.

845 2232 961 2288 “qu-
984 2232 1090 2283 344,
1129 2233 1200 2272 sed
1231 2233 1315 2271 sine
1333 2233 1587 2272 auctoritate.

860 2300 1019 2330 tantum
1033 2291 1206 2343 delapsa
1223 2291 1410 2344 iungunt,
1442 2297 1482 2329 et
1495 2300 1589 2329 lan—-

861 2349 1064 2389 tummodo
1085 2356 1297 2402 exponunt
1317 2350 1529 2389 Turnebus
1548 2354 1590 2387 et

861 2407 1013 2458 Cerda;
1048 2408 1108 2446 ita
1132 2421 1231 2447 vero
1262 2408 1466 2460 quomodo
1487 2422 1589 2460 pro-

861 2467 931 2504 cal
952 2466 1087 2505 iacent
1101 2495 1112 2516 ‚
1155 2466 1189 2504 si
1213 2467 1487 2505 tantummodo
1517 2466 1590 2504 de-

860 2525 972 2577 lapsa
990 2525 1120 2563 sunt?
1148 2524 1227 2562 nisi
1246 2525 1467 2563 contendas
1495 2533 1590 2562 tans—

862 2591 948 2620 tum
965 2595 1071 2622 nove
1091 2582 1247 2621 dictum
1262 2595 1346 2620 esse
1364 2597 1440 2635 pro
1459 2583 1589 2631 modo,

861 2647 911 2679 ut
942 2641 1002 2679 acl
1029 2649 1186 2692 tempas
1214 2642 1437 2690 reseratur,
1481 2639 1592 2692 quod

863 2699 940 2738 alio
964 2699 1146 2751 exemplo
1174 2699 1358 2738 nondum
1383 2699 1470 2737 vidi
1492 2713 1591 2736 eon-

860 2757 1079 2796 firmatum.
1135 2755 1357 2811 (Praeclare
1375 2756 1591 2796 Weichert.

862 2815 987 2869 Epist.
1020 2814 1111 2854 crit.
1143 2829 1231 2868 pag.
1260 2819 1350 2858 89.;
1402 2822 1593 2864 „tantum

863 2874 968 2927 expl.
989 2873 1019 2913 Ι.
1036 2873 1088 2912 Η.
1106 2873 1271 2912 Vossius
1289 2888 1328 2926 p.
1347 2875 1444 2914 297.
1475 2870 1591 2909 modo

863 2939 904 2971 et
932 2934 990 2970 ita
1025 2931 1172 2971 vertit:
1222 2933 1349 2970 Feme
1377 2931 1474 2981 lag,
1517 2942 1595 2966 nur

864 2990 958 3028 eben
986 2990 1077 3027 dem
1109 2990 1261 3040 Haupt
1293 2988 1497 3038 enlglitten
1524 2985 1595 3021 der

865 3046 1123 3086 Laubkranz.
1202 3046 1281 3086 Hic
1330 3043 1591 3096 significatus,
