1768 3320
537 541 1323 598 ECLOGAV

765 663 1114 709 nAPHNIS

668 742 1232 817 ARGUMENTUM'

183 873 495 947 Convenerant
512 907 674 959 Mopsus
693 913 734 944 et
751 904 972 954 Menalcas,
1002 908 1197 956 pastoreS,
1226 900 1293 939 ille
1313 898 1469 950 fistula,
1490 897 1558 938 hic
1578 902 1703 938 cantu

181 967 395 1016 excellens,
428 971 467 1004 et
499 979 538 1004 se
559 965 611 1003 ad
642 964 868 1003 canendum
888 969 1032 1002 mutuo
1055 960 1233 1000 invitant
1256 962 1275 1000 1
1291 961 1424 1000 —19.
1483 957 1703 1009 Postquam

181 1026 253 1063 sub
271 1030 435 1062 antrum
455 1029 750 1072 concesserant,
781 1021 894 1075 prior
915 1021 1078 1073 Mopsus
1102 1021 1158 1061 20
1174 1040 1232 1047 —
1253 1015 1308 1058 44
1338 1015 1561 1068 Daphnidis
1588 1028 1702 1054 mor-

179 1089 262 1121 tem
284 1083 412 1134 luget,
441 1081 535 1119 inde
564 1080 765 1119 Menalcas
795 1079 1012 1118 succedens
1036 1078 1090 1120 56
1110 1098 1168 1105 -
1187 1078 1242 1117 80
1274 1075 1450 1113 eiusdem
1479 1072 1702 1126 Daphnidis

180 1147 387 1191 tamquam
413 1139 486 1178 diis
509 1139 699 1190 adscripti
727 1137 867 1177 laudes
898 1135 1166 1189 persequitur.
1224 1133 1377 1172 Mutuis
1395 1132 1492 1171 hinc
1511 1132 1702 1177 sibi-mu-

180 1199 344 1237 neribus
375 1197 476 1235 datis
507 1196 729 1235 discedunt.
791 1196 920 1234 Etiam
947 1195 992 1233 in
1012 1194 1133 1233 huius
1145 1191 1312 1243 Eclogae
1332 1190 1520 1243 allegoria
1540 1190 1702 1229 exscul-

179 1256 309 1309 penda
340 1255 499 1293 molesti
541 1256 652 1293 fuere
681 1255 936 1307 interpretes.
1007 1252 1055 1291 In
1087 1249 1298 1302 Daphnide
1338 1249 1521 1302 plerique
1554 1248 1703 1288 Iulium

181 1314 400 1363 Caesarem,
424 1313 587 1364 eiusque
605 1326 744 1350 necem
765 1318 804 1350 et
822 1310 1057 1365 apotheosin
1080 1307 1136 1362 (v.
1157 1308 1252 1347 Vita
1272 1307 1428 1360 Virgilii
1449 1307 1502 1346 ad.
1519 1320 1553 1345 a.
1570 1304 1701 1360 712),

180 1371 385 1419 nonnulli,
415 1371 496 1408 iam
527 1384 577 1409 ex
607 1370 922 1422 antiquioribus,
954 1368 1131 1408 Maronis
1157 1367 1327 1405 fratrem
1361 1366 1573 1415 Flaccum,
1603 1377 1703 1403 mox

181 1430 299 1467 etiam
327 1428 594 1477 Quinctilium
627 1429 955 1477 Cremonensem,
987 1427 1072 1465 sive
1101 1425 1222 1464 etiam
1251 1424 1518 1473 Quinctilium
1534 1423 1700 1472 Varum,

179 1488 276 1526 item
306 1487 564 1536 Saloninum,
603 1486 795 1525 Pollionis
826 1486 976 1535 filium,
1008 1483 1313 1536 quaesiverunt;
1351 1488 1401 1521 ut
1422 1481 1582 1520 Catroei
1600 1480 1702 1519 alio-

180 1558 350 1596 rumque
371 1545 524 1583 somnia
543 1550 708 1583 taceam.
771 1544 897 1593 Quod
916 1544 949 1582 si
971 1543 1176 1591 altiorem,
1209 1555 1330 1592 quam
1350 1540 1570 1580 verborum
1594 1538 1701 1578 ratio

181 1604 280 1652 fert,
311 1603 548 1641 sententiam
569 1603 840 1654 quaerendam
856 1608 993 1655 putes,
1026 1601 1079 1639 ad
1101 1600 1308 1638 Caesarem
1330 1605 1380 1637 ut
1397 1604 1516 1651 putes
1540 1603 1702 1650 poetam

181 1661 419 1713 respexisse,
450 1661 575 1699 seram
599 1661 805 1712 equidem3
835 1660 957 1699 modo
983 1673 1068 1698 non
1090 1658 1244 1710 singula
1271 1656 1702 1709 allegoriceinterpre-

181 1718 259 1756 tari
281 1718 383 1756 ausis
393 1732 403 1768 3
434 1717 759 1770 quandoquidem
775 1718 879 1757 illud
896 1719 1039 1756 saltem
1055 1731 1140 1756 non
1159 1714 1412 1754 incommode
1441 1714 1530 1753 fieri
1550 1719 1702 1767 potest3

184 1776 293 1827 quod
321 1782 457 1815 tamen
486 1781 599 1827 cogat
631 1791 727 1826 nOS,
757 1776 859 1815 nihil
886 1776 1010 1826 inest3
1051 1775 1199 1813 inferre
1229 1780 1365 1812 autem
1386 1772 1435 1811 de
1455 1786 1528 1811 suo
1548 1770 1703 1823 aliquid

185 1834 320 1882 alieni,
352 1833 462 1884 quod
479 1848 561 1872 non
579 1834 622 1871 in
637 1835 723 1887 ipso
748 1834 924 1873 carmine
939 1834 1134 1882 habetur,
1166 1846 1250 1870 non
1269 1837 1328 1870 est·
1344 1831 1440 1870 boni
1457 1829 1701 1883 interpretis,

184 1891 249 1930 cui
274 1891 368 1929 satis
400 1904 481 1928 esse
513 1891 649 1941 debet,
690 1892 832 1931 elicere
857 1906 923 1942 ea,
962 1904 1065 1944 quae
1091 1891 1136 1929 in
1164 1890 1341 1928 carmine
1370 1894 1485 1938 sunt,
1525 1902 1609 1927 non
1631 1901 1700 1937 ea,

185 1962 287 2000 quae
312 1955 407 1986 sunt
438 1955 554 1987 extra
588 1963 768 2000 carmen,
810 1951 971 1989 inferre.
1032 1949 1074 1988 Si
1098 1961 1260 1987 carmen
1289 1947 1421 1986 animo
1442 1947 1492 1986 ab
1515 1945 1702 2000 opinione

183 2020 313 2046 vacuo
338 2013 377 2044 et
396 2006 548 2045 intacto
570 2007 734 2058 legimus
746 2038 756 2057 ,
787 2007 890 2047 nihil
908 2007 1020 2046 aliud
1037 2013 1158 2059 poeta
1176 2011 1373 2059 spectasse
1404 2004 1537 2044 videri
1554 2009 1700 2058 potest,

185 2078 305 2115 quam
333 2069 380 2102 ut
401 2063 628 2104 Theocritei
646 2065 779 2118 Idyllii
800 2066 872 2105 [et
890 2065 990 2104 XIX
1004 2065 1273 2104 imitationem
1290 2064 1538 2113 institueret,
1571 2069 1623 2112 et,
1652 2068 1703 2101 ut

185 2122 329 2174 Ecloga
351 2122 472 2160 tertia
499 2122 600 2160 duos
628 2130 810 2175 pastores
838 2138 860 2162 a
891 2123 1083 2163 conviciis
1111 2123 1164 2161 ad
1186 2127 1350 2161 cantum
1364 2134 1615 2174 progressos,
1644 2120 1702 2159 ita

185 2178 224 2218 h.
245 2180 285 2229 1.,
314 2179 436 2230 idque
456 2181 590 2232 paullo
612 2182 850 2233 elegantius,
884 2182 965 2220 duo
986 2181 1083 2220 alios
1102 2187 1284 2234 pastores
1303 2194 1326 2218 a
1346 2179 1497 2218 mutuis
1515 2178 1701 2217 laudibus

186 2237 239 2275 ad
257 2243 397 2275 cantus
417 2244 618 2276 certamen
635 2239 902 2290 procedentes
920 2239 1143 2278 induceret.
1203 2238 1399 2277 Carminis
1423 2242 1702 2289 argumentum

186 2301 281 2334 sunt
309 2295 547 2345 Daphnidis
579 2297 720 2334 laudes
727 2327 738 2347 ,
770 2298 904 2336 nobile
929 2296 1043 2336 haud
1072 2296 1192 2336 dubie
1208 2297 1251 2335 in
1269 2295 1440 2335 vetustis
1459 2294 1701 2334 carminibus

185 2352 403 2405 pastoritiis
430 2360 728 2404 argumentum,
764 2361 814 2393 ut
832 2369 883 2393 ex
906 2355 1111 2394 nonnullis
1130 2353 1355 2404 Theocriti,
1385 2353 1567 2406 inprimis
1583 2352 1700 2404 [dyll.

185 2410 204 2449 I
224 2416 263 2448 et
280 2410 364 2459 VII,
382 2411 441 2451 '73
460 2424 543 2461 sqq.
560 2411 657 2449 locis
679 2419 856 2464 apparet.
904 2414 1001 2452 Fuit
1019 2413 1086 2452 ille
1103 2413 1146 2451 in
1164 2411 1298 2451 herois
1320 2412 1410 2451 loco
1433 2412 1541 2450 inter
1561 2416 1702 2463 pasto-

185 2481 248 2506 res
270 2467 455 2517 habitus3
496 2475 618 2507 cantu
648 2469 713 2507 ille
741 2471 884 2509 nobilis
916 2477 956 2510 et
988 2485 1010 2509 a
1037 2470 1225 2523 Nympha
1251 2475 1427 2520 amatus,
1465 2468 1588 2521 hique
1617 2468 1702 2508 eius

185 2539 340 2564 amores
357 2526 439 2564 sata
466 2531 506 2563 et
533 2540 640 2564 mors
672 2529 893 2579 pastoritiis
922 2529 1166 2568 carminibus
1184 2528 1385 2567 celebrata
1403 2533 1442 2566 et
1458 2527 1597 2566 multis
1610 2540 1701 2565 mo-

185 2583 245 2633 dis
263 2585 431 2623 variata.
461 2582 544 2621 vid..
568 2584 616 2621 de
635 2598 679 2622 eo
704 2586 866 2625 Servius
886 2587 939 2625 ad
957 2587 1039 2626 Ecl.
1056 2587 1161 2636 VIII,
1180 2589 1246 2628 68.
1285 2585 1449 2624 Diodor.
1477 2584 1545 2634 IV,
1576 2583 1644 2634 84,
1662 2589 1703 2622 et

184 2640 334 2680 Aelian.
353 2641 399 2680 V.
418 2640 469 2679 H.
487 2641 539 2689 X,
564 2644 628 2690 18,
648 2642 698 2680 H.
722 2642 797 2682 An.
816 2644 886 2693 XI,
911 2648 962 2686 13
986 2651 1025 2683 et
1042 2645 1098 2684 ibi
1117 2645 1260 2697 Intpp.‚
1292 2643 1423 2682 Schol.
1451 2641 1620 2681 Theocr.
1640 2641 1701 2682 Id.

183 2699 291 2748 VIII,
310 2700 337 2738 f.
358 2704 396 2736 et
414 2698 545 2750 primo
562 2698 651 2736 loco
670 2699 858 2740 Parthen.
882 2715 914 2740 c.
932 2705 988 2744 29
1009 2716 1060 2741 ex
1080 2702 1254 2741 Timaeo.
1276 2702 1325 2741 cf.
1347 2701 1468 2740 Silius
1484 2700 1574 2740 Ital.
1593 2699 1700 2750 XIV,

184 2756 269 2799 466
287 2770 371 2809 sqq·
404 2755 523 2794 Ovid-
541 2755 633 2794 Met·
651 2757 717 2805 IV,
742 2761 826 2800 276
841 2781 899 2787 —
918 2763 1003 2802 278
1016 2791 1026 2809 ,
1058 2767 1099 2799 et
1127 2760 1182 2799 ibi
1207 2760 1354 2812 Intpp.‚
1382 2759 1550 2798 Dorvill.
1569 2758 1703 2797 Sicula

184 2828 223 2867 p.
245 2817 302 2856 27
322 2827 378 2866 sq.
397 2813 529 2866 Epigr.
550 2813 592 2851 in
612 2812 813 2853 Analectis
831 2816 875 2855 T.
896 2817 927 2866 I,
950 2832 989 2869 p.
1013 2818 1076 2860 15.
1100 2824 1141 2856 et
1161 2819 1206 2857 T.
1223 2817 1290 2867 III,
1320 2832 1359 2870 p.
1382 2820 1475 2859 123.
1493 2816 1558 2855 ΠΙ.
1615 2816 1701 2855 Νο-

186 2878 266 2911 ster
285 2885 382 2911 vero
401 2877 519 2924 poeta
537 2878 819 2922 argumentum
834 2875 1090 2925 pastoritium
1108 2875 1270 2914 heroico
1290 2875 1425 2927 generi
1441 2873 1608 2928 propius
1626 2873 1702 2912 ad-

186 2930 337 2979 movit,
366 2929 487 2981 idque
504 2929 561 2967 ita
581 2930 794 2979 tractavit,
827 2933 987 2970 ornavit
1009 2939 1049 2971 ct
1075 2933 1355 2987 amplificavit,
1395 2938 1443 2972 ut
1466 2945 1702 2985 generosum
