1734 3320
172 242 275 292 446
521 242 576 291 Ρ.
612 241 965 292 VIRGILII
999 240 1374 292 MARONIS

173 368 396 416 Summa
419 374 574 432 pete,
612 375 702 417 aut
728 384 939 418 summa
963 365 1210 433 defringe
1241 385 1302 418 ex
1331 367 1524 418 arbore
1545 367 1700 435 plan-

963 446 1066 500 taS;
1595 444 1699 491 300

243 513 359 560 300.
395 521 692 556 DESTRINGE

217 626 288 662 300
312 627 460 659 Samma
514 634 580 658 ata
608 625 809 658 coniecerat
834 625 954 659 Heius.
1004 626 1075 660 Sed
1100 626 1171 659 vid.
1191 627 1326 667 Burm.;
1358 637 1423 660 nec
1446 625 1490 670 de
1511 625 1697 672 putatione

171 674 230 708 hic
249 672 374 718 agitur.
425 638 599 719 dessinge
620 672 748 705 Medic.
768 678 803 705 et
825 672 936 705 ceteri
962 673 1242 718 praestantiores
1265 685 1391 719 magna
1419 685 1462 707 ex
1486 679 1609 719 parte3
1646 673 1698 707 sic

170 724 348 756 Romanus
370 726 406 753 et
433 732 515 765 pars
542 719 805 760 Pierianorum,
839 719 911 753 duo
942 720 1045 753 codd.
1072 726 1108 753 et
1138 727 1225 754 vett.
1258 721 1338 755 edd.
1363 720 1457 766 apud
1483 720 1626 754 Martin.
1661 727 1698 754 et

170 776 319 814 uterque
338 767 446 801 Goth.
465 779 541 800 cum
557 767 629 799 Erf.
643 793 651 808 ,
678 778 747 810 quo
766 766 892 799 alludit
909 766 1013 800 haud
1030 779 1170 800 summa
1200 767 1373 814 dest-lnge
1389 767 1444 801 ed.
1461 769 1564 810 Vem,
1589 767 1695 813 idque

170 828 255 850 vero
280 815 428 861 propius
459 826 535 847 esse
565 813 790 846 existimabat
816 813 993 847 Heinsius.
1052 815 1151 847 Idem
1188 821 1307 848 tamen
1335 816 1521 862 stringere
1550 815 1696 861 copiose

170 864 336 897 illustrat.
355 881 358 886 ·
384 865 431 896 At
451 863 666 893 Burmannus
679 886 688 902 ,
716 860 746 893 si
767 866 864 894 recte
884 860 958 893 eius
976 861 1086 894 verba
1107 861 1242 907 accipio
1255 888 1264 904 ,
1298 861 1395 895 illam
1413 861 1605 896 lectionem
1624 873 1696 895 non

170 911 364 958 probabat3
400 920 473 942 non
495 907 585 940 enim
607 913 786 941 sarmenta
814 914 896 941 sunt
919 920 1024 942 manu
1052 908 1268 953 frangenda,
1303 907 1367 943 sed
1383 909 1479 943 ferro
1498 915 1602 943 acuto
1628 909 1697 943 ab-

171 958 380 998 scindenda3
416 957 532 990 Varro
555 956 582 997 I,
607 952 654 990 40
682 963 720 988 et
747 967 842 1008 qaae
870 955 916 988 de
943 954 1078 989 arbore
1107 955 1339 1003 transferas,
1377 964 1419 989 ut
1437 968 1482 990 ea
1502 956 1697 1004 deplantes

165 1007 306 1054 potius,
325 1017 433 1051 qaam
453 1000 660 1049 defringas.
695 1003 883 1036 Enimvero
903 1002 941 1035 id
960 1002 1112 1036 alienum
1127 1003 1170 1036 ab
1190 1003 1226 1037 h.
1245 1003 1270 1037 l.
1302 1005 1432 1037 Utrum
1449 1009 1566 1036 utrum
1584 1003 1696 1048 legas,

171 1054 360 1098 destringe
387 1058 422 1084 et
453 1047 645 1095 defringe,
678 1049 772 1082 idem
805 1056 878 1091 est,
915 1049 1011 1095 quod
1040 1056 1142 1096 pete,
1182 1062 1288 1085 sume.
1335 1052 1461 1086 Potest
1489 1057 1606 1084 autem
1628 1051 1697 1085 de-

170 1101 308 1145 stringi
328 1105 364 1131 et
380 1098 418 1131 id
438 1095 527 1139 dici,
554 1096 649 1141 quod
676 1097 772 1130 ferro
805 1096 1032 1130 abscinditur.
1081 1099 1193 1131 Porro
1216 1098 1399 1145 distringe
1426 1097 1464 1131 in
1485 1097 1575 1132 aliis.
1609 1099 1696 1143 (Le-

171 1146 299 1182 ctionis
325 1146 509 1191 distringe
525 1161 572 1169 —‹
594 1143 809 1191 destringe?
824 1164 869 1169 —-
895 1144 1083 1178 admodum
1103 1145 1211 1179 dubia
1230 1145 1329 1179 fides.
1377 1143 1559 1192 Defringe
1589 1145 1696 1179 etiam

169 1193 322 1230 Potterii
345 1192 449 1226 codd.
471 1202 590 1224 omnes
610 1197 646 1223 et
664 1197 811 1236 uterque
829 1191 939 1237 Lips.,
972 1191 1066 1225 idem
1085 1199 1194 1226 notae
1215 1195 1311 1226 Serv.
1333 1191 1600 1238 praescriptum.
1650 1194 1696 1226 Et

170 1242 230 1289 qui
249 1240 388 1275 destrin
419 1253 438 1273 e
457 1238 729 1284 praeferebant,
763 1238 807 1272 iis
837 1238 987 1284 primum
1014 1239 1211 1273 docendum
1240 1246 1337 1282 erat,
1370 1240 1605 1287 destringere
1623 1239 1695 1274 dici

170 1291 215 1323 de
234 1290 377 1322 auferen
405 1298 426 1320 o
449 1286 600 1319 surculo.
648 1289 696 1319 At
715 1287 901 1332 stringere
913 1313 921 1328 ,
947 1287 1181 1341 destringere
1193 1312 1202 1329 ,
1236 1298 1279 1320 ex
1300 1298 1364 1320 usu
1382 1286 1561 1328 constanti
1578 1286 1695 1321 valet:

170 1337 311 1378 folia,
344 1335 548 1375 fructus,
587 1333 875 1379 decerpere,
908 1339 982 1367 tum
1010 1345 1152 1368 ommno
1191 1331 1389 1367 auferre
1426 1333 1614 1380 aliquid
1639 1334 1693 1368 de

170 1398 186 1419 s
199 1397 221 1418 u
234 1398 255 1430 p
271 1381 457 1422 erficie3
491 1386 651 1414 nostrum
671 1379 893 1427 abstreifi’n,
929 1379 1124 1415 ablaaben.
1173 1383 1220 1416 At
1240 1388 1349 1426 negat
1366 1380 1515 1415 Vossius
1541 1380 1696 1427 defringi

170 1431 348 1472 surculos,
375 1429 438 1462 sed
456 1427 628 1469 resecari3
661 1427 744 1461 hinc
771 1428 964 1475 destringe
989 1428 1176 1473 genuinam
1207 1440 1284 1462 esse
1312 1428 1513 1462 lectionem.
1561 1430 1696 1463 Verum

170 1485 294 1526 aperte
315 1482 543 1522 opponuntur
562 1474 795 1522 abstringere
818 1481 855 1508 et
866 1474 977 1522 ferro
1004 1484 1198 1523 amputare
1219 1475 1312 1521 apud
1332 1475 1464 1509 Colum.
1486 1477 1532 1519 V,
1556 1477 1590 1518 6,
1617 1478 1695 1512 17.:

171 1524 367 1573 „quidquid
395 1523 533 1557 frondis
570 1529 710 1556 enatum
733 1521 862 1564 fuerit,
896 1522 1042 1556 alternis
1066 1522 1166 1556 annis
1193 1530 1253 1557 aut
1276 1523 1408 1557 ferro
1435 1529 1695 1570 amputare,

170 1581 231 1608 aut
255 1571 551 1616 astringere,
586 1582 632 1603 ne
659 1569 767 1603 nimia
798 1570 922 1603 umbra
949 1569 1015 1603 viti
1037 1572 1199 1604 noceat.“
1248 1571 1472 1618 Astringere
1495 1570 1586 1605 enim
1612 1571 1649 1605 h.
1669 1570 1694 1605 l.

168 1634 240 1656 non
261 1632 337 1654 esse
359 1619 382 1652 i.
405 1631 439 1664 q.
466 1619 721 1664 adstringere,
746 1623 787 1650 ut
807 1618 951 1651 Gesner.
973 1616 1011 1650 in
1035 1617 1221 1652 Thesauro
1243 1624 1419 1661 autumat,
1443 1618 1508 1653 sed
1526 1618 1550 1653 i.
1569 1630 1602 1664 q.
1626 1616 1695 1652 ab-

170 1670 376 1715 stringere,
414 1678 457 1699 ex
476 1665 554 1711 ipsa
579 1665 768 1698 verborum
790 1664 1027 1698 collocatione
1054 1665 1281 1710 perspicitur.
1330 1666 1423 1699 Nam
1456 1664 1696 1710 adstringi

168 1717 188 1750 f
195 1729 212 1750 r
225 1728 278 1750 on
290 1715 313 1748 d
325 1727 343 1748 e
356 1727 371 1747 s
396 1712 492 1746 nulla
511 1724 615 1746 causa
636 1717 690 1744 est
712 1723 820 1757 quare
840 1723 913 1744 non
931 1711 1078 1757 singulis
1099 1712 1294 1758 quibusque
1310 1712 1428 1754 annis,
1453 1712 1514 1746 sed
1537 1712 1695 1756 alternis,

169 1762 324 1798 voluerit
343 1759 547 1795 Columella.
598 1759 729 1792 Contra
754 1757 926 1805 defringe
946 1759 1150 1792 defenditur
1172 1759 1289 1793 verbis
1314 1759 1486 1793 Varronis
1514 1760 1558 1794 ab
1578 1761 1694 1806 Heyn.

168 1810 264 1844 laud.
312 1810 410 1842 Haec
439 1806 531 1840 enim
560 1806 590 1839 si
623 1813 791 1851 tanquam
818 1806 996 1839 contraria
1026 1818 1160 1852 ponere
1183 1806 1357 1840 voluisset
1388 1808 1523 1841 Varro:
1564 1819 1695 1841 manu

169 1859 393 1901 frangere
424 1861 460 1887 et
484 1855 614 1887 ferro
639 1864 893 1886 resecare:
933 1865 1006 1886 non
1035 1865 1116 1886 usus
1147 1860 1242 1887 esset
1266 1853 1585 1899 deplantandi
1609 1866 1695 1888 ver-

169 1906 216 1939 bo
232 1931 241 1947 ,
266 1903 361 1949 quod
381 1902 411 1935 si
430 1901 525 1934 forte
544 1912 616 1934 non
636 1899 790 1933 excludit
802 1926 811 1942 ,
836 1906 933 1934 certe
951 1911 1022 1934 non
1038 1900 1184 1946 proprie
1206 1901 1405 1934 adiunctam
1423 1900 1534 1934 habet
1559 1902 1602 1935 fe
1614 1913 1694 1936 rro

170 1952 223 1986 ab
236 1951 301 1985 sci
314 1949 453 1984 dendi
475 1948 678 1990 notionem,
704 1959 756 1989 ac,
780 1947 849 1980 nisi
870 1947 988 1990 fallor,
1015 1947 1157 1981 omnino
1179 1960 1255 1981 eam
1273 1947 1459 1981 auferendi
1479 1948 1610 1983 surculi
1632 1961 1694 1982 ra-

168 2000 305 2033 tionem
329 1997 497 2039 denotat,
531 2007 599 2042 qua
630 2001 794 2038 cavetur,
827 2006 873 2028 ne
899 1995 1006 2028 arbor
1031 1994 1109 2041 ipsa
1135 2001 1172 2028 et
1201 2002 1324 2029 cortex
1349 1994 1539 2029 violentius
1568 1996 1695 2030 laeda-

169 2109 298 2136 unum
332 2093 521 2144 idemque
558 2097 619 2130 est
637 2121 648 2141 ,
700 2096 772 2129 aut
809 2096 906 2130 sunt

170 2154 253 2193 duo
276 2153 448 2192 diversa.
487 2149 529 2189 Si
547 2156 768 2200 utrumque
785 2162 905 2202 prae-

171 2218 335 2266 ceptum
366 2209 535 2249 eandem
572 2221 660 2247 rem
701 2207 903 2251 declarat:

170 2270 384 2320 surculos,
433 2281 534 2320 quos
577 2266 750 2318 defigere
783 2266 901 2316 velis,

169 2343 254 2369 non
276 2342 327 2367 ex
349 2326 555 2379 superiore
576 2324 673 2364 vitis
691 2329 807 2377 parte
828 2337 903 2377 pe-

170 2386 318 2426 tendos
356 2398 438 2424 esse
471 2384 561 2422 ait:
613 2383 755 2422 melius
796 2382 903 2421 enim

142 2457 152 2461 ·
169 2444 419 2499 proveniunt
447 2441 618 2491 surculi,
660 2454 710 2480 ex
731 2440 903 2483 inferio*

169 2504 283 2543 ribus
303 2502 397 2542 vitis
418 2500 601 2554 partibus
618 2499 759 2538 sumti:
787 2501 901 2537 Tan-

171 2570 235 2600 tas
266 2575 382 2599 amor
407 2568 554 2607 terrae,
607 2557 708 2596 adeo
744 2571 900 2609 magna,

170 2619 340 2659 notabili
362 2617 495 2668 aliqua
513 2614 804 2654 consuetudine
822 2615 904 2653 tel-

170 2677 271 2717 luris
317 2681 510 2715 tenentur
555 2674 646 2713 illae
695 2673 904 2712 inferiores

169 2741 330 2789 partes,
366 2740 415 2773 ut
443 2732 649 2772 laetiorem
674 2732 904 2770 ubertatem

173 2795 223 2833 ab
243 2793 315 2843 iis,
358 2805 478 2844 quam
511 2803 562 2829 ex
589 2789 753 2828 summis
768 2788 903 2841 parti-

171 2853 268 2902 bus,
306 2855 520 2904 expectare
546 2847 683 2901 possis.
750 2845 805 2885 At
837 2846 904 2884 alii

173 2924 267 2950 cum
290 2908 468 2948 Martino
496 2905 548 2945 ad
577 2905 657 2945 duo
686 2910 902 2958 praecepta

171 2970 309 3008 lomim
326 2967 534 3019 redigunt:
565 2964 758 3013 alterum,
790 2962 902 3015 quod

172 3026 395 3080 posteriore
413 3025 503 3065 loco
521 3028 784 3073 memoratur,
807 3034 902 3060 sur-

962 2089 1073 2130 culos
1100 2104 1149 2129 ex
1170 2105 1325 2130 summa
1350 2090 1445 2131 vitis
1476 2097 1594 2144 parte
1609 2106 1694 2132 non

962 2161 1045 2188 esse
1074 2149 1291 2202 petendos:
1340 2158 1413 2188 aut
1438 2152 1578 2198 (nunc
1616 2151 1694 2191 erit

960 2221 1035 2261 pro
1054 2206 1142 2262 nee)
1162 2222 1323 2246 samma
1341 2207 1541 2261 destringe
1553 2223 1603 2247 ex
1622 2223 1694 2248 ar-

961 2265 1050 2304 bore
1061 2266 1234 2317 plantas
1244 2282 1260 2315 ,-
1294 2266 1486 2305 alterum:
1511 2266 1694 2319 ipsorum

960 2324 1220 2363 surculorum
1235 2338 1432 2364 summam
1440 2331 1600 2378 partem
1611 2338 1693 2364 esse

960 2382 1274 2435 aspernandam:
1304 2397 1353 2421 ne
1370 2383 1557 2434 flagella
1579 2398 1692 2422 sum-

958 2455 1030 2478 ma
1052 2449 1173 2492 pete,
1225 2439 1267 2480 h.
1305 2454 1504 2479 summam
1551 2454 1693 2481 eorum

957 2505 1129 2552 partem,
1160 2513 1314 2538 summa
1333 2498 1560 2550 cacumina3
1590 2512 1693 2550 quae

959 2557 1163 2596 communi
1194 2557 1418 2596 vinitorum
1447 2569 1527 2597 usu
1560 2558 1693 2597 solent

960 2614 1086 2653 recidi
1104 2621 1145 2653 et
1165 2615 1288 2664 reiici,
1318 2621 1527 2665 tamquam
1545 2628 1692 2667 parum

959 2672 1098 2722 firma,
1129 2678 1170 2710 et
1189 2672 1287 2713 dum
1306 2672 1515 2725 spongiosa
1531 2674 1691 2713 corticis

959 2730 1215 2769 mollitudine
1245 2729 1459 2769 humorem
1488 2730 1608 2770 nimis
1625 2732 1692 2771 fa-

961 2788 1034 2827 cile
1066 2787 1288 2828 admittunt
1306 2819 1316 2838 ,
1367 2789 1590 2829 luxuriosa.
1631 2790 1689 2830 Cf.

961 2846 1116 2885 Colum.
1143 2846 1222 2897 III,
1255 2850 1321 2897 10,
1351 2849 1371 2888 1
1395 2868 1454 2877 —
1473 2845 1501 2888 4
1533 2854 1574 2886 et
1601 2861 1688 2900 sqq.

959 2904 1139 2957 Respicit
1179 2903 1221 2944 h.
1261 2905 1288 2944 1.
1323 2904 1425 2944 Plin.
1462 2905 1589 2955 XVII,
1621 2904 1688 2956 14,

960 2976 990 3001 s.
1005 2962 1061 3005 24
1089 2964 1290 3015 Virgilius
1307 2977 1328 3000 e
1347 2965 1554 3002 cacumine
1570 2965 1693 3002 inseri

957 3029 1092 3069 velam
1128 3034 1203 3060 nec
1221 3026 1356 3060 tamen
1380 3027 1500 3075 poeta
1525 3026 1689 3061 tantum
