<?xml version="1.0" encoding="UTF-8"?>
<!DOCTYPE html PUBLIC "-//W3C//DTD XHTML 1.0 Transitional//EN"
    "http://www.w3.org/TR/xhtml1/DTD/xhtml1-transitional.dtd">
<html xmlns="http://www.w3.org/1999/xhtml" xml:lang="en" lang="en">
 <head>
  <title>
</title>
<meta http-equiv="Content-Type" content="text/html;charset=utf-8" />
  <meta name='ocr-system' content='tesseract 3.04.00' />
  <meta name='ocr-capabilities' content='ocr_page ocr_carea ocr_par ocr_line ocrx_word'/>
</head>
<body>
  <div class='ocr_page' id='page_1' title='image "./publiusvirgilius01virguoft/publiusvirgilius01virguoft_0074.png"; bbox 0 0 1768 3320; ppageno 0'>
   <div class='ocr_carea' id='block_1_1' title="bbox 227 163 1281 228">
    <p class='ocr_par' dir='ltr' id='par_1_1' title="bbox 227 163 1281 228">
     <span class='ocr_line' id='line_1_1' title="bbox 227 163 1281 228; baseline -0.006 -9"><span class='ocrx_word' id='word_1_1' title='bbox 227 192 353 228; x_wconf 68' lang='lat' dir='ltr'><strong>wa</strong></span> <span class='ocrx_word' id='word_1_2' title='bbox 709 163 1281 220; x_wconf 81' lang='lat' dir='ltr'><strong>PRAEFATIO</strong></span> 
     </span>
    </p>
   </div>
   <div class='ocr_carea' id='block_1_2' title="bbox 231 285 1768 2985">
    <p class='ocr_par' dir='ltr' id='par_1_2' title="bbox 231 285 1768 2985">
     <span class='ocr_line' id='line_1_2' title="bbox 371 285 1768 369; baseline -0.009 -17"><span class='ocrx_word' id='word_1_3' title='bbox 371 300 554 369; x_wconf 90' lang='lat' dir='ltr'><strong>Copiis</strong></span> <span class='ocrx_word' id='word_1_4' title='bbox 592 297 812 362; x_wconf 83' lang='lat' dir='ltr'><strong>criticis,</strong></span> <span class='ocrx_word' id='word_1_5' title='bbox 867 293 1016 346; x_wconf 91' lang='lat' dir='ltr'><strong>unde</strong></span> <span class='ocrx_word' id='word_1_6' title='bbox 1051 291 1179 341; x_wconf 91' lang='lat' dir='ltr'><strong>huic</strong></span> <span class='ocrx_word' id='word_1_7' title='bbox 1207 304 1382 339; x_wconf 88' lang='lat' dir='ltr'><strong>novae</strong></span> <span class='ocrx_word' id='word_1_8' title='bbox 1411 285 1640 339; x_wconf 87' lang='lat' dir='ltr'><strong>editioni</strong></span> <span class='ocrx_word' id='word_1_9' title='bbox 1673 287 1768 341; x_wconf 84' lang='lat' dir='ltr'><strong>ali-</strong></span> 
     </span>
     <span class='ocr_line' id='line_1_3' title="bbox 232 357 1766 445; baseline -0.008 -20"><span class='ocrx_word' id='word_1_10' title='bbox 232 373 365 445; x_wconf 87' lang='lat' dir='ltr'>quid</span> <span class='ocrx_word' id='word_1_11' title='bbox 398 369 705 423; x_wconf 89' lang='lat' dir='ltr'><strong>ornamenti</strong></span> <span class='ocrx_word' id='word_1_12' title='bbox 734 365 1037 426; x_wconf 81' lang='lat' dir='ltr'><strong>accederet,</strong></span> <span class='ocrx_word' id='word_1_13' title='bbox 1084 377 1211 412; x_wconf 88' lang='lat' dir='ltr'><strong>usus</strong></span> <span class='ocrx_word' id='word_1_14' title='bbox 1241 376 1360 410; x_wconf 91' lang='lat' dir='ltr'><strong>sum</strong></span> <span class='ocrx_word' id='word_1_15' title='bbox 1391 357 1542 409; x_wconf 86' lang='lat' dir='ltr'><strong>haud</strong></span> <span class='ocrx_word' id='word_1_16' title='bbox 1578 369 1766 412; x_wconf 89' lang='lat' dir='ltr'><strong>conte-</strong></span> 
     </span>
     <span class='ocr_line' id='line_1_4' title="bbox 231 430 1766 506; baseline -0.009 -10"><span class='ocrx_word' id='word_1_17' title='bbox 231 443 499 496; x_wconf 82' lang='lat' dir='ltr'><strong>mnendis,</strong></span> <span class='ocrx_word' id='word_1_18' title='bbox 558 441 742 492; x_wconf 87' lang='lat' dir='ltr'><strong>Primo</strong></span> <span class='ocrx_word' id='word_1_19' title='bbox 770 436 994 506; x_wconf 92' lang='lat' dir='ltr'><strong>quidem</strong></span> <span class='ocrx_word' id='word_1_20' title='bbox 1013 430 1225 483; x_wconf 88' lang='lat' dir='ltr'><strong>schedis</strong></span> <span class='ocrx_word' id='word_1_21' title='bbox 1247 435 1318 482; x_wconf 87' lang='lat' dir='ltr'><strong>Io.</strong></span> <span class='ocrx_word' id='word_1_22' title='bbox 1338 433 1629 496; x_wconf 81' lang='lat' dir='ltr'><strong>Schraderi,</strong></span> <span class='ocrx_word' id='word_1_23' title='bbox 1667 431 1766 482; x_wconf 88' lang='lat' dir='ltr'><strong>viri</strong></span> 
     </span>
     <span class='ocr_line' id='line_1_5' title="bbox 235 501 1767 577; baseline -0.009 -10"><span class='ocrx_word' id='word_1_24' title='bbox 235 512 554 577; x_wconf 81' lang='lat' dir='ltr'><strong>doctissimi,</strong></span> <span class='ocrx_word' id='word_1_25' title='bbox 601 511 750 561; x_wconf 91' lang='lat' dir='ltr'><strong>cuius</strong></span> <span class='ocrx_word' id='word_1_26' title='bbox 781 505 973 557; x_wconf 76' lang='lat' dir='ltr'><strong>subtile</strong></span> <span class='ocrx_word' id='word_1_27' title='bbox 1008 505 1064 554; x_wconf 92' lang='lat' dir='ltr'><strong>in</strong></span> <span class='ocrx_word' id='word_1_28' title='bbox 1101 519 1163 553; x_wconf 92' lang='lat' dir='ltr'><strong>re</strong></span> <span class='ocrx_word' id='word_1_29' title='bbox 1194 501 1372 552; x_wconf 90' lang='lat' dir='ltr'><strong>critica</strong></span> <span class='ocrx_word' id='word_1_30' title='bbox 1399 501 1681 567; x_wconf 83' lang='lat' dir='ltr'><strong>ingenium</strong></span> <span class='ocrx_word' id='word_1_31' title='bbox 1703 519 1767 553; x_wconf 84' lang='lat' dir='ltr'><strong>ex</strong></span> 
     </span>
     <span class='ocr_line' id='line_1_6' title="bbox 231 571 1766 640; baseline -0.01 -1"><span class='ocrx_word' id='word_1_32' title='bbox 231 581 716 639; x_wconf 90' lang='lat' dir='ltr'><strong>Emendationibus</strong></span> <span class='ocrx_word' id='word_1_33' title='bbox 748 580 804 629; x_wconf 91' lang='lat' dir='ltr'><strong>in</strong></span> <span class='ocrx_word' id='word_1_34' title='bbox 833 577 1015 628; x_wconf 89' lang='lat' dir='ltr'><strong>lucem</strong></span> <span class='ocrx_word' id='word_1_35' title='bbox 1041 573 1197 624; x_wconf 89' lang='lat' dir='ltr'><strong>editis</strong></span> <span class='ocrx_word' id='word_1_36' title='bbox 1223 580 1574 640; x_wconf 89' lang='lat' dir='ltr'><strong>perspectum</strong></span> <span class='ocrx_word' id='word_1_37' title='bbox 1594 571 1766 624; x_wconf 88' lang='lat' dir='ltr'><strong>habe-</strong></span> 
     </span>
     <span class='ocr_line' id='line_1_7' title="bbox 232 643 1767 712; baseline -0.006 -8"><span class='ocrx_word' id='word_1_38' title='bbox 232 658 375 708; x_wconf 88' lang='lat' dir='ltr'><strong>bam.</strong></span> <span class='ocrx_word' id='word_1_39' title='bbox 443 651 678 704; x_wconf 90' lang='lat' dir='ltr'><strong>Schedas</strong></span> <span class='ocrx_word' id='word_1_40' title='bbox 699 650 810 700; x_wconf 91' lang='lat' dir='ltr'><strong>eius</strong></span> <span class='ocrx_word' id='word_1_41' title='bbox 830 648 885 698; x_wconf 91' lang='lat' dir='ltr'><strong>in</strong></span> <span class='ocrx_word' id='word_1_42' title='bbox 902 644 1200 711; x_wconf 85' lang='lat' dir='ltr'><strong>Virgilium,</strong></span> <span class='ocrx_word' id='word_1_43' title='bbox 1236 644 1292 693; x_wconf 91' lang='lat' dir='ltr'><strong>in</strong></span> <span class='ocrx_word' id='word_1_44' title='bbox 1315 643 1565 694; x_wconf 86' lang='lat' dir='ltr'><strong>auctione</strong></span> <span class='ocrx_word' id='word_1_45' title='bbox 1584 643 1767 712; x_wconf 92' lang='lat' dir='ltr'><strong>supel-</strong></span> 
     </span>
     <span class='ocr_line' id='line_1_8' title="bbox 233 712 1766 782; baseline -0.008 -4"><span class='ocrx_word' id='word_1_46' title='bbox 233 726 421 779; x_wconf 91' lang='lat' dir='ltr'><strong>lectilis</strong></span> <span class='ocrx_word' id='word_1_47' title='bbox 440 724 684 774; x_wconf 85' lang='lat' dir='ltr'><strong>librariae</strong></span> <span class='ocrx_word' id='word_1_48' title='bbox 708 726 1004 770; x_wconf 83' lang='lat' dir='ltr'><strong>veneuntes</strong></span> <span class='ocrx_word' id='word_1_49' title='bbox 1027 732 1151 766; x_wconf 91' lang='lat' dir='ltr'><strong>cum</strong></span> <span class='ocrx_word' id='word_1_50' title='bbox 1170 714 1277 764; x_wconf 91' lang='lat' dir='ltr'><strong>suis</strong></span> <span class='ocrx_word' id='word_1_51' title='bbox 1301 713 1468 782; x_wconf 92' lang='lat' dir='ltr'><strong>copiis</strong></span> <span class='ocrx_word' id='word_1_52' title='bbox 1489 712 1650 765; x_wconf 92' lang='lat' dir='ltr'><strong>huius</strong></span> <span class='ocrx_word' id='word_1_53' title='bbox 1670 730 1766 781; x_wconf 91' lang='lat' dir='ltr'><strong>ge-</strong></span> 
     </span>
     <span class='ocr_line' id='line_1_9' title="bbox 235 784 1765 860; baseline -0.007 -12"><span class='ocrx_word' id='word_1_54' title='bbox 235 798 378 849; x_wconf 90' lang='lat' dir='ltr'><strong>neris</strong></span> <span class='ocrx_word' id='word_1_55' title='bbox 400 793 600 845; x_wconf 88' lang='lat' dir='ltr'><strong>inferre</strong></span> <span class='ocrx_word' id='word_1_56' title='bbox 623 799 831 860; x_wconf 88' lang='lat' dir='ltr'><strong>posset,</strong></span> <span class='ocrx_word' id='word_1_57' title='bbox 863 787 1052 838; x_wconf 91' lang='lat' dir='ltr'><strong>maluit</strong></span> <span class='ocrx_word' id='word_1_58' title='bbox 1077 784 1264 836; x_wconf 68' lang='lat' dir='ltr'><strong>‘usibus</strong></span> <span class='ocrx_word' id='word_1_59' title='bbox 1288 785 1426 854; x_wconf 87' lang='lat' dir='ltr'><strong>meis</strong></span> <span class='ocrx_word' id='word_1_60' title='bbox 1446 786 1765 853; x_wconf 85' lang='lat' dir='ltr'><strong>permittere</strong></span> 
     </span>
     <span class='ocr_line' id='line_1_10' title="bbox 235 857 1765 924; baseline -0.007 -6"><span class='ocrx_word' id='word_1_61' title='bbox 235 869 315 918; x_wconf 88' lang='lat' dir='ltr'><strong>vir</strong></span> <span class='ocrx_word' id='word_1_62' title='bbox 336 864 750 917; x_wconf 89' lang='lat' dir='ltr'><strong>humanissimus</strong></span> <span class='ocrx_word' id='word_1_63' title='bbox 783 869 837 910; x_wconf 92' lang='lat' dir='ltr'><strong>et</strong></span> <span class='ocrx_word' id='word_1_64' title='bbox 857 857 1235 922; x_wconf 77' lang='lat' dir='ltr'><strong>amicissimus,</strong></span> <span class='ocrx_word' id='word_1_65' title='bbox 1271 861 1423 908; x_wconf 82' lang='lat' dir='ltr'><strong>Laur.</strong></span> <span class='ocrx_word' id='word_1_66' title='bbox 1445 876 1542 908; x_wconf 76' lang='lat' dir='ltr'><strong>van</strong></span> <span class='ocrx_word' id='word_1_67' title='bbox 1563 861 1765 924; x_wconf 78' lang='lat' dir='ltr'><strong>Samen,</strong></span> 
     </span>
     <span class='ocr_line' id='line_1_11' title="bbox 235 927 1766 999; baseline -0.008 -8"><span class='ocrx_word' id='word_1_68' title='bbox 235 942 273 990; x_wconf 94' lang='grc' dir='ltr'><strong>Ι.</strong></span> <span class='ocrx_word' id='word_1_69' title='bbox 305 941 367 990; x_wconf 90' lang='lat' dir='ltr'><strong>V.</strong></span> <span class='ocrx_word' id='word_1_70' title='bbox 404 939 495 998; x_wconf 88' lang='lat' dir='ltr'><strong>D.;</strong></span> <span class='ocrx_word' id='word_1_71' title='bbox 541 951 627 985; x_wconf 92' lang='lat' dir='ltr'><strong>eas</strong></span> <span class='ocrx_word' id='word_1_72' title='bbox 659 934 840 999; x_wconf 86' lang='lat' dir='ltr'><strong>itaque</strong></span> <span class='ocrx_word' id='word_1_73' title='bbox 869 930 924 979; x_wconf 92' lang='lat' dir='ltr'><strong>in</strong></span> <span class='ocrx_word' id='word_1_74' title='bbox 955 927 1293 978; x_wconf 87' lang='lat' dir='ltr'><strong>Bibliotheca</strong></span> <span class='ocrx_word' id='word_1_75' title='bbox 1333 936 1518 978; x_wconf 89' lang='lat' dir='ltr'><strong>nostra</strong></span> <span class='ocrx_word' id='word_1_76' title='bbox 1556 927 1766 979; x_wconf 86' lang='lat' dir='ltr'><strong>Acade-</strong></span> 
     </span>
     <span class='ocr_line' id='line_1_12' title="bbox 234 998 1764 1074; baseline -0.006 -15"><span class='ocrx_word' id='word_1_77' title='bbox 234 1009 374 1059; x_wconf 90' lang='lat' dir='ltr'><strong>mica</strong></span> <span class='ocrx_word' id='word_1_78' title='bbox 396 1005 627 1074; x_wconf 86' lang='lat' dir='ltr'><strong>reposui.</strong></span> <span class='ocrx_word' id='word_1_79' title='bbox 691 1004 932 1069; x_wconf 85' lang='lat' dir='ltr'><strong>Operam</strong></span> <span class='ocrx_word' id='word_1_80' title='bbox 951 998 1320 1049; x_wconf 86' lang='lat' dir='ltr'><strong>adhibendam</strong></span> <span class='ocrx_word' id='word_1_81' title='bbox 1341 1015 1458 1049; x_wconf 88' lang='lat' dir='ltr'><strong>esse</strong></span> <span class='ocrx_word' id='word_1_82' title='bbox 1477 998 1588 1049; x_wconf 89' lang='lat' dir='ltr'><strong>vidi</strong></span> <span class='ocrx_word' id='word_1_83' title='bbox 1606 998 1764 1051; x_wconf 88' lang='lat' dir='ltr'><strong>valde</strong></span> 
     </span>
     <span class='ocr_line' id='line_1_13' title="bbox 233 1069 1765 1139; baseline -0.005 -10"><span class='ocrx_word' id='word_1_84' title='bbox 233 1078 519 1129; x_wconf 89' lang='lat' dir='ltr'><strong>molestam</strong></span> <span class='ocrx_word' id='word_1_85' title='bbox 542 1092 599 1126; x_wconf 89' lang='lat' dir='ltr'><strong>ac</strong></span> <span class='ocrx_word' id='word_1_86' title='bbox 621 1071 899 1124; x_wconf 88' lang='lat' dir='ltr'><strong>difficilem</strong></span> <span class='ocrx_word' id='word_1_87' title='bbox 923 1069 1238 1121; x_wconf 83' lang='lat' dir='ltr'><strong>extricandis</strong></span> <span class='ocrx_word' id='word_1_88' title='bbox 1258 1070 1586 1135; x_wconf 76' lang='lat' dir='ltr'><strong>innumeri5‚</strong></span> <span class='ocrx_word' id='word_1_89' title='bbox 1624 1087 1765 1139; x_wconf 89' lang='lat' dir='ltr'><strong>quae</strong></span> 
     </span>
     <span class='ocr_line' id='line_1_14' title="bbox 235 1140 1765 1208; baseline -0.005 -8"><span class='ocrx_word' id='word_1_90' title='bbox 235 1151 291 1200; x_wconf 92' lang='lat' dir='ltr'><strong>in</strong></span> <span class='ocrx_word' id='word_1_91' title='bbox 311 1148 548 1199; x_wconf 85' lang='lat' dir='ltr'><strong>chartam</strong></span> <span class='ocrx_word' id='word_1_92' title='bbox 569 1145 882 1208; x_wconf 89' lang='lat' dir='ltr'><strong>coniecerat,</strong></span> <span class='ocrx_word' id='word_1_93' title='bbox 906 1140 1080 1191; x_wconf 90' lang='lat' dir='ltr'><strong>modo</strong></span> <span class='ocrx_word' id='word_1_94' title='bbox 1101 1141 1405 1191; x_wconf 91' lang='lat' dir='ltr'><strong>memoriae</strong></span> <span class='ocrx_word' id='word_1_95' title='bbox 1426 1157 1621 1206; x_wconf 89' lang='lat' dir='ltr'><strong>caussa,</strong></span> <span class='ocrx_word' id='word_1_96' title='bbox 1640 1157 1765 1192; x_wconf 90' lang='lat' dir='ltr'><strong>mo-</strong></span> 
     </span>
     <span class='ocr_line' id='line_1_15' title="bbox 239 1211 1766 1280; baseline -0.005 -10"><span class='ocrx_word' id='word_1_97' title='bbox 239 1220 311 1270; x_wconf 95' lang='lat' dir='ltr'><strong>do</strong></span> <span class='ocrx_word' id='word_1_98' title='bbox 338 1228 399 1269; x_wconf 93' lang='lat' dir='ltr'><strong>ut</strong></span> <span class='ocrx_word' id='word_1_99' title='bbox 425 1218 566 1268; x_wconf 90' lang='lat' dir='ltr'><strong>varia</strong></span> <span class='ocrx_word' id='word_1_100' title='bbox 600 1223 855 1278; x_wconf 86' lang='lat' dir='ltr'><strong>tentaret,</strong></span> <span class='ocrx_word' id='word_1_101' title='bbox 905 1211 1127 1263; x_wconf 87' lang='lat' dir='ltr'><strong>diversis</strong></span> <span class='ocrx_word' id='word_1_102' title='bbox 1170 1211 1397 1280; x_wconf 91' lang='lat' dir='ltr'><strong>quidem</strong></span> <span class='ocrx_word' id='word_1_103' title='bbox 1423 1213 1766 1280; x_wconf 88' lang='lat' dir='ltr'><strong>temporibus</strong></span> 
     </span>
     <span class='ocr_line' id='line_1_16' title="bbox 235 1282 1766 1357; baseline -0.004 -17"><span class='ocrx_word' id='word_1_104' title='bbox 235 1289 582 1357; x_wconf 86' lang='lat' dir='ltr'><strong>repetitisque</strong></span> <span class='ocrx_word' id='word_1_105' title='bbox 600 1285 824 1349; x_wconf 82' lang='lat' dir='ltr'><strong>vicibuS,</strong></span> <span class='ocrx_word' id='word_1_106' title='bbox 861 1292 922 1333; x_wconf 90' lang='lat' dir='ltr'><strong>ut</strong></span> <span class='ocrx_word' id='word_1_107' title='bbox 943 1283 1282 1351; x_wconf 85' lang='lat' dir='ltr'><strong>exquirerem</strong></span> <span class='ocrx_word' id='word_1_108' title='bbox 1304 1299 1363 1333; x_wconf 92' lang='lat' dir='ltr'><strong>ac</strong></span> <span class='ocrx_word' id='word_1_109' title='bbox 1382 1282 1671 1349; x_wconf 88' lang='lat' dir='ltr'><strong>seligerem</strong></span> <span class='ocrx_word' id='word_1_110' title='bbox 1692 1283 1766 1349; x_wconf 89' lang='lat' dir='ltr'><strong>id,</strong></span> 
     </span>
     <span class='ocr_line' id='line_1_17' title="bbox 238 1352 1766 1429; baseline -0.004 -18"><span class='ocrx_word' id='word_1_111' title='bbox 238 1359 389 1429; x_wconf 93' lang='lat' dir='ltr'><strong>quod</strong></span> <span class='ocrx_word' id='word_1_112' title='bbox 420 1359 499 1409; x_wconf 85' lang='lat' dir='ltr'><strong>vir</strong></span> <span class='ocrx_word' id='word_1_113' title='bbox 530 1357 866 1408; x_wconf 89' lang='lat' dir='ltr'><strong>doctissimus</strong></span> <span class='ocrx_word' id='word_1_114' title='bbox 901 1354 1229 1421; x_wconf 84' lang='lat' dir='ltr'><strong>probaturus</strong></span> <span class='ocrx_word' id='word_1_115' title='bbox 1261 1352 1450 1404; x_wconf 88' lang='lat' dir='ltr'><strong>fuisset</strong></span> <span class='ocrx_word' id='word_1_116' title='bbox 1479 1354 1595 1421; x_wconf 91' lang='lat' dir='ltr'><strong>ipse</strong></span> <span class='ocrx_word' id='word_1_117' title='bbox 1626 1364 1681 1406; x_wconf 92' lang='lat' dir='ltr'><strong>et</strong></span> <span class='ocrx_word' id='word_1_118' title='bbox 1709 1356 1766 1405; x_wconf 92' lang='lat' dir='ltr'><strong>in</strong></span> 
     </span>
     <span class='ocr_line' id='line_1_18' title="bbox 235 1424 1766 1497; baseline -0.003 -16"><span class='ocrx_word' id='word_1_119' title='bbox 235 1431 413 1481; x_wconf 93' lang='lat' dir='ltr'><strong>lucem</strong></span> <span class='ocrx_word' id='word_1_120' title='bbox 432 1428 764 1497; x_wconf 88' lang='lat' dir='ltr'><strong>proditurus:</strong></span> <span class='ocrx_word' id='word_1_121' title='bbox 802 1425 1024 1476; x_wconf 91' lang='lat' dir='ltr'><strong>iniurius</strong></span> <span class='ocrx_word' id='word_1_122' title='bbox 1048 1425 1197 1475; x_wconf 91' lang='lat' dir='ltr'><strong>enim</strong></span> <span class='ocrx_word' id='word_1_123' title='bbox 1217 1434 1358 1475; x_wconf 90' lang='lat' dir='ltr'><strong>esset</strong></span> <span class='ocrx_word' id='word_1_124' title='bbox 1378 1424 1434 1474; x_wconf 89' lang='lat' dir='ltr'><strong>in</strong></span> <span class='ocrx_word' id='word_1_125' title='bbox 1454 1428 1644 1476; x_wconf 90' lang='lat' dir='ltr'><strong>Manes</strong></span> <span class='ocrx_word' id='word_1_126' title='bbox 1667 1426 1766 1477; x_wconf 87' lang='lat' dir='ltr'><strong>viri</strong></span> 
     </span>
     <span class='ocr_line' id='line_1_19' title="bbox 237 1495 1766 1567; baseline -0.002 -16"><span class='ocrx_word' id='word_1_127' title='bbox 237 1500 404 1564; x_wconf 82' lang='lat' dir='ltr'><strong>docti,</strong></span> <span class='ocrx_word' id='word_1_128' title='bbox 455 1500 547 1567; x_wconf 92' lang='lat' dir='ltr'><strong>qui</strong></span> <span class='ocrx_word' id='word_1_129' title='bbox 580 1499 760 1548; x_wconf 90' lang='lat' dir='ltr'><strong>omnia</strong></span> <span class='ocrx_word' id='word_1_130' title='bbox 793 1498 906 1548; x_wconf 93' lang='lat' dir='ltr'><strong>eius</strong></span> <span class='ocrx_word' id='word_1_131' title='bbox 931 1495 1188 1546; x_wconf 86' lang='lat' dir='ltr'><strong>meditata</strong></span> <span class='ocrx_word' id='word_1_132' title='bbox 1221 1495 1440 1562; x_wconf 85' lang='lat' dir='ltr'><strong>vulgare</strong></span> <span class='ocrx_word' id='word_1_133' title='bbox 1467 1511 1530 1546; x_wconf 85' lang='lat' dir='ltr'><strong>ex</strong></span> <span class='ocrx_word' id='word_1_134' title='bbox 1551 1496 1766 1548; x_wconf 90' lang='lat' dir='ltr'><strong>schedis</strong></span> 
     </span>
     <span class='ocr_line' id='line_1_20' title="bbox 236 1566 1767 1639; baseline -0.001 -19"><span class='ocrx_word' id='word_1_135' title='bbox 236 1571 498 1639; x_wconf 84' lang='lat' dir='ltr'><strong>postumis</strong></span> <span class='ocrx_word' id='word_1_136' title='bbox 527 1568 701 1620; x_wconf 88' lang='lat' dir='ltr'><strong>vellet.</strong></span> <span class='ocrx_word' id='word_1_137' title='bbox 773 1567 1015 1634; x_wconf 90' lang='lat' dir='ltr'><strong>Apposui</strong></span> <span class='ocrx_word' id='word_1_138' title='bbox 1043 1567 1203 1632; x_wconf 90' lang='lat' dir='ltr'><strong>igitur</strong></span> <span class='ocrx_word' id='word_1_139' title='bbox 1222 1566 1334 1632; x_wconf 82' lang='lat' dir='ltr'><strong>illa,</strong></span> <span class='ocrx_word' id='word_1_140' title='bbox 1379 1566 1436 1616; x_wconf 92' lang='lat' dir='ltr'><strong>in</strong></span> <span class='ocrx_word' id='word_1_141' title='bbox 1465 1567 1663 1635; x_wconf 91' lang='lat' dir='ltr'><strong>quibus</strong></span> <span class='ocrx_word' id='word_1_142' title='bbox 1682 1569 1767 1618; x_wconf 90' lang='lat' dir='ltr'><strong>in-</strong></span> 
     </span>
     <span class='ocr_line' id='line_1_21' title="bbox 236 1637 1766 1707; baseline -0.001 -16"><span class='ocrx_word' id='word_1_143' title='bbox 236 1641 378 1707; x_wconf 90' lang='lat' dir='ltr'><strong>genii</strong></span> <span class='ocrx_word' id='word_1_144' title='bbox 411 1657 638 1690; x_wconf 89' lang='lat' dir='ltr'><strong>acumen</strong></span> <span class='ocrx_word' id='word_1_145' title='bbox 662 1648 715 1689; x_wconf 91' lang='lat' dir='ltr'><strong>et</strong></span> <span class='ocrx_word' id='word_1_146' title='bbox 736 1638 980 1705; x_wconf 88' lang='lat' dir='ltr'><strong>poeticae</strong></span> <span class='ocrx_word' id='word_1_147' title='bbox 1011 1637 1303 1703; x_wconf 86' lang='lat' dir='ltr'><strong>elegantiae</strong></span> <span class='ocrx_word' id='word_1_148' title='bbox 1324 1653 1547 1688; x_wconf 92' lang='lat' dir='ltr'><strong>sensum</strong></span> <span class='ocrx_word' id='word_1_149' title='bbox 1568 1638 1766 1707; x_wconf 90' lang='lat' dir='ltr'><strong>depre-</strong></span> 
     </span>
     <span class='ocr_line' id='line_1_22' title="bbox 238 1707 1765 1777; baseline 0 -16"><span class='ocrx_word' id='word_1_150' title='bbox 238 1710 483 1761; x_wconf 88' lang='lat' dir='ltr'><strong>hendere</strong></span> <span class='ocrx_word' id='word_1_151' title='bbox 519 1709 654 1760; x_wconf 91' lang='lat' dir='ltr'><strong>mihi</strong></span> <span class='ocrx_word' id='word_1_152' title='bbox 687 1709 925 1774; x_wconf 83' lang='lat' dir='ltr'><strong>viderer,</strong></span> <span class='ocrx_word' id='word_1_153' title='bbox 975 1726 1046 1759; x_wconf 91' lang='lat' dir='ltr'><strong>ne</strong></span> <span class='ocrx_word' id='word_1_154' title='bbox 1078 1709 1236 1777; x_wconf 83' lang='lat' dir='ltr'><strong>quid,</strong></span> <span class='ocrx_word' id='word_1_155' title='bbox 1295 1707 1449 1777; x_wconf 92' lang='lat' dir='ltr'><strong>quod</strong></span> <span class='ocrx_word' id='word_1_156' title='bbox 1494 1708 1765 1761; x_wconf 88' lang='lat' dir='ltr'><strong>delectare</strong></span> 
     </span>
     <span class='ocr_line' id='line_1_23' title="bbox 238 1779 1765 1850; baseline 0 -19"><span class='ocrx_word' id='word_1_157' title='bbox 238 1790 442 1850; x_wconf 82' lang='lat' dir='ltr'><strong>posset,</strong></span> <span class='ocrx_word' id='word_1_158' title='bbox 490 1780 695 1831; x_wconf 88' lang='lat' dir='ltr'><strong>arbitris</strong></span> <span class='ocrx_word' id='word_1_159' title='bbox 732 1779 927 1829; x_wconf 89' lang='lat' dir='ltr'><strong>harum</strong></span> <span class='ocrx_word' id='word_1_160' title='bbox 965 1797 1152 1830; x_wconf 89' lang='lat' dir='ltr'><strong>rerum</strong></span> <span class='ocrx_word' id='word_1_161' title='bbox 1199 1779 1528 1845; x_wconf 89' lang='lat' dir='ltr'><strong>inviderem,</strong></span> <span class='ocrx_word' id='word_1_162' title='bbox 1574 1781 1765 1832; x_wconf 90' lang='lat' dir='ltr'><strong>necin</strong></span> 
     </span>
     <span class='ocr_line' id='line_1_24' title="bbox 241 1850 1766 1920; baseline 0 -18"><span class='ocrx_word' id='word_1_163' title='bbox 241 1868 447 1902; x_wconf 89' lang='lat' dir='ltr'><strong>cassum</strong></span> <span class='ocrx_word' id='word_1_164' title='bbox 479 1860 561 1901; x_wconf 87' lang='lat' dir='ltr'><strong>tot</strong></span> <span class='ocrx_word' id='word_1_165' title='bbox 587 1851 685 1901; x_wconf 87' lang='lat' dir='ltr'><strong>viri</strong></span> <span class='ocrx_word' id='word_1_166' title='bbox 709 1850 852 1900; x_wconf 91' lang='lat' dir='ltr'><strong>docti</strong></span> <span class='ocrx_word' id='word_1_167' title='bbox 884 1860 1105 1901; x_wconf 90' lang='lat' dir='ltr'><strong>conatus</strong></span> <span class='ocrx_word' id='word_1_168' title='bbox 1128 1851 1328 1917; x_wconf 89' lang='lat' dir='ltr'><strong>ingenii</strong></span> <span class='ocrx_word' id='word_1_169' title='bbox 1344 1850 1592 1902; x_wconf 91' lang='lat' dir='ltr'><strong>recidere</strong></span> <span class='ocrx_word' id='word_1_170' title='bbox 1613 1860 1766 1920; x_wconf 88' lang='lat' dir='ltr'><strong>pate-</strong></span> 
     </span>
     <span class='ocr_line' id='line_1_25' title="bbox 238 1919 1766 1989; baseline 0.001 -18"><span class='ocrx_word' id='word_1_171' title='bbox 238 1939 340 1974; x_wconf 91' lang='lat' dir='ltr'><strong>rer.</strong></span> <span class='ocrx_word' id='word_1_172' title='bbox 386 1921 514 1986; x_wconf 85' lang='lat' dir='ltr'><strong>Alia,</strong></span> <span class='ocrx_word' id='word_1_173' title='bbox 552 1938 689 1989; x_wconf 84' lang='lat' dir='ltr'><strong>quae</strong></span> <span class='ocrx_word' id='word_1_174' title='bbox 712 1919 906 1971; x_wconf 85' lang='lat' dir='ltr'><strong>frustra</strong></span> <span class='ocrx_word' id='word_1_175' title='bbox 925 1931 1126 1972; x_wconf 88' lang='lat' dir='ltr'><strong>tentata</strong></span> <span class='ocrx_word' id='word_1_176' title='bbox 1151 1939 1266 1973; x_wconf 90' lang='lat' dir='ltr'><strong>esse</strong></span> <span class='ocrx_word' id='word_1_177' title='bbox 1285 1922 1548 1987; x_wconf 87' lang='lat' dir='ltr'><strong>viderem,</strong></span> <span class='ocrx_word' id='word_1_178' title='bbox 1573 1922 1766 1973; x_wconf 90' lang='lat' dir='ltr'><strong>saltem</strong></span> 
     </span>
     <span class='ocr_line' id='line_1_26' title="bbox 238 1991 1765 2060; baseline 0.002 -19"><span class='ocrx_word' id='word_1_179' title='bbox 238 1992 520 2042; x_wconf 89' lang='lat' dir='ltr'><strong>utilitatem</strong></span> <span class='ocrx_word' id='word_1_180' title='bbox 560 1991 695 2041; x_wconf 86' lang='lat' dir='ltr'><strong>mihi</strong></span> <span class='ocrx_word' id='word_1_181' title='bbox 739 1993 1119 2059; x_wconf 88' lang='lat' dir='ltr'><strong>praestiterunt</strong></span> <span class='ocrx_word' id='word_1_182' title='bbox 1165 1993 1332 2060; x_wconf 85' lang='lat' dir='ltr'><strong>hane,</strong></span> <span class='ocrx_word' id='word_1_183' title='bbox 1387 2003 1450 2046; x_wconf 87' lang='lat' dir='ltr'><strong>ut</strong></span> <span class='ocrx_word' id='word_1_184' title='bbox 1486 1993 1765 2045; x_wconf 89' lang='lat' dir='ltr'><strong>interdum</strong></span> 
     </span>
     <span class='ocr_line' id='line_1_27' title="bbox 238 2062 1765 2131; baseline 0.003 -20"><span class='ocrx_word' id='word_1_185' title='bbox 238 2062 532 2128; x_wconf 82' lang='lat' dir='ltr'><strong>vulgatam,</strong></span> <span class='ocrx_word' id='word_1_186' title='bbox 566 2062 737 2112; x_wconf 94' lang='lat' dir='ltr'><strong>modo</strong></span> <span class='ocrx_word' id='word_1_187' title='bbox 757 2063 1198 2131; x_wconf 87' lang='lat' dir='ltr'><strong>interpretatione</strong></span> <span class='ocrx_word' id='word_1_188' title='bbox 1221 2064 1451 2130; x_wconf 86' lang='lat' dir='ltr'><strong>adiecta,</strong></span> <span class='ocrx_word' id='word_1_189' title='bbox 1490 2082 1616 2116; x_wconf 88' lang='lat' dir='ltr'><strong>cum</strong></span> <span class='ocrx_word' id='word_1_190' title='bbox 1644 2082 1765 2116; x_wconf 89' lang='lat' dir='ltr'><strong>eam</strong></span> 
     </span>
     <span class='ocr_line' id='line_1_28' title="bbox 241 2132 1764 2201; baseline 0.002 -19"><span class='ocrx_word' id='word_1_191' title='bbox 241 2150 269 2182; x_wconf 94' lang='lat' dir='ltr'><strong>a</strong></span> <span class='ocrx_word' id='word_1_192' title='bbox 294 2132 455 2182; x_wconf 92' lang='lat' dir='ltr'><strong>docto</strong></span> <span class='ocrx_word' id='word_1_193' title='bbox 489 2149 709 2201; x_wconf 91' lang='lat' dir='ltr'><strong>quoque</strong></span> <span class='ocrx_word' id='word_1_194' title='bbox 738 2135 852 2184; x_wconf 83' lang='lat' dir='ltr'><strong>viro</strong></span> <span class='ocrx_word' id='word_1_195' title='bbox 885 2134 1027 2185; x_wconf 89' lang='lat' dir='ltr'><strong>male</strong></span> <span class='ocrx_word' id='word_1_196' title='bbox 1048 2135 1380 2188; x_wconf 89' lang='lat' dir='ltr'><strong>intellectam</strong></span> <span class='ocrx_word' id='word_1_197' title='bbox 1402 2136 1665 2201; x_wconf 86' lang='lat' dir='ltr'><strong>viderem,</strong></span> <span class='ocrx_word' id='word_1_198' title='bbox 1702 2135 1764 2185; x_wconf 91' lang='lat' dir='ltr'><strong>il-</strong></span> 
     </span>
     <span class='ocr_line' id='line_1_29' title="bbox 240 2202 1765 2275; baseline 0.003 -23"><span class='ocrx_word' id='word_1_199' title='bbox 240 2202 568 2253; x_wconf 87' lang='lat' dir='ltr'><strong>lustrandam</strong></span> <span class='ocrx_word' id='word_1_200' title='bbox 584 2243 597 2267; x_wconf 82' lang='lat'>,</span> <span class='ocrx_word' id='word_1_201' title='bbox 631 2204 803 2255; x_wconf 93' lang='lat' dir='ltr'><strong>modo</strong></span> <span class='ocrx_word' id='word_1_202' title='bbox 827 2222 929 2255; x_wconf 92' lang='lat' dir='ltr'><strong>usu</strong></span> <span class='ocrx_word' id='word_1_203' title='bbox 947 2208 1162 2273; x_wconf 88' lang='lat' dir='ltr'><strong>poetico</strong></span> <span class='ocrx_word' id='word_1_204' title='bbox 1183 2208 1414 2275; x_wconf 88' lang='lat' dir='ltr'><strong>probato</strong></span> <span class='ocrx_word' id='word_1_205' title='bbox 1437 2206 1765 2258; x_wconf 89' lang='lat' dir='ltr'><strong>firmandam</strong></span> 
     </span>
     <span class='ocr_line' id='line_1_30' title="bbox 241 2273 1764 2346; baseline 0.004 -25"><span class='ocrx_word' id='word_1_206' title='bbox 241 2289 355 2323; x_wconf 89' lang='lat' dir='ltr'><strong>esse</strong></span> <span class='ocrx_word' id='word_1_207' title='bbox 389 2273 758 2339; x_wconf 88' lang='lat' dir='ltr'><strong>intelligerem.</strong></span> <span class='ocrx_word' id='word_1_208' title='bbox 837 2275 1009 2326; x_wconf 90' lang='lat' dir='ltr'><strong>Aliam</strong></span> <span class='ocrx_word' id='word_1_209' title='bbox 1049 2278 1355 2342; x_wconf 90' lang='lat' dir='ltr'><strong>symbolam</strong></span> <span class='ocrx_word' id='word_1_210' title='bbox 1393 2288 1546 2346; x_wconf 88' lang='lat' dir='ltr'><strong>grato</strong></span> <span class='ocrx_word' id='word_1_211' title='bbox 1582 2279 1764 2328; x_wconf 91' lang='lat' dir='ltr'><strong>animo</strong></span> 
     </span>
     <span class='ocr_line' id='line_1_31' title="bbox 241 2344 1766 2419; baseline 0.005 -27"><span class='ocrx_word' id='word_1_212' title='bbox 241 2344 419 2410; x_wconf 92' lang='lat' dir='ltr'><strong>accepi</strong></span> <span class='ocrx_word' id='word_1_213' title='bbox 442 2361 467 2393; x_wconf 91' lang='lat' dir='ltr'><strong>a</strong></span> <span class='ocrx_word' id='word_1_214' title='bbox 490 2345 618 2396; x_wconf 92' lang='lat' dir='ltr'><strong>Viro</strong></span> <span class='ocrx_word' id='word_1_215' title='bbox 652 2345 960 2397; x_wconf 90' lang='lat' dir='ltr'><strong>doctissimo</strong></span> <span class='ocrx_word' id='word_1_216' title='bbox 994 2352 1177 2399; x_wconf 85' lang='lat' dir='ltr'><strong>Iacobo</strong></span> <span class='ocrx_word' id='word_1_217' title='bbox 1198 2354 1414 2416; x_wconf 74' lang='lat' dir='ltr'><strong>Bryant,</strong></span> <span class='ocrx_word' id='word_1_218' title='bbox 1453 2350 1547 2419; x_wconf 88' lang='lat' dir='ltr'><strong>qui</strong></span> <span class='ocrx_word' id='word_1_219' title='bbox 1570 2349 1766 2400; x_wconf 89' lang='lat' dir='ltr'><strong>huma-</strong></span> 
     </span>
     <span class='ocr_line' id='line_1_32' title="bbox 239 2413 1766 2488; baseline 0.006 -27"><span class='ocrx_word' id='word_1_220' title='bbox 239 2413 402 2462; x_wconf 91' lang='lat' dir='ltr'><strong>nitate</strong></span> <span class='ocrx_word' id='word_1_221' title='bbox 436 2423 488 2464; x_wconf 92' lang='lat' dir='ltr'><strong>et</strong></span> <span class='ocrx_word' id='word_1_222' title='bbox 507 2431 690 2465; x_wconf 87' lang='lat' dir='ltr'><strong>amore</strong></span> <span class='ocrx_word' id='word_1_223' title='bbox 708 2433 806 2466; x_wconf 93' lang='lat' dir='ltr'><strong>suo</strong></span> <span class='ocrx_word' id='word_1_224' title='bbox 829 2417 895 2467; x_wconf 87' lang='lat' dir='ltr'><strong>ad</strong></span> <span class='ocrx_word' id='word_1_225' title='bbox 917 2435 1082 2469; x_wconf 91' lang='lat' dir='ltr'><strong>omne</strong></span> <span class='ocrx_word' id='word_1_226' title='bbox 1108 2418 1276 2470; x_wconf 84' lang='lat' dir='ltr'><strong>officii</strong></span> <span class='ocrx_word' id='word_1_227' title='bbox 1305 2437 1478 2487; x_wconf 89' lang='lat' dir='ltr'><strong>genus</strong></span> <span class='ocrx_word' id='word_1_228' title='bbox 1499 2436 1766 2488; x_wconf 88' lang='lat' dir='ltr'><strong>provoca—</strong></span> 
     </span>
     <span class='ocr_line' id='line_1_33' title="bbox 240 2483 1767 2559; baseline 0.007 -28"><span class='ocrx_word' id='word_1_229' title='bbox 240 2483 314 2532; x_wconf 89' lang='lat' dir='ltr'><strong>vit</strong></span> <span class='ocrx_word' id='word_1_230' title='bbox 332 2500 452 2545; x_wconf 83' lang='lat' dir='ltr'><strong>me3</strong></span> <span class='ocrx_word' id='word_1_231' title='bbox 490 2486 634 2535; x_wconf 90' lang='lat' dir='ltr'><strong>misit</strong></span> <span class='ocrx_word' id='word_1_232' title='bbox 666 2486 816 2536; x_wconf 91' lang='lat' dir='ltr'><strong>idem</strong></span> <span class='ocrx_word' id='word_1_233' title='bbox 849 2488 916 2538; x_wconf 90' lang='lat' dir='ltr'><strong>ad</strong></span> <span class='ocrx_word' id='word_1_234' title='bbox 939 2506 1031 2540; x_wconf 91' lang='lat' dir='ltr'><strong>me</strong></span> <span class='ocrx_word' id='word_1_235' title='bbox 1058 2493 1329 2543; x_wconf 70' lang='lat' dir='ltr'><strong>Stricturae</strong></span> <span class='ocrx_word' id='word_1_236' title='bbox 1357 2498 1406 2542; x_wconf 83' lang='lat' dir='ltr'><strong>in</strong></span> <span class='ocrx_word' id='word_1_237' title='bbox 1437 2495 1636 2559; x_wconf 79' lang='lat' dir='ltr'><strong>Virgilii</strong></span> <span class='ocrx_word' id='word_1_238' title='bbox 1656 2496 1767 2542; x_wconf 85' lang='lat' dir='ltr'><strong>loca</strong></span> 
     </span>
     <span class='ocr_line' id='line_1_34' title="bbox 241 2556 1766 2631; baseline 0.006 -29"><span class='ocrx_word' id='word_1_239' title='bbox 241 2569 308 2603; x_wconf 92' lang='lat' dir='ltr'><strong>eo</strong></span> <span class='ocrx_word' id='word_1_240' title='bbox 335 2570 457 2603; x_wconf 90' lang='lat' dir='ltr'><strong>cum</strong></span> <span class='ocrx_word' id='word_1_241' title='bbox 480 2556 723 2606; x_wconf 87' lang='lat' dir='ltr'><strong>acumine</strong></span> <span class='ocrx_word' id='word_1_242' title='bbox 748 2567 801 2607; x_wconf 86' lang='lat' dir='ltr'><strong>et</strong></span> <span class='ocrx_word' id='word_1_243' title='bbox 820 2560 1142 2627; x_wconf 88' lang='lat' dir='ltr'><strong>perspicacia</strong></span> <span class='ocrx_word' id='word_1_244' title='bbox 1162 2563 1396 2631; x_wconf 83' lang='lat' dir='ltr'><strong>scriptas,</strong></span> <span class='ocrx_word' id='word_1_245' title='bbox 1444 2572 1508 2614; x_wconf 89' lang='lat' dir='ltr'><strong>ut</strong></span> <span class='ocrx_word' id='word_1_246' title='bbox 1542 2564 1598 2613; x_wconf 93' lang='lat' dir='ltr'><strong>in</strong></span> <span class='ocrx_word' id='word_1_247' title='bbox 1620 2560 1766 2612; x_wconf 90' lang='lat' dir='ltr'><strong>mul-</strong></span> 
     </span>
     <span class='ocr_line' id='line_1_35' title="bbox 239 2623 1766 2699; baseline 0.006 -27"><span class='ocrx_word' id='word_1_248' title='bbox 239 2623 303 2673; x_wconf 87' lang='lat' dir='ltr'><strong>tis</strong></span> <span class='ocrx_word' id='word_1_249' title='bbox 336 2623 384 2673; x_wconf 92' lang='lat' dir='ltr'><strong>ei</strong></span> <span class='ocrx_word' id='word_1_250' title='bbox 426 2624 864 2692; x_wconf 90' lang='lat' dir='ltr'><strong>adstipulandum</strong></span> <span class='ocrx_word' id='word_1_251' title='bbox 899 2647 1013 2681; x_wconf 90' lang='lat' dir='ltr'><strong>esse</strong></span> <span class='ocrx_word' id='word_1_252' title='bbox 1052 2631 1322 2697; x_wconf 88' lang='lat' dir='ltr'><strong>viderem,</strong></span> <span class='ocrx_word' id='word_1_253' title='bbox 1367 2634 1424 2683; x_wconf 91' lang='lat' dir='ltr'><strong>in</strong></span> <span class='ocrx_word' id='word_1_254' title='bbox 1456 2633 1591 2699; x_wconf 82' lang='lat' dir='ltr'><strong>aliiS,</strong></span> <span class='ocrx_word' id='word_1_255' title='bbox 1639 2648 1766 2683; x_wconf 92' lang='lat' dir='ltr'><strong>cum</strong></span> 
     </span>
     <span class='ocr_line' id='line_1_36' title="bbox 239 2692 1768 2772; baseline 0.008 -31"><span class='ocrx_word' id='word_1_256' title='bbox 239 2692 436 2744; x_wconf 91' lang='lat' dir='ltr'><strong>iudicio</strong></span> <span class='ocrx_word' id='word_1_257' title='bbox 465 2712 592 2745; x_wconf 89' lang='lat' dir='ltr'><strong>meo</strong></span> <span class='ocrx_word' id='word_1_258' title='bbox 626 2696 881 2748; x_wconf 91' lang='lat' dir='ltr'><strong>dilectum</strong></span> <span class='ocrx_word' id='word_1_259' title='bbox 909 2718 1182 2770; x_wconf 91' lang='lat' dir='ltr'><strong>usumque</strong></span> <span class='ocrx_word' id='word_1_260' title='bbox 1203 2704 1565 2772; x_wconf 86' lang='lat' dir='ltr'><strong>relinqueret,</strong></span> <span class='ocrx_word' id='word_1_261' title='bbox 1604 2704 1768 2754; x_wconf 90' lang='lat' dir='ltr'><strong>etiam</strong></span> 
     </span>
     <span class='ocr_line' id='line_1_37' title="bbox 239 2765 1766 2843; baseline 0.008 -31"><span class='ocrx_word' id='word_1_262' title='bbox 239 2779 427 2813; x_wconf 89' lang='lat' dir='ltr'><strong>meum</strong></span> <span class='ocrx_word' id='word_1_263' title='bbox 469 2765 745 2830; x_wconf 88' lang='lat' dir='ltr'><strong>ingenium</strong></span> <span class='ocrx_word' id='word_1_264' title='bbox 789 2769 843 2818; x_wconf 91' lang='lat' dir='ltr'><strong>in</strong></span> <span class='ocrx_word' id='word_1_265' title='bbox 894 2770 1247 2825; x_wconf 87' lang='lat' dir='ltr'><strong>defendendo</strong></span> <span class='ocrx_word' id='word_1_266' title='bbox 1299 2785 1464 2843; x_wconf 89' lang='lat' dir='ltr'><strong>poeta</strong></span> <span class='ocrx_word' id='word_1_267' title='bbox 1510 2774 1766 2826; x_wconf 87' lang='lat' dir='ltr'><strong>adversus</strong></span> 
     </span>
     <span class='ocr_line' id='line_1_38' title="bbox 241 2837 1764 2908; baseline 0.009 -26"><span class='ocrx_word' id='word_1_268' title='bbox 241 2850 325 2897; x_wconf 90' lang='lat' dir='ltr'><strong>ea,</strong></span> <span class='ocrx_word' id='word_1_269' title='bbox 373 2851 510 2901; x_wconf 90' lang='lat' dir='ltr'><strong>quae</strong></span> <span class='ocrx_word' id='word_1_270' title='bbox 555 2837 885 2903; x_wconf 90' lang='lat' dir='ltr'><strong>reprehensa</strong></span> <span class='ocrx_word' id='word_1_271' title='bbox 928 2853 1128 2908; x_wconf 83' lang='lat' dir='ltr'><strong>essent,</strong></span> <span class='ocrx_word' id='word_1_272' title='bbox 1188 2846 1304 2896; x_wconf 90' lang='lat' dir='ltr'><strong>acui</strong></span> <span class='ocrx_word' id='word_1_273' title='bbox 1338 2846 1612 2897; x_wconf 86' lang='lat' dir='ltr'><strong>sentirem.</strong></span> <span class='ocrx_word' id='word_1_274' title='bbox 1699 2846 1764 2896; x_wconf 89' lang='lat' dir='ltr'><strong>In</strong></span> 
     </span>
     <span class='ocr_line' id='line_1_39' title="bbox 237 2902 1764 2985; baseline 0.01 -33"><span class='ocrx_word' id='word_1_275' title='bbox 237 2902 420 2954; x_wconf 87' lang='lat' dir='ltr'><strong>multis</strong></span> <span class='ocrx_word' id='word_1_276' title='bbox 463 2905 720 2957; x_wconf 90' lang='lat' dir='ltr'><strong>iudicium</strong></span> <span class='ocrx_word' id='word_1_277' title='bbox 769 2909 866 2959; x_wconf 87' lang='lat' dir='ltr'><strong>viri</strong></span> <span class='ocrx_word' id='word_1_278' title='bbox 912 2912 1107 2964; x_wconf 91' lang='lat' dir='ltr'><strong>subtile</strong></span> <span class='ocrx_word' id='word_1_279' title='bbox 1152 2916 1261 2966; x_wconf 92' lang='lat' dir='ltr'><strong>iam</strong></span> <span class='ocrx_word' id='word_1_280' title='bbox 1311 2917 1366 2967; x_wconf 93' lang='lat' dir='ltr'><strong>in</strong></span> <span class='ocrx_word' id='word_1_281' title='bbox 1413 2918 1597 2985; x_wconf 84' lang='lat' dir='ltr'><strong>priore</strong></span> <span class='ocrx_word' id='word_1_282' title='bbox 1648 2915 1764 2969; x_wconf 79' lang='lat' dir='ltr'><strong>edi-</strong></span> 
     </span>
    </p>
   </div>
  </div>
 </body>
</html>
