1734 3320
251 174 749 248 seaucton&
782 194 925 260 Lis.
952 195 1026 259 Π,
1065 198 1361 251 465—468

1468 203 1570 253 481

0 349 8 370 κ
35 322 200 408 {Dives
224 296 709 394 upupivariarum3
740 329 792 371 at
811 319 930 374 latis
953 321 1061 372 otia
1080 319 1288 388 fundss,

15 461 18 463 ·
84 449 159 487 468
180 462 227 486 ac
243 449 282 489 in
300 449 403 483 libris
419 461 478 495 ap.
498 448 592 484 Pier.
619 456 658 484 et
673 449 711 483 in
732 450 820 496 Reg.
839 449 983 484 Martia.
1032 450 1143 485 laetis
1158 450 1197 484 in
1218 451 1301 485 edd.
1321 452 1479 487 Macrob.
1497 457 1572 489 Sat.

4 531 6 534 ,
38 496 107 545 VI*
124 499 166 546 2ι
187 495 284 544 quoa
298 495 449 535 Heinsio
470 497 621 542 arridet.
664 501 712 531 At
729 497 822 531 enim
842 497 964 531 laetos
987 510 1154 544 campos,
1178 511 1312 546 agros-3
1340 498 1489 545 fundos
1505 513 1573 535 au—

0 548 18 586 .'·
37 540 462 590 tuamet-'‘piobpndos
485 551 591 589 puto,
613 544 732 578 'etiam
758 545 829 579 hoc
859 557 986 587 sensu,
1016 552 1055 578 ut
1082 545 1154 578 sint
1181 552 1359 590 patentes.
1407 555 1446 580 et
1463 548 1575 582 laetis

39 592 197 637 dnnjapt
206 592 325 625 Bnrm.
350 591 404 637 (ee
419 592 532 625 laetis
551 603 571 625 e
589 592 718 626 Medic.
738 591 842 626 affert
857 593 973 625 Burm.
1016 593 1149 626 Verum
1170 593 1266 638 apud
1285 594 1314 626 F
1315 604 1398 639 ogg.
1426 602 1468 628 αι
1484 594 1575 628 latis

41 645 169 676 exstat.
207 638 322 673 *Certe
342 638 453 673 laetis
471 637 656 681 Heinsius,
683 639 743 685 qni
759 639 797 672 id
816 639 885 673 sibi
901 639 1061 685 impense
1079 638 1239 674 arridere
1256 640 1330 684 ait,
1363 640 1396 675 si
1412 640 1573 675 invenis-

40 692 100 722 net
114 686 152 719 in
169 685 355 728 Midiceo,
386 697 460 719 non
476 686 674 723 Burmanno
697 687 836 720 demum
866 687 1210 721 commemorandum
1225 683 1442 735 reliduisset.
1490 689 1573 723 lae-

41 734 94 769 tis
107 739 229 770 tamen
252 732 360 767 etiam
375 734 412 769 2·
433 734 468 769 7.
490 732 547 770 14.
577 733 673 779 Wr.)
723 734 830 768 lectis
848 734 939 768 Gud.
962 746 983 767 a
1001 746 1046 767 m.
1064 745 1118 778 pr.

39 828 301 883 vitasallem
330 831 468 868 nescia
495 835 556 868 est
593 829 702 869 idem
735 839 796 869 ac'

19 890 130 931 ‘vila
154 901 236 926 non
250 887 415 940 fallax.
475 886 559 926 Iam
582 903 675 940 spes·
699 903 781 927 non

26 945 180 999 sallas
199 951 261 985 est
280 951 404 984 certa.
455 946 580 998 Seges-
597 961 678 986 non
685 947 780 999 sal-

41 1005 136 1055 lax,
165 1004 304 1043 fallere
329 1004 483 1054 nescia,
524 1011 626 1044 esset
654 1011 779 1056 certa,

42 1062 95 1101 de
115 1075 197 1114 qua
227 1068 362 1101 metus
386 1062 524 1101 nunus
545 1069 625 1113 est3
656 1069 778 1115 atque

40 1119 141 1160 hinc
155 1134 259 1173 ager
271 1120 525 1173 nonsallax.
583 1120 779 1174 Adeoque

42 1181 130 1220 vita
148 1193 230 1218 non
235 1177 400 1231 fadar,
420 1178 509 1217 vita
528 1185 651 1230 certa,
672 1186 778 1230 tuta,

42 1236 165 1277 nullis
194 1236 541 1276 vicissitudinibus
580 1238 777 1288 obnoxia,

43 1298 167 1348 quam
208 1300 326 1334 tutus
375 1308 423 1333 ac
470 1308 635 1335 securus
672 1310 777 1349 agas.

42 1353 251 1393 Hactenus
270 1367 364 1392 cum
396 1353 485 1392 viro
506 1353 628 1393 docto
649 1368 779 1408 expo-

44 1425 135 1451 nas:
171 1425 274 1464 quae
302 1411 628 1464 expectationem
656 1413 708 1452 de
737 1426 779 1451 se

43 1470 239 1525 sustinet,
269 1484 372 1522 quae
390 1470 559 1523 praebet
578 1484 646 1521 ea,
677 1484 780 1523 quae

45 1527 96 1567 de
115 1528 183 1568 illa
217 1529 472 1581 expectabas.
531 1528 617 1567 Iam
641 1535 779 1568 autem

43 1585 124 1626 hoc
146 1586 280 1639 ipsum
315 1587 422 1626 inter
458 1587 638 1639 potiores
670 1588 780 1627 vitae

43 1644 184 1683 laudes
212 1643 411 1695 habetur,
450 1645 561 1696 quod
594 1646 707 1685 nulla
734 1659 780 1685 re

44 1703 129 1742 eius
164 1703 325 1742 fructus
368 1703 576 1742 turbatur.
642 1705 779 1743 Parca

42 1775 124 1800 non
145 1761 322 1800 menda-t·
338 1761 449 1814 apud
467 1761 684 1801 Horatium
705 1769 778 1813 est,

10 1854 14 1857 .
45 1832 148 1871 quae
177 1832 277 1858 vera
302 1820 433 1870 canit,
469 1826 671 1872 quatenus
693 1821 778 1859 fata

45 1883 158 1916 certa
177 1891 225 1916 ac
240 1877 324 1916 fixa
341 1885 448 1917 suut.
509 1879 561 1917 Et
575 1877 684 1917 hanc
703 1891 779 1917 ex-

42 1935 304 1989 plicationem
340 1937 504 1976 Servius
531 1937 659 1976 altero
688 1937 778 1976 loco

43 1993 204 2048 posuit:
233 2003 309 2033 aut
335 1996 530 2047 quoniam
562 1994 780 2034 immobilis

45 2060 104 2090 est
139 2060 270 2091 status
295 2055 404 2091 vilae
443 2067 603 2101 eomm5
655 2053 780 2091 urba-

45 2123 190 2148 norum
208 2112 315 2148 enim
334 2113 421 2149 vila
438 2119 512 2148 aut
531 2110 690 2149 ἰηεὴίἱιζς
707 2119 781 2149 aut

40 2170 334 2220 proscriptione
363 2170 557 2207 variatur.
613 2168 679 2207 Ad
695 2168 783 2207 He-

46 2224 150 2264 siod.
172 2222 288 2277 ’'Epy.
324 2228 411 2268 227
438 2240 523 2278 sqq.
561 2229 784 2279 respexisse

47 2283 224 2336 putabat
241 2284 423 2323 Ursinus.
483 2284 549 2323 Ad
568 2285 696 2324 verba
714 2291 782 2324 ta-

45 2354 140 2380 men
166 2340 266 2380 nihil
291 2341 388 2380 inde
403 2342 584 2382 lucreris.
644 2343 721 2382 Per
739 2356 781 2382 se

48 2399 159 2438 dicta
178 2399 336 2452 fallere
368 2403 505 2439 nescia
537 2403 626 2440 vita
648 2401 782 2454 pluri-

45 2457 123 2497 bus
146 2457 279 2496 modis
302 2458 429 2512 accipi
451 2459 579 2512 possit
587 2474 599 2510 3
629 2466 679 2498 ut
695 2458 736 2498 h.
752 2460 779 2499 l.

47 2529 209 2568 quoque
229 2517 395 2565 sactum.
425 2517 554 2570 Vulgo
577 2517 783 2571 accipiunt

47 2574 125 2624 sic,
162 2580 214 2613 ut
242 2574 296 2613 sit
324 2575 501 2615 innocua
531 2573 631 2629 (scil.
654 2582 704 2615 ut
730 2576 784 2615 sit

46 2631 132 2679 vita
152 2630 384 2683 hominum,
428 2634 499 2687 qui
519 2648 604 2673 non
621 2634 783 2684 fallunt,

46 2689 238 2728 fraudum
259 2698 445 2744 expertes
463 2700 580 2743 sunt;
601 2691 785 2731 homines

48 2746 283 2803 simplices):
316 2751 516 2789 sententia
534 2750 698 2803 quidem
712 2764 787 2790 ve-

48 2819 110 2855 ra,
141 2819 244 2857 quae
265 2812 307 2845 et
321 2807 364 2846 in
384 2809 519 2848 Culice
537 2809 718 2848 occurrit
728 2812 784 2851 72

56 2863 237 2916 otiaque
279 2866 439 2905 invidia
486 2867 696 2918 degentem
747 2875 785 2905 et

38 2921 199 2973 fi-aude
235 2931 402 2960 remota.
464 2923 517 2963 Et
557 2938 652 2963 sane
681 2927 781 2974 vita,

50 2979 157 3033 βίος,
185 2991 263 3031 pro
284 2978 526 3020 hominibus.
585 2982 696 3022 Dura
714 2989 781 3020 ta-

117 3048 329 3098 Vutcn..
367 3047 510 3096 ΤοΜ.
546 3049 585 3099 I.
614 3045 623 3062 ²

841 842 935 868 men
954 829 1253 882 interpretatio.
1292 830 1391 871 Fuit
1409 832 1477 872 vir
1495 831 1574 872 do-

841 894 953 938 ctus,
985 888 1053 940 qui
1080 888 1257 928 malebat
1289 890 1574 944 interpretari:

837 946 945 996 vita,
976 958 1078 997 quae
1095 961 1179 985 non
1205 948 1329 998 fallit,
1359 962 1443 988 non
1461 949 1572 1000 latet,

838 1018 923 1043 non
942 1004 1078 1057 efl'ugit
1107 1005 1194 1043 sine
1215 1006 1368 1046 fructu.
1426 1007 1488 1047 Ita
1505 1014 1575 1046 ta-

838 1076 931 1101 men
952 1062 1156 1102 adiectum
1185 1064 1337 1115 aliquid
1358 1064 1572 1116 desideres,

837 1120 948 1171 quod
983 1120 1035 1159 ad
1060 1121 1171 1159 illam
1198 1123 1409 1162 notionem
1438 1124 1573 1164 ducat.

838 1179 940 1217 Nam
966 1178 1128 1218 Horatii
1155 1179 1171 1218 Ι
1196 1180 1269 1232 ΕΡ.
1303 1183 1375 1231 18,
1403 1184 1454 1224 13
1471 1182 1574 1235 sal-

835 1237 953 1275 lentis
981 1240 1125 1277 semila
1155 1240 1261 1276 vilae
1288 1239 1464 1278 alienum
1491 1246 1574 1292 est;

835 1294 892 1333 ibi
913 1301 997 1333 est:
1034 1309 1137 1346 quae
1153 1296 1274 1347 latet,
1306 1297 1479 1337 obscura
1499 1305 1572 1338 est.

835 1353 882 1391 In
902 1352 1013 1392 hunc
1038 1367 1198 1392 sensum
1221 1362 1457 1408 expectares
1484 1356 1527 1396 h.
1544 1357 1572 1398 l.

837 1411 987 1460 vitam,
1019 1425 1121 1463 quae
1155 1419 1291 1464 potest
1325 1414 1486 1464 fallere,
1529 1413 1571 1454 h.

837 1483 939 1520 quae
960 1470 1074 1520 fallit,
1104 1470 1218 1510 latet.
1279 1470 1340 1525 (Si
1355 1473 1403 1520 ,in
1421 1473 1574 1525 priori-

836 1527 913 1566 bus
934 1542 1074 1566 secura
1101 1528 1154 1566 ad
1180 1527 1362 1568 homiues
1381 1531 1573 1583 pertinet,

838 1586 907 1637 qui
938 1587 1067 1638 quiete
1097 1587 1315 1638 fruuntur,
1357 1595 1575 1629 consenta-
1647 1589 1654 1594 “

837 1657 960 1682 neum
981 1650 1054 1693 est,
1086 1644 1298 1697 epitheton
1319 1659 1480 1700 quoque
1498 1662 1574 1686 ne-

836 1705 924 1740 scia
940 1716 942 1718 ’
954 1702 1111 1754 fallere
1152 1703 1206 1741 ad
1232 1702 1417 1744 homines
1443 1705 1575 1746 vitam

837 1765 998 1812 agentes
1027 1761 1192 1811 referri,
1230 1762 1478 1815 intelligique
1505 1764 1575 1804 vi-

835 1824 922 1856 tam
951 1817 1121 1858 liberam
1156 1833 1179 1857 a
1199 1819 1303 1859 dolis
1327 1827 1367 1860 et
1389 1821 1573 1873 fallaciis,

835 1875 877 1916 h.
896 1889 929 1916 e.
948 1876 1254 1928 cupiditatibus.
1284 1878 1483 1920 Exhibuit
1496 1880 1574 1933 igi-

834 1941 907 1973 tm·
925 1933 1039 1973 Maro
1073 1936 1201 1974 vitam
1236 1944 1374 1976 metu
1403 1952 1575 1978 vacuam

837 1999 879 2031 et
920 1993 1293 2045 cupidinibus;
1340 2002 1380 2034 et
1420 2009 1467 2035 ea
1499 1997 1574 2036 de-

836 2064 952 2089 mum
999 2058 1060 2090 est
1105 2052 1194 2090 vita
1235 2053 1367 2092 beata.
1410 2054 1571 2110 Wclz.)

838 2108 938 2151 468.
976 2123 1102 2160 opum
1141 2112 1364 2149 variarum.
1417 2113 1574 2165 Repre-

839 2166 1038 2205 henditur
1066 2166 1278 2219 epitheton
1308 2169 1359 2207 ab
1398 2170 1456 2209 ill.
1483 2171 1573 2209 Ho-

840 2225 921 2264 mio
934 2225 1048 2263 Tom.
1059 2225 1124 2274 111,
1137 2239 1170 2264 c.
1183 2229 1235 2268 21
1264 2228 1397 2265 Elem.
1426 2229 1571 2278 Critic„

840 2290 1050 2334 tamquam
1079 2284 1197 2322 nimis
1225 2285 1365 2323 laxum
1392 2286 1573 2338 adeoque

840 2354 1057 2393 enervum;
1106 2341 1290 2381 debuisse
1331 2344 1437 2383 enim
1477 2358 1572 2397 opes

839 2399 1042 2452 sigillatim
1079 2402 1282 2451 enarrari,
1323 2408 1395 2441 aut
1444 2417 1573 2443 unum

839 2471 965 2510 opum
1005 2471 1131 2510 genus
1161 2459 1281 2511 poni,
1322 2474 1407 2499 non
1436 2468 1573 2500 autem

839 2516 1038 2554 incertam
1072 2523 1114 2555 et
1142 2517 1411 2556 fluctuantem
1436 2519 1573 2558 notio-

841 2587 935 2614 nem
952 2574 1125 2614 admitti.
1174 2575 1329 2628 Arguta
1343 2576 1444 2615 haec
1463 2584 1572 2627 sunt,

843 2647 926 2671 non
943 2645 1106 2685 negem3
1135 2635 1316 2685 argutius
1334 2641 1483 2684 tamen,
1507 2636 1573 2674 vi-

845 2690 961 2741 dere,
996 2691 1096 2744 poni
1125 2705 1148 2729 a
1176 2699 1297 2744 poeta
1324 2694 1455 2744 primo
1484 2694 1571 2732 loco

842 2762 989 2802 genus,
1027 2755 1115 2788 tum
1142 2751 1285 2789 subiici
1316 2765 1410 2802 opes
1435 2752 1571 2801 siugu-

841 2807 920 2846 las:
951 2807 1093 2857 otium,
1124 2815 1261 2857 antra,
1289 2814 1362 2846 etc.
1420 2808 1573 2846 Fesellit

841 2866 952 2905 viros
981 2865 1145 2916 doctos,
1192 2866 1302 2918 quod
1336 2880 1418 2905 non
1454 2866 1572 2903 vide—

839 2930 966 2973 runt,
996 2925 1055 2962 At
1085 2923 1127 2962 h.
1150 2924 1176 2962 l.
1198 2937 1279 2961 esse
1305 2937 1381 2974 pro
1400 2923 1573 2961 formula

839 2982 1081 3032 sententiae,
1121 2981 1190 3020 sed
1231 2994 1324 3019 cum
1357 2980 1399 3020 vi
1427 2981 1571 3033 aliqua,

1222 3049 1287 3095 31
