1768 3320
210 283 277 330 30
462 272 799 324 SPOHNII
837 260 1469 319 PROLEGOMENA

210 402 323 455 Iovi
347 411 399 451 et
421 401 628 453 Caesari
644 398 799 449 heroi
820 392 1083 444 ultoribus
1106 386 1417 438 habebatur.
1475 387 1620 435 Haec
1643 401 1724 434 sa-

214 491 300 524 cra
322 471 551 521 natalitia
580 471 633 519 in
655 468 875 533 regione
902 457 1277 525 Transpadana
1312 473 1350 509 5.
1371 455 1539 506 Gallia
1560 453 1726 507 Cisal-

212 545 336 610 pina
364 541 548 590 laetius
580 548 715 596 acta,
758 551 916 603 quam
942 530 1087 592 alibi,
1128 528 1366 594 primum
1402 525 1554 593 quod
1574 524 1724 575 bello

211 610 500 665 Mutinensi
557 607 735 669 finito,
791 620 898 672 quo
941 600 1030 651 illa
1068 598 1217 662 regio
1255 596 1491 661 turbata,
1537 595 1728 645 laetior

215 698 335 750 spes
368 679 657 730 meliorum
695 685 1006 740 temporum
1031 666 1356 732 affulgehat3
1411 675 1530 716 tum
1576 665 1728 733 quod

218 756 407 804 Caesar
442 749 532 799 diu
573 745 873 813 praefuerat
911 741 986 790 illi
1024 737 1356 806 provinciae,
1416 736 1727 804 incolasque

216 822 366 872 variis
385 817 691 869 nominibus
714 814 811 864 sibi
834 811 1115 862 obstrictos
1138 807 1463 860 reddiderat.
1508 809 1730 857 Faverat

218 894 329 959 ipse
371 890 495 950 illis,
542 896 603 937 ut
644 886 734 953 qui
766 884 829 933 ab
876 883 936 932 iis
980 879 1315 944 diligeretur3
1374 877 1612 945 ideoque
1649 893 1729 926 ao,

219 964 335 1015 705.
377 961 611 1011 Dictator
658 953 909 1005 omnibus
960 951 1039 1000 ius
1080 949 1297 999 civitatis
1344 947 1581 1003 dederat.
1624 947 1729 999 Dio

220 1035 355 1083 Cass.
381 1029 411 1080 l.
443 1030 594 1079 XLI.:
632 1067 661 1090 „
675 1033 775 1081 τοῖς
799 1022 1070 1078 Γαλάταις,
1109 1028 1214 1076 τοῖς
1243 1018 1424 1077 ἐντός
1452 1023 1571 1072 τῶν
1595 1020 1732 1073 ‘'Aa-

218 1124 367 1153 πεων
392 1101 510 1165 ὑπὲρ
535 1097 619 1149 τόν
637 1093 910 1161 ’ῘΙριὸανόν
932 1094 1119 1143 οἰκοῦσι
1138 1088 1231 1157 τήν
1251 1092 1507 1142 πολιτείαν
1529 1089 1634 1153 (ius
1660 1088 1731 1137 ci—

220 1170 409 1234 vitatis)
445 1171 534 1220 ἅτε
565 1170 644 1218 καὶ
675 1167 856 1232 ἄρξας
895 1163 1087 1224 αὐτῶν,
1136 1164 1240 1220 (ao.
1262 1165 1391 1224 700)
1430 1160 1732 1212 ἁπέδωκεν.“

217 1240 462 1306 Denique
503 1237 661 1286 etiam
697 1249 905 1300 poenae
932 1230 1267 1298 propositae,
1314 1230 1357 1279 si
1389 1237 1593 1293 essent,
1641 1228 1733 1296 qui

221 1310 574 1360 detrectarent
585 1345 597 1366 ‚
635 1323 662 1354 a
681 1305 714 1353 d
729 1320 798 1368 eg
811 1320 838 1352 e
849 1320 876 1351 r
887 1320 923 1351 u
935 1318 971 1350 n
986 1310 1020 1351 t.

352 1381 491 1442 Ergo
525 1374 796 1440 Virgilius,
834 1374 974 1422 inter
1006 1370 1150 1430 illos,
1187 1368 1477 1437 populares
1507 1384 1633 1418 suos
1656 1368 1735 1417 vi-

221 1465 375 1511 vens,
413 1456 501 1497 aut
523 1446 589 1495 ad
611 1446 743 1494 haec
767 1444 877 1510 ipsa
906 1439 1362 1503 concelebranda,
1408 1447 1497 1490 aut
1520 1455 1634 1488 non
1665 1438 1735 1487 ita

217 1518 389 1569 multo
442 1525 564 1584 post
584 1558 596 1580 ‚
663 1515 762 1564 hac
809 1512 1212 1580 opportunitate
1273 1510 1521 1560 excitatus
1545 1549 1558 1573 ‚
1624 1525 1736 1558 car-

217 1605 346 1639 men
396 1586 708 1654 composuit.
793 1587 914 1651 Ipse
960 1582 1170 1634 Caesari
1213 1581 1358 1630 bene
1387 1579 1529 1630 velle
1567 1579 1736 1629 debe-

217 1659 332 1720 bat,
375 1666 435 1707 ut
478 1672 617 1706 unus
665 1672 725 1705 ex
774 1655 857 1719 iis,
916 1654 1008 1722 qui
1046 1654 1127 1703 ius
1165 1651 1382 1701 civitatis
1418 1650 1483 1700 ab
1525 1649 1619 1700 illo
1652 1666 1738 1699 ac-

223 1736 499 1794 ceperant3
546 1735 663 1776 tum
695 1725 844 1792 quod
879 1724 1114 1776 Caesaris
1146 1738 1332 1772 revera
1378 1730 1529 1770 erant
1559 1729 1738 1770 tantae

221 1799 464 1858 virtuteS‚
499 1805 583 1859 ut,
621 1796 662 1844 si
697 1796 866 1862 prisca
896 1793 1222 1862 reipublicae
1253 1790 1429 1841 forma
1451 1806 1737 1840 remanere

225 1867 450 1933 amplius
477 1867 581 1915 iam
613 1882 726 1914 non
756 1875 960 1933 posset,
997 1865 1103 1914 hoc
1122 1862 1472 1914 moderatore
1504 1861 1739 1912 Romani

223 1936 407 1988 felices
430 1935 651 1986 fuissent
672 1934 864 1997 suturi3
904 1934 1103 1986 deinde
1134 1932 1340 1983 consilii
1367 1949 1588 2000 quoque
1611 1940 1739 1996 erat,

225 2007 534 2056 Triumviris
574 2005 868 2071 significare
889 2048 902 2071 ,
950 2006 1118 2056 talem
1155 2004 1256 2053 sibi
1307 2019 1424 2053 esse
1461 2011 1738 2062 mentem3

226 2077 461 2143 denique
506 2078 718 2126 accessit
755 2078 869 2127 sine
902 2077 1068 2127 dubio
1106 2074 1368 2127 Pollionis
1405 2073 1574 2123 amice
1609 2072 1741 2122 hor-

223 2147 380 2196 tantis
413 2146 735 2209 admoniti0‚
780 2148 872 2215 qui
905 2146 1033 2197 favit
1062 2154 1257 2214 poetae
1286 2144 1525 2212 ideoque
1554 2142 1739 2205 voluit,

227 2226 290 2266 ut
320 2216 401 2265 his
432 2217 886 2283 periculosissimis
923 2216 1262 2284 temporibus
1292 2215 1431 2265 vitae
1465 2231 1524 2264 ac
1563 2212 1741 2263 salutis

228 2295 366 2336 esset
406 2295 589 2340 certus,
658 2287 864 2338 Idcirco
898 2288 1172 2352 Virgilius,
1207 2295 1268 2337 ut
1296 2302 1352 2335 se
1372 2293 1592 2352 poetam
1625 2299 1740 2333 esse

227 2355 565 2422 significaret,
602 2358 699 2407 sub
725 2357 894 2407 finem
915 2358 1160 2407 carminis
1186 2357 1528 2406 mentionem
1550 2370 1742 2404 eorum

233 2426 527 2476 carminum
583 2427 824 2490 inseruit,
891 2446 1028 2496 quae
1068 2427 1251 2496 paullo
1306 2435 1429 2476 ante
1486 2424 1741 2475 ediderat.

229 2498 298 2546 At
353 2513 480 2545 vero
532 2497 774 2561 Virgilius
824 2499 1062 2566 quodam
1114 2497 1262 2566 quasi
1317 2495 1597 2546 involucro
1647 2495 1742 2544 ista

230 2566 410 2615 omnia
449 2565 659 2627 velavit3
704 2568 966 2634 primum,
1010 2586 1080 2619 ne
1109 2568 1267 2618 nimis
1301 2565 1616 2617 offenderet
1642 2581 1743 2614 no-

227 2652 324 2685 vae
361 2652 544 2684 rerum
572 2635 779 2686 formae
809 2654 992 2688 osores
1028 2648 1080 2689 et
1117 2648 1364 2688 strenuos
1397 2637 1742 2704 antiquorum

227 2713 540 2771 temporum
578 2705 902 2768 laudatores;
947 2718 1064 2758 tum
1103 2708 1337 2759 fortassis
1368 2707 1556 2772 etiam,
1594 2704 1744 2774 quod

230 2777 343 2842 ipse
377 2774 549 2823 noluit
576 2775 747 2840 palam
782 2777 963 2827 laudes
993 2781 1227 2830 Caesaris
1257 2778 1552 2838 celebrare3
1591 2774 1745 2825 deni-

233 2861 339 2912 que
364 2844 513 2911 quod
548 2844 651 2893 hoc
689 2847 1015 2911 aptissimum
1044 2859 1153 2899 erat
1191 2849 1259 2898 ad
1298 2847 1538 2898 colorem
1568 2846 1743 2913 poeti-

234 2931 354 2964 cum
393 2915 611 2963 carmini
664 2916 1087 2983 conciliandum,
1147 2919 1297 2985 quod
1344 2927 1433 2967 aut
1474 2915 1743 2982 frigidum,

233 2994 321 3034 aut
371 2985 548 3033 minus
597 2983 1090 3050 eleganssacillime
1146 2988 1262 3038 fieri
1304 2996 1512 3055 posset,
1575 3001 1742 3052 quum
