1768 3320
184 206 288 253 276
695 199 1203 250 PROOEMIUM

184 327 331 378 haud
360 325 514 378 facile
541 343 656 377 esse
686 343 846 394 posse
876 327 930 376 in
960 325 1209 377 confesso
1240 335 1332 379 est.
1403 326 1575 378 Aliam
1609 326 1713 378 dif-

185 397 480 449 ficultatem
505 395 631 447 facit
651 396 783 462 hoc,
822 397 973 464 quod
999 406 1285 464 praecepta
1301 399 1615 448 Maroniana
1644 398 1713 450 ad

184 470 292 534 agri
316 467 531 519 colendi
553 484 780 518 morem
798 468 853 517 in
878 467 979 517 alio
1001 467 1145 532 soln,
1183 467 1281 518 sub
1313 467 1414 517 alio
1445 468 1620 533 caele,
1655 469 1710 518 in

183 539 282 589 alia
315 548 507 600 aetate,
545 546 800 604 spectant.
876 537 1040 600 Quod
1066 536 1246 588 facere
1275 536 1448 603 licuit,
1486 539 1710 589 subiun-

180 610 352 660 ximus
381 609 707 675 scriptorum
733 607 802 657 de
822 624 882 657 re
903 608 1098 657 rustica
1120 607 1261 670 loca,
1301 624 1331 657 e
1361 609 1555 675 quibus
1575 626 1710 676 poe—

180 690 266 731 tae
305 687 593 747 praecepta
634 678 791 728 unice
829 677 1078 727 illustrari
1120 687 1374 744 poterant
1395 719 1408 743 ,
1466 680 1709 746 inprimis

180 751 463 815 VarroniS,
515 765 681 815 quem
709 749 764 797 in
797 747 978 797 multis
1007 757 1268 815 sequutus
1305 757 1412 813 est,
1462 758 1516 799 et
1545 750 1709 801 Colu-

179 820 373 871 mellae
397 861 409 881 ,
465 819 557 886 qui
596 826 893 885 perpetuus
931 817 1134 883 Virgilii
1181 827 1579 870 commentator
1615 829 1709 885 est,

181 908 305 941 cum
327 890 516 942 Plinio,
586 891 654 939 Et
673 887 1008 938 habebamus
1029 888 1085 937 in
1112 887 1245 952 hoc,
1282 905 1519 955 quorum
1544 906 1708 957 opera

178 960 295 1012 fere
335 969 644 1023 uteremur,
695 960 1025 1024 Interpretes
1067 957 1432 1024 doctissimos,
1478 960 1534 1010 in
1567 977 1708 1010 non—

178 1031 336 1082 nullis
363 1029 636 1081 Guellium
671 1037 725 1078 et
753 1028 1038 1093 Ursinum,
1085 1029 1139 1078 in
1174 1028 1447 1098 plerisque
1475 1030 1707 1082 Cerdam

179 1119 237 1153 30
255 1102 563 1153 Martinum.
625 1101 698 1150 Ut
721 1107 901 1148 autem
926 1099 1205 1166 poeticum
1231 1109 1483 1150 ornatum
1504 1100 1707 1152 horum

176 1180 595 1240 praeceptorum
632 1168 1060 1219 adolescentium
1099 1169 1266 1220 oculis
1305 1170 1706 1234 subiiceremuS,

175 1252 345 1310 utque
377 1241 434 1291 id
472 1257 597 1290 cum
632 1237 812 1289 fructu
849 1238 1039 1304 fieret,
1087 1256 1189 1289 nec
1220 1249 1403 1291 tamen
1432 1258 1520 1291 res
1550 1251 1705 1292 nota-

177 1330 300 1363 rum
334 1310 570 1362 modum
602 1308 886 1360 excederet
906 1350 919 1374 ,
969 1310 1037 1360 ita
1067 1310 1410 1377 potissimum
1437 1329 1539 1362 nos
1569 1310 1705 1363 effe-

177 1393 356 1434 cturos
387 1398 504 1432 esse
528 1381 857 1448 putavimuS,
896 1380 938 1429 si
970 1382 1292 1431 sententiam
1315 1381 1555 1448 pedestri
1586 1399 1705 1434 ora—

174 1455 325 1504 tione
358 1468 662 1520 expressam
693 1451 1168 1516 subiungeremus3
1208 1451 1360 1520 quod
1385 1453 1596 1520 quoties
1625 1452 1705 1504 fa-

177 1534 324 1575 ctum
361 1532 465 1588 est,
515 1520 577 1571 fit
614 1531 795 1572 autem
831 1521 1049 1587 singulis
1082 1520 1240 1586 10013,
1289 1522 1346 1571 in
1382 1523 1577 1591 quibus
1616 1541 1703 1575 res

174 1612 289 1645 non
323 1596 435 1661 ipsa
469 1594 525 1642 in
559 1592 745 1642 oculos
776 1592 1022 1655 incurrit,
1069 1591 1440 1643 adolescentes
1464 1595 1703 1645 monitos

173 1666 423 1728 velimuS,
459 1672 521 1713 ut
544 1664 816 1729 poeticam
848 1663 1153 1712 orationem
1184 1679 1309 1713 cum
1340 1662 1547 1715 solutae
1582 1682 1702 1715 ora-

173 1736 334 1786 tionis
356 1732 602 1783 formulis
624 1732 727 1782 illis
761 1741 1100 1800 comparent,
1134 1741 1190 1783 et
1208 1732 1336 1784 inde
1361 1745 1701 1801 cognoscant,

175 1805 309 1874 quid
347 1803 560 1854 notioni
593 1802 906 1870 simpliciter
936 1804 991 1852 in
1020 1803 1161 1852 notis
1198 1819 1474 1870 expressae
1505 1823 1533 1855 a
1566 1822 1702 1873 poe-

172 1886 258 1926 tae
280 1874 498 1940 ingenio
534 1883 586 1923 et
616 1872 768 1939 copia
799 1873 908 1923 sive
936 1872 1003 1923 ad
1033 1873 1459 1940 pulcritudinem
1489 1876 1599 1926 sive
1635 1875 1702 1926 ad

172 1946 485 1996 suavitatem
511 1943 850 2010 omninoque
882 1943 950 1993 ad
974 1952 1230 1993 ornatum
1262 1946 1551 1998 accesserit.
1623 1948 1701 1997 Ita

174 2016 402 2067 demum
426 2030 519 2064 eos
542 2012 910 2064 intellecturos
938 2030 1053 2063 esse
1081 2030 1382 2081 speramUS,
1422 2031 1526 2084 qua
1557 2017 1611 2066 in
1639 2034 1699 2066 re

170 2086 416 2154 poeticae
449 2084 806 2152 inprimisque
838 2083 1157 2149 Virgilianae
1206 2085 1461 2136 orationis
1503 2086 1701 2154 pulcri-

170 2156 305 2208 tudo
339 2172 398 2206 ac
425 2155 745 2226 praestantia
779 2154 1088 2222 quaerenda
1119 2155 1185 2205 sit
1212 2157 1278 2221 *).

698 2290 742 2335 ὁ
915 2290 960 2335 ὑ
1129 2288 1174 2335 ὕ

310 2397 391 2448 Ab
417 2398 525 2448 istis
553 2397 682 2448 inde
710 2400 885 2464 anniS,
924 2398 1120 2467 quibus
1151 2397 1285 2449 haec
1313 2400 1505 2467 scripta
1534 2407 1698 2460 erant,

171 2468 383 2537 quoties
420 2470 700 2520 retractavi
734 2469 1018 2535 Georgica,
1065 2485 1178 2519 non
1218 2469 1444 2537 quidem
1477 2467 1699 2532 nullam,

168 2555 271 2588 nec
298 2548 481 2589 tamen
510 2541 856 2607 praecipuam
888 2539 1123 2606 aliquam
1151 2555 1375 2606 operam
1406 2539 1460 2588 in
1493 2538 1553 2588 iis
1580 2537 1698 2588 illu—

168 2608 396 2659 strandis
428 2626 742 2676 posueram;
791 2610 994 2678 quippe
1023 2609 1114 2676 qui
1145 2609 1351 2659 maiore
1388 2626 1512 2659 cum
1544 2607 1697 2658 volu-

167 2688 312 2746 ptate
345 2687 398 2728 et
437 2696 636 2747 operae
667 2678 847 2729 fructu
879 2681 935 2729 in
965 2678 1206 2728 Aeneide
1237 2696 1503 2742 versarer3
1551 2695 1697 2728 nunc

166 2759 348 2799 tamen
370 2789 383 2813 ,
431 2749 879 2817 quandoquidem
917 2749 1265 2798 novissimam
1299 2749 1462 2815 hanc,
1515 2748 1697 2816 quoad

212 2878 240 2922 ’)
266 2879 318 2912 De
337 2888 427 2912 anno
439 2903 448 2919 ,
474 2889 542 2924 quo
559 2877 693 2923 scripta
713 2877 784 2911 sint
798 2876 998 2923 Georgica,
1023 2875 1095 2912 vid.
1116 2876 1238 2913 Vitam
1255 2877 1399 2924 Virgilii
1421 2879 1467 2913 ad
1486 2891 1518 2913 a.
1539 2875 1620 2916 724.
