1734 3320
140 192 242 239 488
489 189 544 239 Ρ.
595 189 945 240 VIRGILII
988 188 1362 269 MARONIS
1415 183 1418 186 ’

138 314 330 378 Flexit,
378 324 431 365 et
448 313 648 366 infidos
669 315 867 381 agitans
890 274 1156 366 discoffiia
1153 288 1390 379 i'ratre53

137 387 247 436 Aut
267 385 545 436 coniurato
571 385 907 436 descendens
927 389 1100 438 Dacus
1123 386 1188 436 ab
1208 388 1423 449 Histr03

138 458 264 507 Non
283 471 369 506 res
393 458 675 508 Romanae
698 457 1046 524 perituraque
1065 471 1256 523 regna3
1294 473 1476 525 neque
1498 455 1587 507 ille

211 554 326 603 498
362 551 658 615 ROMANAE,
731 564 870 614 ILLE,

187 694 259 732 496
282 697 426 731 invidia
435 695 588 743 fratres
606 696 736 730 Moret.
757 708 842 739 sec„
868 708 887 729 e
905 696 1119 742 glossemate
1137 696 1209 731 τοῦ
1236 697 1438 732 discordia.
1533 695 1605 732 497
1628 697 1678 731 Ec

140 745 262 778 Acron
291 745 337 777 ad
363 745 488 777 Horat.
520 743 585 776 od.
614 745 646 785 Ι,
679 743 736 779 35.
771 745 840 785 III,
866 744 900 778 6.
950 742 1144 776 discedens
1160 743 1282 786 multi,
1320 743 1401 779 vide
1417 745 1534 778 Burm.
1583 744 1680 778 Daci

142 789 330 825 montibus
348 792 545 825 inhaerent
563 789 688 824 Florus
711 792 771 832 IV,
798 792 853 832 12,
879 790 933 825 18.
961 790 1082 835 (Voss.
1113 789 1227 824 edidit
1242 793 1357 825 Istro.
1406 792 1492 825 Cum
1510 790 1678 836 adspira—

140 838 239 872 tione
259 844 377 871 tamen
393 838 522 882 legitur
549 837 584 870 in
602 834 765 871 Mediceo
796 837 855 871 hic
882 844 916 871 et
934 837 998 870 Ge.
1018 838 1087 879 ΙΙΙ,
1111 837 1217 881 350.,
1253 838 1314 871 ubi
1330 837 1496 872 Heinsius
1527 838 1579 872 ita
1608 838 1678 872 hoc

140 897 269 918 nomen
291 885 327 918 in
346 884 547 931 praecipuis
568 884 668 918 libris
699 885 834 918 exarari
858 883 1067 926 sc1ibit‚in
1091 892 1213 928 partes
1240 891 1366 919 vocato
1400 886 1506 919 etiam
1531 887 1678 920 Terent

140 933 254 965 Maur.
282 945 333 966 vs.
370 933 451 967 218
485 932 580 976 Wr.)
697 932 768 967 498
795 944 855 966 res
887 935 932 965 Cr
936 944 1067 965 manae
1096 932 1261 966 Reiskius
1284 932 1516 975 emendabat,
1547 931 1586 966 id
1611 938 1676 976 est,

141 982 312 1013 Armenae
331 979 388 1012 vel
407 981 445 1012 P.
446 978 613 1020 irthicae3
639 991 716 1012 cum
734 979 915 1024 indignum
935 984 1055 1024 poeta,
1082 984 1119 1011 et
1140 979 1280 1026 quidem
1300 981 1472 1023 Romano,
1497 979 1553 1021 sit,
1578 992 1677 1013 rem-

141 1026 318 1072 publicam
337 1027 530 1060 Romanam
553 1035 727 1073 pentura
750 1039 869 1073 regna
897 1025 1091 1071 appellare.
1140 1027 1236 1061 conf.
1269 1028 1413 1062 Notam.
1459 1026 1582 1062 Simile
1599 1027 1677 1061 fere

141 1085 285 1107 acumen
303 1073 495 1118 argutantis
519 1073 749 1107 Grammatici
766 1080 820 1107 est
839 1074 934 1118 apud
956 1072 1130 1107 Rufinian.
1155 1074 1201 1108 de
1219 1074 1349 1108 schem.
1368 1073 1470 1108 Dian.
1492 1086 1574 1120 pag.
1593 1075 1677 1118 267,

142 1120 202 1166 qui
220 1120 337 1154 locum
354 1121 447 1154 inter
470 1133 529 1154 eas
549 1121 677 1166 figuras
696 1121 828 1163 refert,
862 1134 940 1155 cum
958 1120 1078 1154 dicere
1098 1121 1285 1155 manifeste
1311 1133 1438 1166 parum
1464 1128 1579 1156 tutum
1601 1127 1675 1155 est.

141 1167 296 1202 noluisse
317 1168 408 1202 adeo
435 1168 625 1214 Virgilium
640 1168 777 1203 dicere:
808 1169 896 1203 Non
913 1180 973 1202 res
988 1171 1181 1203 Romanae
1199 1177 1403 1215 periturae.

143 1285 291 1327 dentur
313 1317 324 1338 ,
383 1287 492 1327 inter
537 1288 876 1341 consanguineos,

140 1344 357 1384 Phraatem
394 1352 434 1385 et
477 1346 698 1385 Tiridatem
715 1377 725 1397 ,
776 1360 878 1399 quos

141 1417 215 1456 per
232 1405 378 1443 fratres
405 1404 605 1455 declarat,
637 1405 800 1457 agitata.
831 1405 878 1444 In

141 1460 241 1512 hoc,
280 1469 403 1516 puto,
443 1463 777 1515 acquiescendum
806 1469 877 1503 est.

143 1517 315 1574 (Eodem
356 1522 540 1575 exemplo
577 1535 676 1561 usus
709 1522 879 1561 eandem

143 1581 384 1618 sententiam
425 1580 610 1620 elocutus
641 1586 701 1619 est
734 1581 879 1620 Horat.

143 1637 220 1677 Od.
251 1638 293 1688 I,
334 1641 410 1689 26,
452 1641 478 1680 3
518 1653 602 1691 sqq.
651 1639 781 1679 Welz.
821 1661 880 1669 —

144 1695 291 1735 Veram
315 1710 397 1734 esse
424 1695 532 1736 113110
567 1697 879 1750 explicationem

141 1755 334 1807 probabit
354 1754 403 1803 Q.
426 1755 473 1793 V.
495 1756 687 1805 XXXVI,
700 1759 739 1798 7.
765 1757 835 1795 W
829 1754 877 1809 r.)

144 1814 247 1851 Sane
279 1813 398 1851 etiam
428 1813 470 1851 in
500 1813 690 1852 Armenia
715 1814 878 1863 maiore,

145 1885 239 1909 cum
278 1871 470 1909 Artaxiae
507 1871 727 1911 Artabazes
771 1872 879 1910 filius

145 1930 418 1980 successisset,
462 1930 615 1969 bellum
644 1930 678 1968 ei
711 1930 826 1968 civile
857 1944 880 1967 a

145 1987 315 2039 Tigrane
331 1988 480 2038 fratre,
512 1989 643 2027 Roma
665 1988 714 2026 ab
734 1987 879 2026 Arme—

144 2045 206 2084 nis
226 2045 426 2095 arcessito,
447 2054 604 2085 motum
622 2053 702 2096 est5
735 2060 880 2085 verum

142 2103 245 2143 haec
275 2105 317 2143 in
344 2118 498 2143 annum
528 2104 636 2155 734,
680 2105 882 2143 decimum

145 2176 167 2200 a
187 2177 322 2214 pugna
333 2162 511 2213 Actiaca,
529 2163 765 2216 proximum
787 2170 881 2202 ante

144 2221 299 2273 Virgilii
327 2222 513 2271 obitum,
546 2222 747 2260 incidunt.
796 2221 881 2260 vid.

145 2279 218 2318 Dio
250 2279 357 2330 LIV,
393 2282 430 2322 9.
493 2281 687 2318 Catroeus
718 2279 881 2331 quidem

145 2337 361 2376 secundam
396 2338 568 2389 aliquam
594 2339 882 2390 Georgicorum

144 2397 419 2434 recensionem
441 2396 777 2446 comminiscitur,
810 2395 881 2434 sed

144 2454 258 2492 nullo
285 2454 405 2505 plane
426 2460 497 2492 aut
519 2455 600 2494 levi
630 2460 879 2506 argumento,

144 2513 261 2550 Daca·
279 2519 426 2561 autem,
452 2511 563 2566 (cum
585 2513 696 2551 Getis
718 2513 770 2550 ad
789 2513 880 2551 Sla-

145 2569 255 2608 vicos
288 2570 459 2622 populos
494 2571 716 2609 referendi:
769 2570 882 2622 quod

147 2627 286 2666 docuit
300 2628 489 2666 Gatterer
506 2636 643 2668 noster
656 2630 880 2667 Comment.

146 2687 234 2725 Soc.
256 2687 302 2726 R.
320 2686 497 2738 Gotting.
515 2687 605 2726 Vol.
622 2687 680 2725 XI
701 2686 771 2725 ubi
791 2700 879 2739 pag.

149 2742 258 2798 186)
301 2744 370 2796 qui
397 2745 599 2783 montium
638 2745 730 2796 iuga
766 2750 878 2782 trans

145 2802 297 2841 Istrum
315 2802 564 2853 incolebant,
586 2802 696 2841 unde
715 2802 879 2839 descen-

145 2861 243 2899 dens
277 2862 448 2911 Dacus,
500 2867 550 2899 ut
585 2861 668 2899 fere
709 2873 877 2911 semper,

146 2921 299 2971 quoties
321 2927 523 2958 concretas
536 2920 637 2971 gelu
657 2917 878 2957 Danubius

146 2980 332 3016 iunxerat
358 2980 472 3029 ripas
486 3008 497 3027 ,
541 2977 741 3015 decurrere
773 2976 875 3014 sole—

935 1287 1032 1326 bant
1053 1293 1093 1326 et
1112 1289 1250 1327 vicina
1261 1287 1471 1340 ‘populari
1481 1318 1493 1338 ,
1526 1286 1675 1326 Florus

935 1346 1012 1396 IV,
1043 1349 1118 1397 12,
1153 1348 1228 1388 18:
1278 1346 1339 1384 ita
1367 1346 1452 1385 .illo
1492 1351 1677 1399 tempore

935 1404 1108 1457 Mysiam
1122 1410 1163 1443 et
1183 1418 1282 1443 mox
1302 1403 1518 1443 Thraciam
1537 1410 1676 1443 vasta—

935 1463 1049 1503 bant.
1097 1463 1181 1501 Iam
1202 1461 1287 1505 724
1309 1463 1493 1502 Statilius
1517 1462 1677 1502 Taurus

938 1522 1142 1560 Dacorum
1175 1520 1333 1574 agmina
1362 1521 1544 1575 palantia
1571 1521 1678 1562 reie-

940 1581 1005 1619 cit.
1064 1580 1207 1619 Missus
1230 1579 1427 1620 adversus
1447 1593 1514 1618 eos
1535 1585 1576 1618 et
1596 1580 1677 1619 Ba-

940 1645 1097 1678 stamas
1127 1637 1180 1677 M.
1208 1638 1395 1688 Crassus,
1437 1638 1479 1677 C.
1507 1638 1677 1677 caesare

938 1697 994 1747 V,
1026 1702 1067 1735 et
1100 1697 1192 1735 Sex.
1223 1694 1394 1749 Apuleio
1420 1696 1536 1735 Coss.
1560 1695 1607 1735 U.
1634 1696 1676 1735 C.

940 1755 1037 1798 725.
1097 1755 1171 1793 Dio
1194 1754 1263 1805 LI,
1292 1768 1324 1793 0.
1349 1757 1404 1796 28
1432 1768 1517 1806 sqq.
1553 1754 1604 1793 de
1627 1754 1677 1794 iis

938 1811 1214 1865 triumphavit
1233 1826 1266 1851 a.
1286 1815 1382 1855 727.
1413 1814 1518 1851 Ister
1533 1815 1676 1851 eoniu-

938 1879 1072 1920 ratzcs,
1106 1870 1149 1910 h.
1170 1870 1311 1923 populi
1333 1870 1386 1909 ad
1406 1869 1556 1910 Istrum
1571 1901 1581 1920 ,
1608 1870 1678 1923 qui

939 1943 1051 1967 arma
1070 1942 1163 1967 eum
1184 1928 1230 1967 iis
1253 1928 1474 1970 sociabant.
1514 1929 1577 1968 Ex
1599 1943 1677 1967 no-

939 1995 1025 2026 stro
1048 1988 1202 2026 Statius
1222 1987 1239 2025 I
1263 1986 1388 2026 Theb.
1411 1989 1469 2029 20
1503 1988 1559 2026 Et
1578 2001 1695 2025 cone<

940 2048 1071 2084 iurato
1113 2045 1284 2084 deiectos
1328 2047 1472 2086 vertice
1513 2046 1672 2084 Dacos.

941 2103 1067 2142 Iidem
1100 2103 1196 2142 Daci
1232 2116 1326 2142 eum
1346 2103 1470 2142 ..Getis
1509 2102 1676 2155 aliisque

938 2162 1123 2201 barbaris
1142 2176 1226 2201 non
1244 2168 1454 2201 cessarunt
1466 2161 1570 2200 Istro
1588 2162 1676 2214 gla-

941 2220 999 2259 cie
1025 2226 1216 2259 concreto
1244 2221 1448 2259 Romanos
1471 2219 1571 2258 fines
1600 2232 1676 2259 va-

939 2284 1046 2317 stare
1065 2309 1076 2328 ‚
1128 2278 1257 2317 donec
1293 2278 1345 2326 Q.
1384 2278 1597 2317 Tuberone
1636 2284 1677 2316 et

941 2337 1081 2376 Paullo
1119 2337 1245 2376 Fabio
1284 2337 1390 2376 Coss.
1420 2337 1468 2376 U.
1502 2336 1544 2375 C.
1577 2335 1675 2387 743,

939 2401 980 2434 et
1000 2409 1106 2433 anno
1126 2395 1309 2447 sequenti
1327 2394 1544 2448 perdomiti
1562 2400 1673 2444 sunt,

938 2454 1134 2504 littusque
1163 2453 1331 2492 castellis
1353 2458 1395 2491 et
1413 2452 1518 2491 vallo
1538 2452 1676 2491 muni-

938 2517 1029 2550 tum
1064 2518 1133 2550 est.
1182 2512 1232 2550 cf.
1264 2513 1430 2550 Sueten.
1461 2510 1606 2549 octav.
1640 2523 1673 2549 c.

938 2573 1007 2611 21.
1049 2569 1238 2608 Ceterum
1257 2569 1495 2621 Epicuream
1511 2568 1675 2620 sapien-

938 2628 1038 2666 tiam
1061 2627 1110 2666 ab
1135 2627 1244 2666 omni
1263 2626 1471 2679 republica
1488 2625 1673 2665 homines

939 2698 1243 2735 avocasse,'res
1268 2691 1328 2722 est
1356 2685 1451 2723 satis
1479 2691 1578 2723 nota
1606 2684 1674 2724 vel

938 2756 989 2781 ex
1011 2743 1219 2782 Ciceronis
1235 2742 1587 2795 disputationibus.

995 2800 1093 2843 498.
1140 2802 1323 2852 peritura
1357 2815 1487 2854 regna
1507 2831 1518 2850 ,
1570 2813 1672 2852 quae

936 2865 1130 2911 pereunt,
1163 2858 1330 2910 afflicta3
1360 2859 1405 2898 in
1433 2872 1573 2912 prosa:
1602 2871 1672 2898 re-

935 2931 1107 2968 gnorum
1134 2931 1295 2967 rumas,
1327 2917 1575 2966 eversiones,
1605 2916 1672 2955 in-

938 2976 1078 3014 teritus
1099 2975 1158 3014 nil
1182 2971 1318 3027 curat,
1348 2981 1451 3027 quot
1471 2974 1578 3014 enim
1602 2986 1670 3013 re-
