1734 3320
150 207 254 257 346

465 206 521 255 P.
565 204 930 256 VIRGILII
973 206 1353 257 MARONIS

151 331 391 398 Stuppea
426 339 780 399 torquentem
804 332 1034 383 Balearis
1059 332 1287 383 verbera
1311 330 1540 386 fundae:

151 404 335 467 Quum
366 402 454 452 nix
494 402 595 453 alta
630 403 794 469 iacet,
840 403 1066 468 glaciem
1101 421 1272 472 quum
1302 401 1528 454 flumina
1566 413 1681 454 tru—

946 473 1114 525 dunt.
1578 481 1681 527 310

221 541 366 606 Quid
392 550 740 610 tempestates
766 545 1040 593 auctumni
1071 553 1124 594 et
1145 543 1320 594 sidera
1346 542 1557 596 dicam?

146 614 353 680 Atque,
389 613 485 663 ubi
511 614 617 663 iam
639 614 968 681 breviorque
997 613 1111 664 dies
1138 623 1190 664 et
1216 613 1438 664 mollior
1462 623 1645 680 aestaS,
1714 662 1715 673 ,

148 685 301 748 Quae
320 683 585 749 vigilanda
603 685 760 736 viris?
788 683 875 735 vel
892 699 1063 752 quum
1075 685 1183 735 ruit
1203 682 1548 736 imbriferum
1567 702 1678 751 ver,

218 770 336 818 313.
372 782 498 830 VEL,

192 884 264 920 309
288 892 512 930 torquentur
540 883 637 918 Toll.
662 883 743 918 edd.
770 884 863 919 Ven.
890 890 928 918 et
943 883 1092 919 Mediol.
1140 893 1314 932 torquere
1338 884 1475 919 Zulich.
1502 897 1524 919 a
1542 897 1589 919 m.
1608 898 1680 920 sec.

147 938 367 978 torquentes
390 932 580 966 Romanus.
628 933 784 979 Stippea
809 932 934 977 fragm.
961 933 1091 966 Moret.
1141 935 1311 980 Stuppea
1330 933 1434 967 Rom.
1462 932 1591 967 Medic.
1617 933 1682 967 alii

146 977 325 1021 scribunt,
359 990 426 1023 qua
443 979 483 1012 in
499 991 540 1012 re
559 991 683 1024 parum
701 978 770 1012 sibi
791 986 953 1013 constant
971 979 1104 1026 antiqui
1129 980 1293 1021 codices3
1326 992 1408 1014 nam
1425 992 1469 1014 ex
1489 991 1589 1014 more
1612 993 1680 1026 ge-

145 1025 310 1059 minatam
332 1024 491 1060 litteram
513 1038 582 1060 una
602 1026 760 1060 scribere
778 1026 956 1061 debebant
974 1026 1205 1073 antiquiores.
1250 1028 1397 1073 (Verum
1415 1039 1488 1061 non
1505 1028 1542 1061 in
1562 1028 1680 1062 omni-

145 1073 211 1106 bus
229 1072 409 1106 vocabulis
426 1074 588 1119 regnavit
605 1074 695 1108 haec
713 1074 944 1108 consuetudo.
993 1077 1159 1121 Stuppa,
1184 1083 1375 1122 stuppeas,
1400 1074 1531 1120 ubique
1548 1075 1680 1110 Medic.

151 1119 248 1163 IVr.)
284 1122 426 1167 Stupea
447 1121 579 1154 editum
602 1127 678 1155 erat
696 1120 733 1153 in
752 1121 857 1155 Aldd.
877 1134 931 1166 pr.
953 1128 988 1154 et
1005 1134 1096 1164 sec.‚
1120 1122 1159 1155 111
1179 1121 1346 1155 Commel.
1366 1129 1402 1156 et
1420 1122 1467 1156 31.
1503 1123 1682 1168 (Baliaris

143 1166 273 1201 Medic.
296 1180 317 1200 a
335 1179 381 1201 m.
399 1179 455 1212 pr.
493 1167 589 1213 Wr.)

143 1221 302 1249 notatum
317 1214 417 1248 vidit.
466 1217 521 1250 Ita
540 1222 575 1249 et
593 1227 652 1257 ea,
680 1227 769 1260 quae
788 1217 844 1250 ed.
860 1228 913 1261 pr.
932 1217 1050 1250 Burm.

683 1168 755 1203 310
778 1171 863 1203 iecit
890 1170 1089 1213 Romanus,
1122 1175 1183 1203 aut
1209 1169 1325 1203 verius
1352 1171 1466 1216 tegit,
1498 1175 1538 1203 ut
1561 1171 1678 1204 Burm-

1121 1217 1190 1253 311
1218 1225 1254 1249 et
1268 1215 1424 1264 frigora
1441 1229 1528 1250 unus
1546 1217 1680 1251 Moreti

145 1267 183 1295 et
202 1273 290 1295 unus
309 1262 499 1306 Arundel„
523 1275 589 1297 nec
607 1274 680 1297 non
700 1264 806 1297 Goth.
828 1276 898 1297 sec.
918 1263 956 1296 111
973 1263 1098 1304 litura;
1124 1264 1189 1297 sed
1211 1263 1392 1309 vulgatum
1412 1276 1532 1298 verum
1557 1270 1593 1298 et
1613 1277 1679 1298 ex-

143 1308 328 1355 quisitum3
353 1309 425 1344 vid.
446 1311 552 1352 Not.;
579 1316 616 1344 et
634 1316 757 1344 natum
771 1311 866 1345 forte
885 1310 983 1344 istud
1002 1323 1044 1344 ex
1064 1312 1196 1356 Georg.
1219 1312 1262 1353 11,
1283 1311 1352 1346 321
1380 1312 1508 1345 Prima
1524 1312 1587 1345 vel
1605 1325 1679 1346 aa-

144 1358 285 1390 ctumni
303 1355 371 1390 sub
380 1356 547 1404 frigora.

642 1358 713 1394 312
738 1359 836 1401 dies,
859 1360 933 1392 iam
948 1359 1093 1392 mollior
1112 1370 1198 1392 unus
1214 1358 1344 1400 Mead„
1369 1358 1466 1404 quod
1482 1358 1678 1404 perplacet.

144 1404 195 1449 (at
212 1403 381 1449 displicet
398 1404 522 1439 Iahnio
545 1405 591 1439 ad
606 1407 693 1439 Aen.
714 1407 743 1448 I,
760 1407 840 1447 9o.;
873 1412 993 1440 tamen
1005 1432 1015 1449 ,
1041 1406 1072 1439 si
1093 1418 1133 1439 ea
1157 1412 1252 1439 esset
1268 1404 1423 1451 plurium
1442 1411 1479 1439 et
1496 1405 1679 1452 potiorum

141 1450 314 1484 librorum
331 1451 440 1486 lectio
452 1478 462 1496 ,
483 1452 580 1486 haud
600 1459 807 1487 cunctanter
822 1453 859 1487 in
879 1460 1011 1486 textum
1032 1453 1252 1487 admittenda
1271 1459 1385 1494 esset3
1414 1452 1486 1487 vid.
1504 1465 1594 1499 quae
1608 1466 1679 1487 no-

141 1498 213 1532 tavi
231 1499 277 1533 ad
295 1498 370 1533 Ecl.
386 1501 450 1544 IV,
472 1501 506 1536 6.
536 1500 632 1546 Wr.)

141 1546 313 1581 Rottend.

130 1653 266 1706 figere
281 1653 376 1704 telo,
391 1652 641 1706 transfigere.
673 1656 770 1697 309.
788 1669 880 1694 ver-

142 1712 236 1751 bera
240 1712 408 1764 fundae
427 1718 550 1765 poeta
567 1726 642 1766 pro
663 1712 792 1752 sunda
815 1713 879 1751 dj—

142 1770 229 1820 xit,
261 1784 282 1808 e
314 1777 436 1824 stupa
466 1772 596 1822 sacta,
627 1771 780 1810 maiore
809 1785 880 1810 or-

142 1834 266 1879 natu,
298 1836 498 1881 quatenus
523 1843 569 1867 ea
588 1830 792 1879 verberat,
817 1830 879 1867 fe-

141 1887 219 1936 rit,
261 1887 405 1926 emisso
435 1901 554 1938 saxo,
593 1887 704 1939 quod
734 1887 880 1926 iacitur

143 1945 472 1999 circumagendo,
502 1945 734 1998 torquendo
746 1976 757 1997 ,
781 1946 882 1985 fun-

143 2003 250 2043 dam.

202 2064 283 2103 311
296 2084 355 2091 --
364 2061 461 2104 315.
486 2062 762 2115 Tempestates
781 2062 882 2101 sub-

141 2119 293 2172 iungit,
340 2133 441 2172 quae
471 2119 628 2159 duabus
665 2121 882 2174 praecipue

142 2177 239 2217 anni
284 2179 472 2232 partibus
521 2179 773 2231 frequentius
813 2180 882 2218 in-

140 2250 285 2289 gruere
306 2237 450 2287 solent,
479 2238 553 2276 sub
575 2237 783 2278 auctumni
799 2237 874 2276 ini-

139 2294 247 2334 tium
277 2292 333 2349 (v.
362 2298 459 2337 311.
486 2299 584 2338 312.
614 2294 717 2351 313)
741 2295 837 2334 inde
858 2310 881 2333 a

140 2353 274 2397 medio
304 2352 509 2405 Augusto,
551 2354 705 2393 Colum.
734 2355 806 2404 XI,
837 2357 878 2405 2,

142 2411 212 2460 57.
240 2411 317 2461 58,
354 2417 393 2450 et
413 2413 487 2451 sub
511 2413 620 2452 veris
644 2412 797 2451 exitum
821 2410 878 2466 (v.

141 2471 239 2515 313.
260 2467 357 2511 314.
380 2469 480 2525 315)
507 2470 561 2510 M.
580 2470 711 2524 Aprili
731 2470 878 2510 medio.

141 2527 363 2566 Columella
379 2528 476 2567 ibid.
494 2527 536 2582 ς.
554 2532 608 2572 36
627 2543 711 2581 sqq.
743 2529 880 2578 Quam

139 2598 240 2626 vero
260 2592 402 2625 ornate
421 2586 523 2625 haec
548 2587 666 2638 dixit,
695 2593 736 2625 et
757 2601 879 2640 quam

138 2644 332 2697 proclivis
366 2644 462 2683 hinc
499 2646 552 2684 ad
581 2646 879 2685 ornatissimam

138 2703 392 2756 tempestatis
424 2704 598 2742 aestivae
637 2704 879 2757 descriptio-

138 2775 235 2801 nem
251 2761 336 2801 via!
367 2762 510 2800 Sidera
527 2764 757 2811 auctumni,
784 2762 878 2813 quja

141 2819 196 2859 ad
208 2820 386 2860 siderum
403 2826 517 2858 ortus
534 2825 575 2858 et
592 2833 756 2858 occasus
770 2826 878 2858 tem-

138 2885 345 2932 pestatum
377 2884 558 2931 tempora
597 2884 719 2929 atque
756 2878 877 2916 etiam

141 2952 301 2977 caussas
336 2937 578 2977 referebant.
629 2936 678 2975 cf.
713 2950 752 2975 v.
779 2935 875 2979 335.

142 2995 295 3049 Atque,
325 2995 425 3048 quid
452 2995 605 3046 dicam,
638 3010 743 3048 quae
762 2996 876 3046 vigi-

732 1501 804 1537 313
829 1509 866 1535 ec
890 1513 972 1534 cum
993 1514 1023 1535 r.
1046 1513 1135 1535 unus
1151 1500 1269 1535 Mead.
1320 1498 1561 1548 umbrzferum
1582 1501 1677 1536 alter

938 1653 1069 1692 landa
1099 1655 1199 1693 viris
1228 1654 1330 1705 sint,
1374 1652 1445 1693 ubi
1473 1656 1560 1693 iam
1586 1654 1644 1694 br.
1657 1672 1674 1704 ‚-

939 1725 1043 1763 quae
1068 1712 1251 1752 curanda
1274 1719 1314 1752 et
1339 1712 1596 1766 providenda
1617 1714 1674 1768 (v.

939 1772 1052 1809 Serv.
1080 1777 1119 1808 et
1138 1770 1294 1826 Burm.)
1325 1772 1375 1811 ab
1399 1771 1580 1823 agricolis
1601 1773 1675 1811 sub

937 1835 1222 1868 auctumnum:
1252 1829 1347 1868 inde
1377 1843 1400 1867 a
1426 1830 1560 1869 medio
1586 1830 1676 1870 Au-

936 1893 1054 1939 gusto
1067 1918 1077 1937 ,
1117 1894 1167 1926 ut
1197 1888 1385 1927 diximus.
1425 1889 1586 1927 mollior
1602 1904 1675 1928 ae—

938 1953 1048 1995 stas,
1082 1945 1234 1984 leniore
1252 1947 1404 1996 calore,
1437 1960 1531 1985 cum
1547 1947 1675 1987 vehe-

938 2004 1116 2043 mentior
1155 2010 1289 2044 aestus
1322 2005 1405 2043 13111
1437 2005 1593 2044 remisit
1620 2020 1674 2045 se.

939 2063 1006 2101 vel
1042 2077 1168 2114 quum
1205 2065 1286 2101 ruit
1320 2063 1435 2101 imbr.
1476 2078 1570 2103 ver.-
1618 2064 1673 2103 M.

939 2118 1090 2172 Aprili,
1130 2121 1238 2160 circa
1257 2121 1526 2174 Vergiliarum
1551 2135 1675 2162 exor-

940 2184 1047 2217 tum:
1078 2178 1305 2219 videndum
1321 2193 1452 2230 nunc,
1482 2180 1674 2221 imbrium

937 2237 1216 2289 ingruentium
1240 2238 1284 2278 vi
1313 2252 1365 2277 ne
1403 2238 1498 2277 anni
1532 2253 1620 2292 spes
1650 2254 1674 2278 a

936 2296 1124 2348 procellis
1137 2297 1388 2349 profligetur,
1407 2298 1673 2350 sementisque

937 2355 1044 2393 facta
1060 2356 1289 2407 proluatur.
1324 2353 1444 2409 (ruit,
1480 2355 1533 2394 ad
1550 2356 1673 2396 finem

936 2413 1068 2465 vergit
1082 2443 1092 2463 ,
1147 2414 1445 2466 interpretatur
1487 2414 1649 2454 Vossius
1661 2430 1672 2466 ;

936 2470 1236 2511 Wunderlich.:
1259 2471 1434 2510 festinat.
1477 2472 1673 2524 Equidem

938 2529 991 2567 ad
1010 2529 1203 2569 imbrium
1229 2530 1315 2569 vim
1342 2530 1494 2569 referre
1520 2532 1670 2582 malim,

937 2587 987 2626 de
1012 2588 1158 2638 quibus
1183 2602 1293 2626 ruere
1319 2588 1483 2640 proprie
1506 2589 1669 2629 dicitur.

940 2646 1012 2685 W
1005 2645 1060 2700 r.)
1115 2647 1289 2684 Horrere
1308 2643 1409 2699 (vid.
1434 2647 1487 2686 ad
1506 2662 1545 2687 v.
1567 2646 1668 2703 151)

936 2705 1031 2755 agri
1046 2710 1118 2742 aut
1135 2712 1286 2756 ,segetes
1303 2710 1344 2742 et
1361 2713 1454 2744 sata
1474 2706 1670 2750 dicuntur

934 2762 1040 2812 sere,
1079 2776 1172 2801 cum
1197 2762 1341 2801 aristae
1370 2763 1453 2803 iam
1485 2771 1669 2804 maturae

935 2825 1052 2871 sunt,
1091 2819 1133 2860 h.
1158 2821 1185 2859 l.
1215 2834 1321 2873 seges
1346 2822 1585 2874 lactescens,
1625 2823 1669 2863 in

934 2879 1090 2929 stipula
1110 2878 1152 2917 h.
1181 2880 1312 2918 culmo
1342 2882 1492 2930 νίηὶίἰῑ
1524 2881 1669 2934 vagina

933 2936 1050 2976 Varr.
1068 2937 1099 2986 I,
1122 2935 1191 2988 48,
1219 2941 1257 2979 3.
1300 2939 1348 2977 cf.
1367 2938 1478 2978 Iliad.
1500 2949 1557 2992 ψ,
1583 2940 1668 2983 598

933 3008 990 3046 sq.
1021 2995 1104 3035 vid.
1125 2996 1266 3036 Cerda.
1299 2995 1513 3060 (inhorrere
1533 2997 1584 3036 de
1599 3011 1667 3037 re-
