1734 3320
138 241 244 289 664

471 236 528 286 Ρ.
565 234 926 287 VIRGILII
970 234 1350 288 MARONIS

140 364 359 431 Quippe
387 362 458 412 ita
479 365 740 430 Neptuno
766 361 943 412 visum
969 371 1068 414 est:
1106 362 1343 413 inmania
1366 363 1516 413 cuius

137 438 399 486 Armenta
425 441 479 484 et
498 433 670 501 turpis
692 432 859 500 pascit
882 431 981 482 sub
1002 434 1212 500 gurgite
1238 433 1456 501 phocas,

1580 438 1684 488 395

136 506 237 556 Hic
263 504 386 570 tibi,
424 512 574 568 nate,
611 504 761 571 prius
786 502 973 553 vinclis
1005 503 1323 572 capiendu5,
1360 513 1422 555 ut
1455 521 1684 557 omnem

135 575 400 643 Expediat
419 574 602 625 morbi
625 590 863 639 causam,
902 583 1239 643 eventusque
1263 575 1540 630 secundet.

136 651 276 699 Nam
308 647 424 696 sine
446 646 498 696 vi
520 661 634 695 non
659 644 767 694 ulla
793 644 942 695 dabit
962 654 1275 713 praecepta,
1311 663 1496 714 neque
1529 646 1682 698 illum

140 717 366 770 Orando
388 715 602 779 flectes;
638 715 750 766 vim
773 714 967 766 duram
991 725 1046 767 ct
1067 715 1279 768 vincula
1299 725 1455 785 capto

209 817 327 865 396.
365 824 663 862 CAPIUNDUS

183 954 256 990 396

306 961 395 988 nate
418 952 491 997 alii,
516 960 553 988 et
573 952 624 988 sic
646 952 786 998 aliquae
811 958 895 986 ante
916 952 1040 987 Heius.
1066 952 1151 999 (vid.
1172 954 1216 996 Q.
1229 954 1499 997 V.XXXV111,
1523 955 1558 991 2.
1585 955 1682 1001 Wr.)

137 1003 266 1048 capien
297 1013 341 1034 us
367 1001 492 1036 itidem
522 1009 603 1035 ante
634 1001 782 1043 Heius„
816 1006 857 1033 ut
883 1000 1016 1035 Medic.
1047 1007 1084 1034 et
1113 1001 1185 1035 alii.
1221 1001 1440 1049 (capiendus
1464 1014 1507 1036 ex
1529 1003 1684 1037 omnium

136 1049 306 1082 librorum
340 1049 555 1083 auctoritate
584 1048 768 1089 revocavi5
802 1048 1016 1095 capiundas
1043 1048 1145 1083 unius
1174 1048 1285 1084 Nouii
1313 1049 1384 1083 fide
1414 1049 1551 1085 nititur.
1581 1051 1682 1097 Wr.)

136 1096 328 1143 capiendis
349 1097 484 1131 vinclis
502 1098 605 1130 Rom.
657 1096 769 1130 undis
785 1095 991 1142 capiendus
1009 1096 1111 1131 Leid.
1154 1097 1368 1144 carpendus
1385 1097 1480 1132 Toll.
1522 1107 1684 1147 captan-

137 1143 209 1177 dus
229 1144 301 1177 Erf.
351 1152 389 1178 ec
410 1157 549 1179 omnem
569 1144 660 1177 Gud.
691 1156 712 1177 a
738 1155 785 1177 m.
810 1155 884 1177 sec.
902 1143 1050 1177 Mentel.
1078 1151 1161 1179 tert.
1181 1144 1289 1178 Goth.
1309 1157 1364 1190 pr.

897 1191 969 1227 398
1005 1191 1093 1226 Non
1122 1193 1204 1226 sine
1229 1193 1268 1226 νί
1300 1204 1378 1227 non
1407 1193 1517 1227 nulla
1544 1194 1680 1229 Zuhch.

137 1191 246 1225 diunt
273 1192 375 1225 Rom.
434 1192 609 1226 secondet
646 1190 782 1225 Zulich.

1459 1146 1531 1182 397
1555 1149 1683 1202 Expe-

136 1239 224 1272 Non
263 1240 344 1272 sine
373 1239 480 1273 etiam
519 1239 611 1272 alter
641 1238 814 1272 Rottend.
863 1237 968 1273 dabit
996 1251 1178 1287 responsa
1209 1239 1347 1273 Probus
1374 1243 1462 1274 Arte
1491 1241 1683 1277 Grammat.

135 1285 237 1329 lib.1,
247 1298 289 1319 ex
308 1286 618 1333 interpretatione.
645 1287 696 1332 (et
713 1294 919 1340 praecepta
938 1298 1005 1331 per
1018 1299 1200 1335 responsa
1213 1286 1412 1333 explicatur
1432 1288 1527 1333 apud
1537 1288 1682 1324 Philar-

137 1345 217 1378 gyr.
230 1339 267 1367 et
286 1333 323 1367 in
339 1334 574 1369 Serv.Dresd.
602 1337 660 1370 W
654 1334 698 1379 r.)
749 1346 870 1380 neque
884 1346 1005 1381 zpsum
1025 1347 1092 1380 pro
1115 1334 1185 1368 div.
1197 1334 1281 1369 lect.
1294 1335 1386 1370 Gud.

1452 1336 1524 1372 399
1534 1338 1684 1384 flectes,

137 1381 235 1427 quod
256 1381 388 1427 ubique
410 1383 549 1424 editur,
586 1383 688 1416 Rom.
719 1393 797 1415 cum
818 1380 897 1414 aliis
921 1381 1055 1425 Pierii,
1078 1381 1262 1416 Mediceus
1284 1382 1472 1428 Fogginii,
1498 1385 1590 1419 Gud.
1611 1385 1683 1419 duo

135 1429 310 1463 Rottend.
361 1430 489 1464 vinces
505 1429 635 1476 reliqui
653 1428 858 1471 Heinsiani,
895 1428 966 1463 duo
988 1431 1105 1464 Burm.
1138 1442 1215 1464 cum
1236 1430 1292 1465 ed.
1309 1431 1400 1465 Ven.
1423 1431 1556 1466 Medic.
1574 1432 1684 1467 Pierii

138 1482 176 1509 et
193 1477 279 1519 Erf„
304 1477 459 1523 quinque
488 1478 583 1523 apud
610 1476 753 1511 Mai-tin.
783 1476 895 1510 Goth.
922 1489 992 1511 sec.
1019 1478 1070 1524 (et
1086 1479 1121 1513 2.
1140 1477 1175 1513 4.
1197 1479 1230 1514 8.
1254 1479 1289 1514 9.
1320 1479 1442 1524 Wr.)‚

1478 1480 1575 1525 quod
1590 1482 1684 1515 Bur-

135 1536 281 1558 mannus
299 1537 367 1570 pro
387 1537 471 1559 vero
494 1525 672 1567 habebat,
698 1524 847 1558 alterum
867 1536 936 1570 pro
957 1524 1291 1572 interpretamento.
1325 1526 1414 1571 (non
1436 1526 1592 1562 sentiens
1620 1528 1683 1563 ille

136 1571 296 1618 quidem,
321 1584 425 1618 quam
442 1572 594 1607 molesta
615 1573 704 1607 haec
724 1571 796 1606 sint
815 1571 980 1607 auribus:
1006 1574 1276 1608 vinces—vim
1289 1573 1503 1609 —vincula.
1533 1578 1592 1612 W
1587 1576 1633 1624 r.)

137 1690 305 1742 dixisse,
336 1691 410 1731 sed
438 1692 570 1732 multo
598 1692 722 1746 magis
753 1706 876 1746 prae-

135 1750 266 1789 sentia
300 1751 418 1790 bonis
452 1751 629 1791 consiliis
657 1751 810 1791 rexisse
836 1758 878 1791 et

134 1809 358 1860 praeterita
379 1810 514 1849 animo
538 1810 717 1849 tenuisse
737 1810 877 1849 dicen-

135 1867 237 1906 dum
265 1874 338 1908 est.
405 1868 522 1908 Versi
558 1875 696 1907 autem
733 1882 877 1908 versus

135 1939 188 1964 ex
215 1925 329 1965 Iliad.
359 1943 408 1978 α,
437 1930 506 1970 70.
566 1926 878 1979 Antiquioribus

134 1983 199 2023 his
234 1984 334 2035 diis,
374 1991 423 2024 ut
454 1986 627 2036 Proteo,
657 1986 717 2025 ita
733 1985 878 2036 Nereo,

136 2043 292 2082 Glauco
340 2041 415 2097 (cf.
460 2045 554 2084 Not.
595 2044 647 2084 ad
686 2043 877 2098 Apollod.

134 2116 175 2155 p.
204 2099 344 2154 416),
380 2102 438 2141 sic
464 2103 636 2154 Terrae,
676 2102 877 2154 Themidi,

135 2160 353 2200 divinandi
379 2161 441 2200 vis
474 2162 603 2201 tribui
627 2162 764 2214 solita,
802 2175 879 2201 nec

134 2219 231 2258 satis
251 2225 427 2270 constat,
449 2234 530 2272 qua
550 2220 600 2259 de
622 2234 774 2272 caussa,
798 2220 878 2260 nisi

132 2279 261 2328 forte,
293 2278 388 2330 quia
417 2278 467 2317 de
488 2279 535 2318 iis
567 2280 877 2332 antiquioribus,

133 2343 345 2388 tamquam
372 2343 475 2377 natu
495 2338 736 2390 maioribus,
772 2352 877 2392 pru—-

134 2395 274 2435 dentia
296 2395 492 2448 insignior
515 2397 745 2449 praedicari
764 2398 877 2437 solet.

135 2452 239 2507 (vid.
269 2454 320 2492 de
347 2468 407 2494 VS.
429 2457 527 2498 393.
558 2456 605 2496 V.
630 2456 673 2496 L.
706 2462 748 2496 et
770 2456 877 2509 Eleg.

133 2512 186 2551 ad
219 2512 374 2552 Messal.
402 2527 442 2566 p.
471 2512 541 2555 41.
587 2513 716 2570 Wr.)
778 2516 876 2558 394.

132 2570 233 2614 395.
270 2571 431 2623 Qmppe
449 2573 509 2610 ita
522 2573 722 2625 Neptuno
743 2575 879 2613 visum

132 2631 191 2668 'est
204 2645 216 2666 :
248 2628 291 2668 h.
310 2629 490 2682 Neptuni
506 2630 702 2670 beneficio
714 2661 725 2682 ‚
756 2638 807 2671 ut
825 2632 880 2671 sit

131 2686 254 2742 γέρας
273 2702 297 2726 a
328 2688 520 2740 Neptuno
548 2696 773 2742 acceptum.
832 2690 880 2729 In

130 2746 212 2785 hoc
230 2759 331 2786 vero
366 2751 440 2786 aut
460 2746 685 2800 mythicam
715 2748 880 2787 subtili-

129 2811 260 2845 tatem
301 2804 480 2858 neglexit
539 2812 692 2859 poeta3
742 2806 877 2845 Protei

131 2863 262 2915 enim,
300 2864 334 2903 si
360 2863 527 2916 quidem
557 2864 711 2903 Oceani
733 2871 775 2904 et
796 2865 876 2903 Te-

130 2921 253 2975 thyos
281 2922 416 2975 proles
440 2921 540 2973 suit,
581 2936 707 2975 genus
734 2929 775 2962 et
795 2921 875 2961 ho-

129 2995 250 3020 nores
267 2981 460 3034 Neptuno
483 2981 731 3034 antiquiores
759 2987 873 3032 sunt,

130 3045 204 3078 aut
234 3039 419 3092 sequitur
445 3053 534 3091 eos,
578 3040 646 3093 qui
678 3041 873 3080 Proteum

935 1692 1116 1746 Neptuni
1153 1692 1285 1732 filium
1334 1692 1563 1735 ediderant.
1615 1697 1684 1735 in-

937 1754 1083 1791 mania
1113 1754 1336 1803 Armenta,
1377 1759 1565 1793 monstra
1593 1768 1683 1794 ma-

935 1811 1027 1850 rina
1041 1841 1051 1859 ,
1084 1810 1195 1850 inter
1221 1824 1326 1862 quae
1347 1811 1533 1864 phocae,
1563 1813 1683 1853 nobis

936 1869 1060 1909 vituli
1092 1883 1165 1908 seu
1181 1869 1309 1909 boves
1334 1870 1503 1921 marini,
1534 1879 1682 1924 turpes,

935 1927 1055 1967 foeda
1073 1927 1226 1982 specie:
1253 1934 1304 1967 ut
1327 1942 1415 1981 sup.
1439 1929 1509 1969 Ge.
1535 1929 1601 1980 ΙΙΙ,
1625 1930 1683 1974 52

935 1986 1056 2026 bovis
1078 1995 1191 2039 turpe
1210 1995 1351 2038 caput.
1394 1987 1583 2028 Exornat
1603 2002 1682 2028 au-

934 2051 1020 2084 tem
1037 2043 1101 2084 his
1122 2045 1307 2085 versibus
1325 2043 1430 2085 illud
1447 2046 1525 2087 Od.
1537 2048 1574 2098 δ,
1595 2049 1682 2090 386

941 2100 1237 2154 Ποσειδάωνος
1288 2100 1503 2159 Ιὗσιτοδμώς.
1573 2105 1683 2145 Hinc

935 2161 1083 2202 Horat.
1114 2163 1248 2202 carm.
1279 2162 1319 2213 Ι,
1349 2165 1378 2205 2
1425 2163 1555 2202 Omne
1587 2179 1683 2203 cum

935 2222 1107 2260 Proteus
1134 2235 1264 2273 pecus
1299 2226 1373 2261 etc.
1387 2252 1398 2273 ,
1441 2228 1483 2261 et
1513 2223 1681 2263 omnino

935 2280 1068 2333 poetis
1102 2279 1202 2319 hinc
1237 2280 1367 2333 pastio
1401 2287 1683 2321 monstrorum

935 2338 1202 2378 marinorum.
1260 2339 1367 2378 Nata
1396 2345 1533 2379 autern
1561 2339 1683 2379 vide-

937 2403 1011 2436 tur
1032 2398 1171 2437 fabula
1203 2397 1422 2438 Homerica
1453 2412 1506 2437 ex
1537 2399 1683 2438 obser-

936 2456 1115 2507 vatione,
1146 2455 1260 2509 quod
1279 2462 1393 2496 certo
1417 2456 1497 2496 diei
1516 2463 1681 2511 tempo-

936 2528 983 2554 re
1018 2515 1298 2554 incredibilem
1345 2514 1573 2569 phocarum
1608 2530 1681 2555 co-

936 2573 1047 2627 piam
1072 2574 1208 2627 egredi
1224 2573 1268 2613 in
1295 2573 1413 2614 littus
1437 2580 1478 2614 et
1507 2574 1681 2628 apricari

938 2631 1129 2672 viderent
1149 2632 1354 2672 homines:
1393 2646 1497 2684 quae
1523 2646 1589 2672 res
1610 2648 1681 2672 ar-

939 2697 1175 2730 mentorum
1185 2691 1358 2744 speciem
1374 2689 1564 2744 habebat,
1578 2705 1681 2744 quae

940 2762 964 2786 a
1001 2755 1165 2802 pastore
1203 2749 1248 2788 in
1292 2762 1445 2802 pascua
1488 2757 1679 2803 aguntur.

935 2806 1008 2846 Est
1035 2813 1171 2846 autem
1196 2821 1242 2845 ea
1277 2806 1504 2860 phocarum
1529 2815 1680 2849 natura

935 2865 1058 2904 etiam
1078 2865 1164 2904 aliis
1186 2865 1230 2904 in
1247 2865 1360 2917 locis,
1392 2872 1440 2906 ut
1458 2867 1609 2920 passim
1629 2867 1680 2906 de

934 2923 1076 2962 insulis
1103 2923 1314 2964 Americae
1346 2931 1562 2965 narratum
1579 2925 1679 2978 legi-

931 2996 1034 3021 mus
1093 2983 1282 3022 Ceterum
1304 2996 1356 3022 ex
1375 2983 1592 3023 Homerico
1614 2985 1678 3023 lo-

931 3053 979 3080 co
1007 3048 1201 3095 apparet,
1233 3041 1354 3082 valde
1383 3041 1588 3082 desertam
1607 3042 1677 3083 illo
1730 3090 1732 3092 v
