<?xml version="1.0" encoding="UTF-8"?>
<!DOCTYPE html PUBLIC "-//W3C//DTD XHTML 1.0 Transitional//EN"
    "http://www.w3.org/TR/xhtml1/DTD/xhtml1-transitional.dtd">
<html xmlns="http://www.w3.org/1999/xhtml" xml:lang="en" lang="en">
 <head>
  <title>
</title>
<meta http-equiv="Content-Type" content="text/html;charset=utf-8" />
  <meta name='ocr-system' content='tesseract 3.04.00' />
  <meta name='ocr-capabilities' content='ocr_page ocr_carea ocr_par ocr_line ocrx_word'/>
</head>
<body>
  <div class='ocr_page' id='page_1' title='image "./publiusvirgilius01virguoft/publiusvirgilius01virguoft_0181.png"; bbox 0 0 1768 3320; ppageno 0'>
   <div class='ocr_carea' id='block_1_1' title="bbox 308 250 1549 323">
    <p class='ocr_par' dir='ltr' id='par_1_1' title="bbox 308 250 1549 323">
     <span class='ocr_line' id='line_1_1' title="bbox 308 250 1549 323; baseline 0 0"><span class='ocrx_word' id='word_1_1' title='bbox 308 250 816 323; x_wconf 42' lang='lat' dir='ltr'>ffncA-*RMmE</span> <span class='ocrx_word' id='word_1_2' title='bbox 852 268 1272 320; x_wconf 76' lang='lat' dir='ltr'>Bucomco</span> <span class='ocrx_word' id='word_1_3' title='bbox 1486 277 1549 323; x_wconf 87' lang='lat'>13</span> 
     </span>
    </p>
   </div>
   <div class='ocr_carea' id='block_1_2' title="bbox 30 395 1552 464">
    <p class='ocr_par' dir='ltr' id='par_1_2' title="bbox 30 395 1641 464">
     <span class='ocr_line' id='line_1_2' title="bbox 30 395 1552 464; baseline -0.004 -13"><span class='ocrx_word' id='word_1_4' title='bbox 30 399 202 453; x_wconf 56' lang='lat' dir='ltr'>bebai«</span> <span class='ocrx_word' id='word_1_5' title='bbox 230 406 489 464; x_wconf 78' lang='lat' dir='ltr'>uterque,</span> <span class='ocrx_word' id='word_1_6' title='bbox 525 396 685 464; x_wconf 62' lang='lat' dir='ltr'>„quod</span> <span class='ocrx_word' id='word_1_7' title='bbox 714 403 1058 463; x_wconf 76' lang='lat' dir='ltr'>sequeretur-3</span> <span class='ocrx_word' id='word_1_8' title='bbox 1103 411 1218 445; x_wconf 91' lang='lat' dir='ltr'>non</span> <span class='ocrx_word' id='word_1_9' title='bbox 1262 395 1410 455; x_wconf 81' lang='lat' dir='ltr'>enim</span> <span class='ocrx_word' id='word_1_10' title='bbox 1458 396 1552 459; x_wconf 90' lang='lat' dir='ltr'>ab-</span> 
     </span>
    </p>
   </div>
   <div class='ocr_carea' id='block_1_3' title="bbox 0 461 1556 2353">
    <p class='ocr_par' dir='ltr' id='par_1_3' title="bbox 0 461 1556 2353">
     <span class='ocr_line' id='line_1_3' title="bbox 30 461 1551 532; baseline -0.004 -11"><span class='ocrx_word' id='word_1_11' title='bbox 30 463 325 521; x_wconf 73' lang='lat' dir='ltr'>hon-ebant</span> <span class='ocrx_word' id='word_1_12' title='bbox 354 461 684 517; x_wconf 80' lang='lat' dir='ltr'>Graecorum</span> <span class='ocrx_word' id='word_1_13' title='bbox 715 465 924 531; x_wconf 88' lang='lat' dir='ltr'>ingenia</span> <span class='ocrx_word' id='word_1_14' title='bbox 964 482 992 515; x_wconf 90' lang='lat' dir='ltr'>a</span> <span class='ocrx_word' id='word_1_15' title='bbox 1014 462 1348 532; x_wconf 80' lang='lat' dir='ltr'>simplicitate</span> <span class='ocrx_word' id='word_1_16' title='bbox 1382 472 1437 514; x_wconf 86' lang='lat' dir='ltr'>et</span> <span class='ocrx_word' id='word_1_17' title='bbox 1456 480 1551 530; x_wconf 77' lang='lat' dir='ltr'>na-</span> 
     </span>
     <span class='ocr_line' id='line_1_4' title="bbox 29 531 1552 606; baseline -0.005 -16"><span class='ocrx_word' id='word_1_18' title='bbox 29 540 145 597; x_wconf 66' lang='lat' dir='ltr'>tira.</span> <span class='ocrx_word' id='word_1_19' title='bbox 161 538 335 605; x_wconf 64' lang='lat' dir='ltr'>aliqua</span> <span class='ocrx_word' id='word_1_20' title='bbox 378 545 623 603; x_wconf 85' lang='lat' dir='ltr'>castaque</span> <span class='ocrx_word' id='word_1_21' title='bbox 665 544 967 606; x_wconf 39' lang='lat' dir='ltr'>venustat&amp;</span> <span class='ocrx_word' id='word_1_22' title='bbox 1003 535 1167 602; x_wconf 73' lang='lat' dir='ltr'>ipsius</span> <span class='ocrx_word' id='word_1_23' title='bbox 1199 534 1467 598; x_wconf 81' lang='lat' dir='ltr'>sermonis</span> <span class='ocrx_word' id='word_1_24' title='bbox 1493 531 1552 583; x_wconf 81' lang='lat' dir='ltr'>ac</span> 
     </span>
     <span class='ocr_line' id='line_1_5' title="bbox 29 601 1552 672; baseline -0.003 -14"><span class='ocrx_word' id='word_1_25' title='bbox 29 606 241 670; x_wconf 70' lang='lat' dir='ltr'>dialecti</span> <span class='ocrx_word' id='word_1_26' title='bbox 258 607 486 659; x_wconf 80' lang='lat' dir='ltr'>Doricae</span> <span class='ocrx_word' id='word_1_27' title='bbox 516 614 718 671; x_wconf 89' lang='lat' dir='ltr'>natura,</span> <span class='ocrx_word' id='word_1_28' title='bbox 753 621 865 655; x_wconf 86' lang='lat' dir='ltr'>non</span> <span class='ocrx_word' id='word_1_29' title='bbox 894 613 1074 672; x_wconf 90' lang='lat' dir='ltr'>potest</span> <span class='ocrx_word' id='word_1_30' title='bbox 1104 604 1224 669; x_wconf 91' lang='lat' dir='ltr'>dici,</span> <span class='ocrx_word' id='word_1_31' title='bbox 1259 601 1552 659; x_wconf 77' lang='lat' dir='ltr'>sentirifa-=</span> 
     </span>
     <span class='ocr_line' id='line_1_6' title="bbox 29 671 1553 745; baseline -0.005 -15"><span class='ocrx_word' id='word_1_32' title='bbox 29 678 128 736; x_wconf 72' lang='lat' dir='ltr'>cile</span> <span class='ocrx_word' id='word_1_33' title='bbox 177 686 381 745; x_wconf 87' lang='lat' dir='ltr'>potest,</span> <span class='ocrx_word' id='word_1_34' title='bbox 438 684 691 743; x_wconf 82' lang='lat' dir='ltr'>quantam</span> <span class='ocrx_word' id='word_1_35' title='bbox 726 674 1118 743; x_wconf 71' lang='lat' dir='ltr'>simplicitatem</span> <span class='ocrx_word' id='word_1_36' title='bbox 1155 691 1284 742; x_wconf 89' lang='lat' dir='ltr'>prae</span> <span class='ocrx_word' id='word_1_37' title='bbox 1316 690 1374 724; x_wconf 90' lang='lat' dir='ltr'>se</span> <span class='ocrx_word' id='word_1_38' title='bbox 1399 671 1553 739; x_wconf 84' lang='lat' dir='ltr'>ferat,</span> 
     </span>
     <span class='ocr_line' id='line_1_7' title="bbox 30 743 1553 816; baseline -0.003 -18"><span class='ocrx_word' id='word_1_39' title='bbox 30 758 85 798; x_wconf 91' lang='lat' dir='ltr'>et</span> <span class='ocrx_word' id='word_1_40' title='bbox 121 756 456 816; x_wconf 81' lang='lat' dir='ltr'>quantopere</span> <span class='ocrx_word' id='word_1_41' title='bbox 494 745 621 797; x_wconf 81' lang='lat' dir='ltr'>huic</span> <span class='ocrx_word' id='word_1_42' title='bbox 658 762 843 796; x_wconf 90' lang='lat' dir='ltr'>rerum</span> <span class='ocrx_word' id='word_1_43' title='bbox 876 747 1065 811; x_wconf 68' lang='lat' dir='ltr'>generi</span> <span class='ocrx_word' id='word_1_44' title='bbox 1108 762 1197 816; x_wconf 55' lang='lat' dir='ltr'>ap⁴⁴</span> <span class='ocrx_word' id='word_1_45' title='bbox 1269 752 1324 794; x_wconf 91' lang='lat' dir='ltr'>et</span> <span class='ocrx_word' id='word_1_46' title='bbox 1354 743 1553 795; x_wconf 81' lang='lat' dir='ltr'>idonea</span> 
     </span>
     <span class='ocr_line' id='line_1_8' title="bbox 28 814 1553 884; baseline -0.001 -16"><span class='ocrx_word' id='word_1_47' title='bbox 28 819 118 884; x_wconf 84' lang='lat' dir='ltr'>sit,</span> <span class='ocrx_word' id='word_1_48' title='bbox 160 826 223 868; x_wconf 80' lang='lat' dir='ltr'>ut</span> <span class='ocrx_word' id='word_1_49' title='bbox 249 834 352 868; x_wconf 82' lang='lat' dir='ltr'>nec</span> <span class='ocrx_word' id='word_1_50' title='bbox 383 816 539 884; x_wconf 70' lang='lat' dir='ltr'>docta</span> <span class='ocrx_word' id='word_1_51' title='bbox 566 832 668 866; x_wconf 89' lang='lat' dir='ltr'>nec</span> <span class='ocrx_word' id='word_1_52' title='bbox 696 815 978 871; x_wconf 23' lang='lat' dir='ltr'>incultaset</span> <span class='ocrx_word' id='word_1_53' title='bbox 1003 815 1155 866; x_wconf 89' lang='lat' dir='ltr'>horri</span> <span class='ocrx_word' id='word_1_54' title='bbox 1194 832 1222 865; x_wconf 81' lang='lat' dir='ltr'>a</span> <span class='ocrx_word' id='word_1_55' title='bbox 1266 814 1436 865; x_wconf 84' lang='lat' dir='ltr'>oratio</span> <span class='ocrx_word' id='word_1_56' title='bbox 1471 814 1553 866; x_wconf 83' lang='lat' dir='ltr'>sit.</span> 
     </span>
     <span class='ocr_line' id='line_1_9' title="bbox 28 882 1553 954; baseline -0.003 -15"><span class='ocrx_word' id='word_1_57' title='bbox 28 892 97 939; x_wconf 86' lang='lat' dir='ltr'>At</span> <span class='ocrx_word' id='word_1_58' title='bbox 125 887 371 954; x_wconf 83' lang='lat' dir='ltr'>Virgilius</span> <span class='ocrx_word' id='word_1_59' title='bbox 408 882 673 936; x_wconf 85' lang='lat' dir='ltr'>sermonis</span> <span class='ocrx_word' id='word_1_60' title='bbox 712 895 766 937; x_wconf 90' lang='lat' dir='ltr'>et</span> <span class='ocrx_word' id='word_1_61' title='bbox 793 885 1002 936; x_wconf 83' lang='lat' dir='ltr'>dialecti</span> <span class='ocrx_word' id='word_1_62' title='bbox 1038 886 1291 937; x_wconf 85' lang='lat' dir='ltr'>suavitate</span> <span class='ocrx_word' id='word_1_63' title='bbox 1330 884 1553 938; x_wconf 81' lang='lat' dir='ltr'>destitu-</span> 
     </span>
     <span class='ocr_line' id='line_1_10' title="bbox 27 954 1553 1025; baseline -0.004 -16"><span class='ocrx_word' id='word_1_64' title='bbox 27 959 199 1023; x_wconf 87' lang='lat' dir='ltr'>tus*)‚</span> <span class='ocrx_word' id='word_1_65' title='bbox 253 957 345 1025; x_wconf 87' lang='lat' dir='ltr'>qni</span> <span class='ocrx_word' id='word_1_66' title='bbox 374 956 625 1024; x_wconf 85' lang='lat' dir='ltr'>politiore</span> <span class='ocrx_word' id='word_1_67' title='bbox 658 973 815 1021; x_wconf 87' lang='lat' dir='ltr'>aevo,</span> <span class='ocrx_word' id='word_1_68' title='bbox 869 956 1010 1006; x_wconf 90' lang='lat' dir='ltr'>inter</span> <span class='ocrx_word' id='word_1_69' title='bbox 1036 956 1289 1020; x_wconf 74' lang='lat' dir='ltr'>homines</span> <span class='ocrx_word' id='word_1_70' title='bbox 1314 954 1553 1009; x_wconf 75' lang='lat' dir='ltr'>urbanos</span> 
     </span>
     <span class='ocr_line' id='line_1_11' title="bbox 29 1017 1551 1092; baseline -0.003 -14"><span class='ocrx_word' id='word_1_71' title='bbox 29 1024 84 1078; x_wconf 88' lang='lat' dir='ltr'>et</span> <span class='ocrx_word' id='word_1_72' title='bbox 117 1026 433 1092; x_wconf 65' lang='lat' dir='ltr'>elegantiam</span> <span class='ocrx_word' id='word_1_73' title='bbox 476 1044 600 1076; x_wconf 87' lang='lat' dir='ltr'>cum</span> <span class='ocrx_word' id='word_1_74' title='bbox 626 1025 765 1080; x_wconf 83' lang='lat' dir='ltr'>fastu</span> <span class='ocrx_word' id='word_1_75' title='bbox 800 1034 1086 1091; x_wconf 83' lang='lat' dir='ltr'>sectanteS,</span> <span class='ocrx_word' id='word_1_76' title='bbox 1121 1017 1352 1090; x_wconf 65' lang='lat' dir='ltr'>vivioeet,</span> <span class='ocrx_word' id='word_1_77' title='bbox 1383 1023 1551 1088; x_wconf 78' lang='lat' dir='ltr'>multa</span> 
     </span>
     <span class='ocr_line' id='line_1_12' title="bbox 30 1097 1556 1165; baseline -0.003 -16"><span class='ocrx_word' id='word_1_78' title='bbox 30 1115 93 1149; x_wconf 85' lang='lat' dir='ltr'>ex</span> <span class='ocrx_word' id='word_1_79' title='bbox 131 1098 269 1149; x_wconf 88' lang='lat' dir='ltr'>vitae</span> <span class='ocrx_word' id='word_1_80' title='bbox 309 1097 615 1164; x_wconf 79' lang='lat' dir='ltr'>pastoritiae</span> <span class='ocrx_word' id='word_1_81' title='bbox 643 1097 862 1165; x_wconf 66' lang='lat' dir='ltr'>veritate</span> <span class='ocrx_word' id='word_1_82' title='bbox 895 1105 984 1146; x_wconf 87' lang='lat' dir='ltr'>aut</span> <span class='ocrx_word' id='word_1_83' title='bbox 1012 1112 1279 1164; x_wconf 66' lang='lat' dir='ltr'>seponere</span> <span class='ocrx_word' id='word_1_84' title='bbox 1314 1103 1406 1145; x_wconf 86' lang='lat' dir='ltr'>aut</span> <span class='ocrx_word' id='word_1_85' title='bbox 1431 1111 1556 1144; x_wconf 79' lang='lat' dir='ltr'>ver-</span> 
     </span>
     <span class='ocr_line' id='line_1_13' title="bbox 26 1164 1553 1234; baseline -0.001 -18"><span class='ocrx_word' id='word_1_86' title='bbox 26 1167 425 1223; x_wconf 58' lang='lat' dir='ltr'>bisphonestare</span> <span class='ocrx_word' id='word_1_87' title='bbox 454 1183 685 1226; x_wconf 73' lang='lat' dir='ltr'>neeesse</span> <span class='ocrx_word' id='word_1_88' title='bbox 702 1166 915 1230; x_wconf 79' lang='lat' dir='ltr'>habuit,</span> <span class='ocrx_word' id='word_1_89' title='bbox 951 1183 1090 1234; x_wconf 89' lang='lat' dir='ltr'>quae</span> <span class='ocrx_word' id='word_1_90' title='bbox 1118 1165 1268 1216; x_wconf 76' lang='lat' dir='ltr'>nude</span> <span class='ocrx_word' id='word_1_91' title='bbox 1300 1173 1355 1216; x_wconf 80' lang='lat' dir='ltr'>et</span> <span class='ocrx_word' id='word_1_92' title='bbox 1383 1164 1450 1215; x_wconf 89' lang='lat' dir='ltr'>ad</span> <span class='ocrx_word' id='word_1_93' title='bbox 1472 1165 1553 1215; x_wconf 86' lang='lat' dir='ltr'>rei</span> 
     </span>
     <span class='ocr_line' id='line_1_14' title="bbox 0 1232 1552 1304; baseline 0.001 -18"><span class='ocrx_word' id='word_1_94' title='bbox 0 1237 309 1298; x_wconf 69' lang='lat' dir='ltr'>¹veritatem</span> <span class='ocrx_word' id='word_1_95' title='bbox 351 1237 627 1304; x_wconf 62' lang='lat' dir='ltr'>proposita</span> <span class='ocrx_word' id='word_1_96' title='bbox 677 1245 731 1287; x_wconf 89' lang='lat' dir='ltr'>et</span> <span class='ocrx_word' id='word_1_97' title='bbox 773 1253 1028 1303; x_wconf 84' lang='lat' dir='ltr'>expressa.</span> <span class='ocrx_word' id='word_1_98' title='bbox 1054 1236 1313 1304; x_wconf 87' lang='lat' dir='ltr'>superbas</span> <span class='ocrx_word' id='word_1_99' title='bbox 1350 1232 1552 1287; x_wconf 57' lang='lat' dir='ltr'>Romass-</span> 
     </span>
     <span class='ocr_line' id='line_1_15' title="bbox 27 1301 1551 1373; baseline -0.003 -14"><span class='ocrx_word' id='word_1_100' title='bbox 27 1324 227 1359; x_wconf 85' lang='lat' dir='ltr'>uorum</span> <span class='ocrx_word' id='word_1_101' title='bbox 246 1323 399 1357; x_wconf 87' lang='lat' dir='ltr'>aures</span> <span class='ocrx_word' id='word_1_102' title='bbox 412 1301 804 1365; x_wconf 57' lang='lat' dir='ltr'>,offendisset-in</span> <span class='ocrx_word' id='word_1_103' title='bbox 842 1323 979 1373; x_wconf 92' lang='lat' dir='ltr'>quae</span> <span class='ocrx_word' id='word_1_104' title='bbox 999 1307 1113 1363; x_wconf 71' lang='lat' dir='ltr'>eius</span> <span class='ocrx_word' id='word_1_105' title='bbox 1134 1305 1391 1371; x_wconf 80' lang='lat' dir='ltr'>elegantia</span> <span class='ocrx_word' id='word_1_106' title='bbox 1413 1305 1551 1363; x_wconf 73' lang='lat' dir='ltr'>adeo</span> 
     </span>
     <span class='ocr_line' id='line_1_16' title="bbox 29 1375 1554 1441; baseline -0.002 -14"><span class='ocrx_word' id='word_1_107' title='bbox 29 1378 84 1427; x_wconf 88' lang='lat' dir='ltr'>in</span> <span class='ocrx_word' id='word_1_108' title='bbox 122 1376 279 1429; x_wconf 84' lang='lat' dir='ltr'>laude</span> <span class='ocrx_word' id='word_1_109' title='bbox 302 1375 443 1441; x_wconf 62' lang='lat' dir='ltr'>suit,</span> <span class='ocrx_word' id='word_1_110' title='bbox 511 1385 573 1426; x_wconf 91' lang='lat' dir='ltr'>ut</span> <span class='ocrx_word' id='word_1_111' title='bbox 613 1385 667 1433; x_wconf 77' lang='lat' dir='ltr'>et</span> <span class='ocrx_word' id='word_1_112' title='bbox 704 1376 952 1425; x_wconf 85' lang='lat' dir='ltr'>Horatius</span> <span class='ocrx_word' id='word_1_113' title='bbox 1005 1393 1133 1427; x_wconf 89' lang='lat' dir='ltr'>eum</span> <span class='ocrx_word' id='word_1_114' title='bbox 1175 1376 1241 1426; x_wconf 86' lang='lat' dir='ltr'>ab</span> <span class='ocrx_word' id='word_1_115' title='bbox 1282 1375 1383 1425; x_wconf 90' lang='lat' dir='ltr'>hac</span> <span class='ocrx_word' id='word_1_116' title='bbox 1423 1375 1554 1425; x_wconf 75' lang='lat' dir='ltr'>dote</span> 
     </span>
     <span class='ocr_line' id='line_1_17' title="bbox 29 1444 1553 1513; baseline -0.002 -16"><span class='ocrx_word' id='word_1_117' title='bbox 29 1446 498 1511; x_wconf 82' lang='lat' dir='ltr'>commendet**):</span> <span class='ocrx_word' id='word_1_118' title='bbox 545 1445 747 1497; x_wconf 92' lang='lat' dir='ltr'>Molle</span> <span class='ocrx_word' id='word_1_119' title='bbox 784 1455 980 1513; x_wconf 86' lang='lat' dir='ltr'>atque</span> <span class='ocrx_word' id='word_1_120' title='bbox 1015 1444 1309 1496; x_wconf 85' lang='lat' dir='ltr'>facetum</span> <span class='ocrx_word' id='word_1_121' title='bbox 1342 1445 1553 1510; x_wconf 89' lang='lat' dir='ltr'>Virgi-</span> 
     </span>
     <span class='ocr_line' id='line_1_18' title="bbox 28 1515 1552 1581; baseline -0.002 -14"><span class='ocrx_word' id='word_1_122' title='bbox 28 1517 119 1567; x_wconf 92' lang='lat' dir='ltr'>lio</span> <span class='ocrx_word' id='word_1_123' title='bbox 156 1524 533 1567; x_wconf 81' lang='lat' dir='ltr'>annuerunt</span> <span class='ocrx_word' id='word_1_124' title='bbox 572 1515 938 1581; x_wconf 85' lang='lat' dir='ltr'>gaudentes</span> <span class='ocrx_word' id='word_1_125' title='bbox 974 1533 1128 1566; x_wconf 87' lang='lat' dir='ltr'>rure</span> <span class='ocrx_word' id='word_1_126' title='bbox 1167 1517 1552 1567; x_wconf 86' lang='lat' dir='ltr'>Camoenae.</span> 
     </span>
     <span class='ocr_line' id='line_1_19' title="bbox 28 1585 1552 1653; baseline -0.003 -15"><span class='ocrx_word' id='word_1_127' title='bbox 28 1587 112 1638; x_wconf 91' lang='lat' dir='ltr'>Ad</span> <span class='ocrx_word' id='word_1_128' title='bbox 137 1586 370 1651; x_wconf 56' lang='lat' dir='ltr'>Eologasa</span> <span class='ocrx_word' id='word_1_129' title='bbox 404 1586 551 1636; x_wconf 91' lang='lat' dir='ltr'>enim</span> <span class='ocrx_word' id='word_1_130' title='bbox 589 1595 642 1637; x_wconf 91' lang='lat' dir='ltr'>et</span> <span class='ocrx_word' id='word_1_131' title='bbox 681 1586 940 1651; x_wconf 84' lang='lat' dir='ltr'>Georgica</span> <span class='ocrx_word' id='word_1_132' title='bbox 979 1587 1272 1653; x_wconf 84' lang='lat' dir='ltr'>respexisse</span> <span class='ocrx_word' id='word_1_133' title='bbox 1301 1585 1552 1635; x_wconf 90' lang='lat' dir='ltr'>Horatius</span> 
     </span>
     <span class='ocr_line' id='line_1_20' title="bbox 28 1654 1552 1722; baseline 0 -17"><span class='ocrx_word' id='word_1_134' title='bbox 28 1655 198 1707; x_wconf 89' lang='lat' dir='ltr'>videri</span> <span class='ocrx_word' id='word_1_135' title='bbox 238 1655 425 1715; x_wconf 88' lang='lat' dir='ltr'>debet;</span> <span class='ocrx_word' id='word_1_136' title='bbox 491 1654 559 1704; x_wconf 93' lang='lat' dir='ltr'>ad</span> <span class='ocrx_word' id='word_1_137' title='bbox 596 1655 897 1706; x_wconf 90' lang='lat' dir='ltr'>Aeneidem</span> <span class='ocrx_word' id='word_1_138' title='bbox 946 1672 1048 1706; x_wconf 88' lang='lat' dir='ltr'>nec</span> <span class='ocrx_word' id='word_1_139' title='bbox 1084 1659 1269 1722; x_wconf 74' lang='lat' dir='ltr'>Musae</span> <span class='ocrx_word' id='word_1_140' title='bbox 1322 1664 1552 1719; x_wconf 86' lang='lat' dir='ltr'>agrestes</span> 
     </span>
     <span class='ocr_line' id='line_1_21' title="bbox 28 1723 1555 1792; baseline -0.002 -16"><span class='ocrx_word' id='word_1_141' title='bbox 28 1743 131 1776; x_wconf 88' lang='lat' dir='ltr'>nec</span> <span class='ocrx_word' id='word_1_142' title='bbox 165 1725 344 1775; x_wconf 90' lang='lat' dir='ltr'>mollis</span> <span class='ocrx_word' id='word_1_143' title='bbox 387 1734 441 1775; x_wconf 91' lang='lat' dir='ltr'>et</span> <span class='ocrx_word' id='word_1_144' title='bbox 488 1723 658 1775; x_wconf 88' lang='lat' dir='ltr'>faceta</span> <span class='ocrx_word' id='word_1_145' title='bbox 710 1726 880 1775; x_wconf 91' lang='lat' dir='ltr'>oratio</span> <span class='ocrx_word' id='word_1_146' title='bbox 928 1733 1170 1792; x_wconf 88' lang='lat' dir='ltr'>spectare</span> <span class='ocrx_word' id='word_1_147' title='bbox 1218 1733 1422 1792; x_wconf 61' lang='lat' dir='ltr'>potest5</span> <span class='ocrx_word' id='word_1_148' title='bbox 1490 1733 1555 1777; x_wconf 68' lang='lat' dir='ltr'>ut</span> 
     </span>
     <span class='ocr_line' id='line_1_22' title="bbox 27 1796 1554 1865; baseline -0.001 -19"><span class='ocrx_word' id='word_1_149' title='bbox 27 1797 277 1865; x_wconf 68' lang='lat' dir='ltr'>scriptam</span> <span class='ocrx_word' id='word_1_150' title='bbox 305 1812 420 1846; x_wconf 90' lang='lat' dir='ltr'>esse</span> <span class='ocrx_word' id='word_1_151' title='bbox 454 1811 673 1846; x_wconf 89' lang='lat' dir='ltr'>necesse</span> <span class='ocrx_word' id='word_1_152' title='bbox 702 1796 768 1845; x_wconf 89' lang='lat' dir='ltr'>sit</span> <span class='ocrx_word' id='word_1_153' title='bbox 800 1797 1062 1860; x_wconf 80' lang='lat' dir='ltr'>satyram,</span> <span class='ocrx_word' id='word_1_154' title='bbox 1095 1804 1222 1846; x_wconf 88' lang='lat' dir='ltr'>ante</span> <span class='ocrx_word' id='word_1_155' title='bbox 1258 1811 1423 1863; x_wconf 88' lang='lat' dir='ltr'>quam</span> <span class='ocrx_word' id='word_1_156' title='bbox 1445 1798 1554 1856; x_wconf 75' lang='lat' dir='ltr'>Ae-</span> 
     </span>
     <span class='ocr_line' id='line_1_23' title="bbox 29 1863 1553 1933; baseline -0.001 -17"><span class='ocrx_word' id='word_1_157' title='bbox 29 1865 201 1933; x_wconf 81' lang='lat' dir='ltr'>neidis</span> <span class='ocrx_word' id='word_1_158' title='bbox 230 1875 451 1932; x_wconf 91' lang='lat' dir='ltr'>coeptae</span> <span class='ocrx_word' id='word_1_159' title='bbox 482 1864 654 1933; x_wconf 90' lang='lat' dir='ltr'>aliqua</span> <span class='ocrx_word' id='word_1_160' title='bbox 681 1863 823 1915; x_wconf 87' lang='lat' dir='ltr'>fama</span> <span class='ocrx_word' id='word_1_161' title='bbox 854 1866 1073 1919; x_wconf 88' lang='lat' dir='ltr'>exiisset.</span> <span class='ocrx_word' id='word_1_162' title='bbox 1116 1868 1251 1917; x_wconf 90' lang='lat' dir='ltr'>Eam</span> <span class='ocrx_word' id='word_1_163' title='bbox 1278 1882 1409 1916; x_wconf 86' lang='lat' dir='ltr'>vero</span> <span class='ocrx_word' id='word_1_164' title='bbox 1441 1866 1553 1915; x_wconf 90' lang='lat' dir='ltr'>eius</span> 
     </span>
     <span class='ocr_line' id='line_1_24' title="bbox 28 1935 1553 2003; baseline -0.001 -17"><span class='ocrx_word' id='word_1_165' title='bbox 28 1935 197 1993; x_wconf 80' lang='lat' dir='ltr'>laudis</span> <span class='ocrx_word' id='word_1_166' title='bbox 234 1935 579 2000; x_wconf 89' lang='lat' dir='ltr'>sententiam,</span> <span class='ocrx_word' id='word_1_167' title='bbox 635 1953 964 2003; x_wconf 86' lang='lat' dir='ltr'>quamquam</span> <span class='ocrx_word' id='word_1_168' title='bbox 1006 1936 1074 1986; x_wconf 93' lang='lat' dir='ltr'>de</span> <span class='ocrx_word' id='word_1_169' title='bbox 1109 1953 1171 1986; x_wconf 90' lang='lat' dir='ltr'>ea</span> <span class='ocrx_word' id='word_1_170' title='bbox 1202 1936 1310 1986; x_wconf 88' lang='lat' dir='ltr'>iam</span> <span class='ocrx_word' id='word_1_171' title='bbox 1344 1943 1553 1986; x_wconf 88' lang='lat' dir='ltr'>veteres</span> 
     </span>
     <span class='ocr_line' id='line_1_25' title="bbox 31 2004 1555 2072; baseline -0.001 -16"><span class='ocrx_word' id='word_1_172' title='bbox 31 2006 297 2056; x_wconf 87' lang='lat' dir='ltr'>dubitasse</span> <span class='ocrx_word' id='word_1_173' title='bbox 331 2004 604 2068; x_wconf 84' lang='lat' dir='ltr'>videntur,</span> <span class='ocrx_word' id='word_1_174' title='bbox 653 2022 767 2056; x_wconf 88' lang='lat' dir='ltr'>esse</span> <span class='ocrx_word' id='word_1_175' title='bbox 797 2006 1078 2072; x_wconf 87' lang='lat' dir='ltr'>probabile</span> <span class='ocrx_word' id='word_1_176' title='bbox 1109 2005 1196 2070; x_wconf 82' lang='lat' dir='ltr'>fit,</span> <span class='ocrx_word' id='word_1_177' title='bbox 1243 2014 1306 2056; x_wconf 88' lang='lat' dir='ltr'>ut</span> <span class='ocrx_word' id='word_1_178' title='bbox 1333 2014 1555 2072; x_wconf 87' lang='lat' dir='ltr'>poetam</span> 
     </span>
     <span class='ocr_line' id='line_1_26' title="bbox 28 2075 1554 2143; baseline -0.001 -18"><span class='ocrx_word' id='word_1_179' title='bbox 28 2076 94 2131; x_wconf 87' lang='lat' dir='ltr'>ab</span> <span class='ocrx_word' id='word_1_180' title='bbox 123 2075 386 2143; x_wconf 89' lang='lat' dir='ltr'>aequabili</span> <span class='ocrx_word' id='word_1_181' title='bbox 414 2075 586 2142; x_wconf 79' lang='lat' dir='ltr'>aliqua</span> <span class='ocrx_word' id='word_1_182' title='bbox 625 2075 882 2141; x_wconf 85' lang='lat' dir='ltr'>elegantia</span> <span class='ocrx_word' id='word_1_183' title='bbox 910 2076 1263 2127; x_wconf 85' lang='lat' dir='ltr'>commendet</span> <span class='ocrx_word' id='word_1_184' title='bbox 1290 2077 1415 2141; x_wconf 52' lang='grc' dir='ltr'>μ’).</span> <span class='ocrx_word' id='word_1_185' title='bbox 1485 2078 1554 2126; x_wconf 88' lang='lat' dir='ltr'>Et</span> 
     </span>
     <span class='ocr_line' id='line_1_27' title="bbox 30 2144 1552 2212; baseline 0 -17"><span class='ocrx_word' id='word_1_186' title='bbox 30 2144 321 2195; x_wconf 86' lang='lat' dir='ltr'>facetum</span> <span class='ocrx_word' id='word_1_187' title='bbox 357 2145 580 2212; x_wconf 87' lang='lat' dir='ltr'>quidem</span> <span class='ocrx_word' id='word_1_188' title='bbox 612 2146 743 2212; x_wconf 85' lang='lat' dir='ltr'>quid</span> <span class='ocrx_word' id='word_1_189' title='bbox 771 2147 862 2211; x_wconf 82' lang='lat' dir='ltr'>sit,</span> <span class='ocrx_word' id='word_1_190' title='bbox 909 2146 1015 2196; x_wconf 89' lang='lat' dir='ltr'>iam</span> <span class='ocrx_word' id='word_1_191' title='bbox 1054 2164 1083 2196; x_wconf 90' lang='lat' dir='ltr'>a</span> <span class='ocrx_word' id='word_1_192' title='bbox 1113 2145 1470 2209; x_wconf 82' lang='lat' dir='ltr'>Quinctiliano</span> <span class='ocrx_word' id='word_1_193' title='bbox 1493 2150 1552 2211; x_wconf 83' lang='lat'>†)</span> 
     </span>
     <span class='ocr_line' id='line_1_28' title="bbox 30 2215 1551 2282; baseline -0.001 -17"><span class='ocrx_word' id='word_1_194' title='bbox 30 2216 329 2282; x_wconf 83' lang='lat' dir='ltr'>expositum</span> <span class='ocrx_word' id='word_1_195' title='bbox 354 2223 448 2279; x_wconf 84' lang='lat' dir='ltr'>est,</span> <span class='ocrx_word' id='word_1_196' title='bbox 483 2216 575 2282; x_wconf 87' lang='lat' dir='ltr'>qui</span> <span class='ocrx_word' id='word_1_197' title='bbox 614 2215 877 2265; x_wconf 90' lang='lat' dir='ltr'>decoris</span> <span class='ocrx_word' id='word_1_198' title='bbox 912 2217 1115 2281; x_wconf 87' lang='lat' dir='ltr'>magis</span> <span class='ocrx_word' id='word_1_199' title='bbox 1153 2225 1216 2267; x_wconf 91' lang='lat' dir='ltr'>et</span> <span class='ocrx_word' id='word_1_200' title='bbox 1253 2215 1551 2266; x_wconf 82' lang='lat' dir='ltr'>excultae</span> 
     </span>
     <span class='ocr_line' id='line_1_29' title="bbox 32 2284 1551 2353; baseline 0 -18"><span class='ocrx_word' id='word_1_201' title='bbox 32 2284 372 2343; x_wconf 85' lang='lat' dir='ltr'>cuiusdam</span> <span class='ocrx_word' id='word_1_202' title='bbox 409 2284 779 2350; x_wconf 89' lang='lat' dir='ltr'>elegantiae</span> <span class='ocrx_word' id='word_1_203' title='bbox 816 2286 1344 2353; x_wconf 87' lang='lat' dir='ltr'>appellationem</span> <span class='ocrx_word' id='word_1_204' title='bbox 1376 2294 1551 2353; x_wconf 80' lang='lat' dir='ltr'>putat3</span> 
     </span>
    </p>
   </div>
   <div class='ocr_carea' id='block_1_4' title="bbox 30 2422 1553 3027">
    <p class='ocr_par' dir='ltr' id='par_1_4' title="bbox 30 2422 1553 2753">
     <span class='ocr_line' id='line_1_30' title="bbox 75 2422 1552 2472; baseline 0.001 -16"><span class='ocrx_word' id='word_1_205' title='bbox 75 2422 105 2468; x_wconf 77' lang='lat'>⁸)</span> <span class='ocrx_word' id='word_1_206' title='bbox 127 2424 242 2457; x_wconf 83' lang='lat' dir='ltr'>Recte</span> <span class='ocrx_word' id='word_1_207' title='bbox 262 2423 397 2457; x_wconf 82' lang='lat' dir='ltr'>Probus</span> <span class='ocrx_word' id='word_1_208' title='bbox 423 2424 654 2459; x_wconf 76' lang='lat' dir='ltr'>Theocritum</span> <span class='ocrx_word' id='word_1_209' title='bbox 669 2437 764 2472; x_wconf 85' lang='lat' dir='ltr'>poe-</span> <span class='ocrx_word' id='word_1_210' title='bbox 865 2429 927 2461; x_wconf 86' lang='lat' dir='ltr'>Au</span> <span class='ocrx_word' id='word_1_211' title='bbox 945 2427 1130 2461; x_wconf 78' lang='lat' dir='ltr'>contraire</span> <span class='ocrx_word' id='word_1_212' title='bbox 1154 2434 1212 2460; x_wconf 79' lang='lat' dir='ltr'>cet</span> <span class='ocrx_word' id='word_1_213' title='bbox 1231 2434 1341 2460; x_wconf 80' lang='lat' dir='ltr'>autre</span> <span class='ocrx_word' id='word_1_214' title='bbox 1371 2424 1487 2470; x_wconf 78' lang='lat' dir='ltr'>object</span> <span class='ocrx_word' id='word_1_215' title='bbox 1507 2437 1552 2458; x_wconf 87' lang='lat' dir='ltr'>en</span> 
     </span>
     <span class='ocr_line' id='line_1_31' title="bbox 31 2469 1320 2520; baseline 0.002 -15"><span class='ocrx_word' id='word_1_216' title='bbox 31 2479 107 2505; x_wconf 74' lang='lat' dir='ltr'>tam</span> <span class='ocrx_word' id='word_1_217' title='bbox 126 2469 284 2517; x_wconf 81' lang='lat' dir='ltr'>facilius</span> <span class='ocrx_word' id='word_1_218' title='bbox 304 2469 354 2503; x_wconf 88' lang='lat' dir='ltr'>ait</span> <span class='ocrx_word' id='word_1_219' title='bbox 371 2471 546 2505; x_wconf 85' lang='lat' dir='ltr'>Bucolica</span> <span class='ocrx_word' id='word_1_220' title='bbox 562 2474 763 2519; x_wconf 76' lang='lat' dir='ltr'>scripsisse,</span> <span class='ocrx_word' id='word_1_221' title='bbox 1043 2486 1110 2507; x_wconf 83' lang='lat' dir='ltr'>son</span> <span class='ocrx_word' id='word_1_222' title='bbox 1131 2474 1320 2520; x_wconf 81' lang='lat' dir='ltr'>language</span> 
     </span>
     <span class='ocr_line' id='line_1_32' title="bbox 31 2518 1553 2568; baseline 0.001 -18"><span class='ocrx_word' id='word_1_223' title='bbox 31 2519 129 2563; x_wconf 13' lang='lat' dir='ltr'>quia?</span> <span class='ocrx_word' id='word_1_224' title='bbox 146 2518 247 2563; x_wconf 86' lang='lat' dir='ltr'>apud</span> <span class='ocrx_word' id='word_1_225' title='bbox 265 2518 428 2551; x_wconf 84' lang='lat' dir='ltr'>Graecos</span> <span class='ocrx_word' id='word_1_226' title='bbox 456 2530 573 2552; x_wconf 78' lang='lat' dir='ltr'>sermo</span> <span class='ocrx_word' id='word_1_227' title='bbox 600 2520 763 2552; x_wconf 78' lang='lat' dir='ltr'>rustica-</span> <span class='ocrx_word' id='word_1_228' title='bbox 865 2522 952 2555; x_wconf 73' lang='lat' dir='ltr'>Fait</span> <span class='ocrx_word' id='word_1_229' title='bbox 972 2521 1103 2568; x_wconf 75' lang='lat' dir='ltr'>parler</span> <span class='ocrx_word' id='word_1_230' title='bbox 1129 2532 1190 2555; x_wconf 74' lang='lat' dir='ltr'>ses</span> <span class='ocrx_word' id='word_1_231' title='bbox 1209 2523 1386 2566; x_wconf 81' lang='lat' dir='ltr'>Bergers,</span> <span class='ocrx_word' id='word_1_232' title='bbox 1420 2531 1553 2553; x_wconf 87' lang='lat' dir='ltr'>comme</span> 
     </span>
     <span class='ocr_line' id='line_1_33' title="bbox 30 2564 1504 2614; baseline 0.003 -18"><span class='ocrx_word' id='word_1_233' title='bbox 30 2576 102 2597; x_wconf 82' lang='lat' dir='ltr'>nus</span> <span class='ocrx_word' id='word_1_234' title='bbox 118 2576 143 2598; x_wconf 81' lang='lat' dir='ltr'><strong><em>a</em></strong></span> <span class='ocrx_word' id='word_1_235' title='bbox 163 2564 264 2597; x_wconf 73' lang='lat' dir='ltr'>civili</span> <span class='ocrx_word' id='word_1_236' title='bbox 280 2564 399 2598; x_wconf 71' lang='lat' dir='ltr'>dividi</span> <span class='ocrx_word' id='word_1_237' title='bbox 412 2573 536 2611; x_wconf 83' lang='lat' dir='ltr'>potest</span> <span class='ocrx_word' id='word_1_238' title='bbox 537 2582 556 2612; x_wconf 58' lang='lat' dir='ltr'><em>j</em></span> <span class='ocrx_word' id='word_1_239' title='bbox 578 2566 661 2599; x_wconf 83' lang='lat' dir='ltr'>ideo</span> <span class='ocrx_word' id='word_1_240' title='bbox 681 2568 763 2600; x_wconf 81' lang='lat' dir='ltr'>La-</span> <span class='ocrx_word' id='word_1_241' title='bbox 1043 2580 1089 2600; x_wconf 89' lang='lat' dir='ltr'>on</span> <span class='ocrx_word' id='word_1_242' title='bbox 1133 2567 1214 2601; x_wconf 83' lang='lat' dir='ltr'>arle</span> <span class='ocrx_word' id='word_1_243' title='bbox 1229 2579 1278 2600; x_wconf 85' lang='lat' dir='ltr'>au</span> <span class='ocrx_word' id='word_1_244' title='bbox 1301 2569 1337 2601; x_wconf 86' lang='lat' dir='ltr'><em>V</em></span> <span class='ocrx_word' id='word_1_245' title='bbox 1333 2567 1504 2614; x_wconf 70' lang='lat' dir='ltr'>iunge—-</span> 
     </span>
     <span class='ocr_line' id='line_1_34' title="bbox 30 2609 1552 2661; baseline 0.002 -19"><span class='ocrx_word' id='word_1_246' title='bbox 30 2611 120 2643; x_wconf 80' lang='lat' dir='ltr'>tinis</span> <span class='ocrx_word' id='word_1_247' title='bbox 147 2609 301 2657; x_wconf 67' lang='lat' dir='ltr'>difficile</span> <span class='ocrx_word' id='word_1_248' title='bbox 319 2609 464 2656; x_wconf 67' lang='lat' dir='ltr'>fixisse,</span> <span class='ocrx_word' id='word_1_249' title='bbox 507 2613 596 2661; x_wconf 81' lang='lat' dir='ltr'>quia</span> <span class='ocrx_word' id='word_1_250' title='bbox 616 2625 764 2646; x_wconf 85' lang='lat' dir='ltr'>necesse</span> <span class='ocrx_word' id='word_1_251' title='bbox 865 2615 984 2647; x_wconf 82' lang='lat' dir='ltr'>Entre</span> <span class='ocrx_word' id='word_1_252' title='bbox 1008 2626 1069 2647; x_wconf 86' lang='lat' dir='ltr'>ces</span> <span class='ocrx_word' id='word_1_253' title='bbox 1127 2627 1198 2647; x_wconf 75' lang='lat' dir='ltr'>eux</span> <span class='ocrx_word' id='word_1_254' title='bbox 1227 2614 1344 2647; x_wconf 70' lang='lat' dir='ltr'>Exce’s</span> <span class='ocrx_word' id='word_1_255' title='bbox 1378 2613 1419 2647; x_wconf 83' lang='lat' dir='ltr'>la</span> <span class='ocrx_word' id='word_1_256' title='bbox 1445 2620 1552 2647; x_wconf 79' lang='lat' dir='ltr'>route</span> 
     </span>
     <span class='ocr_line' id='line_1_35' title="bbox 31 2656 1365 2707; baseline 0.004 -19"><span class='ocrx_word' id='word_1_257' title='bbox 31 2664 88 2689; x_wconf 73' lang='lat' dir='ltr'>est</span> <span class='ocrx_word' id='word_1_258' title='bbox 108 2668 179 2702; x_wconf 83' lang='lat' dir='ltr'>per</span> <span class='ocrx_word' id='word_1_259' title='bbox 205 2657 331 2691; x_wconf 81' lang='lat' dir='ltr'>eadem</span> <span class='ocrx_word' id='word_1_260' title='bbox 355 2656 469 2692; x_wconf 72' lang='lat' dir='ltr'>verba</span> <span class='ocrx_word' id='word_1_261' title='bbox 493 2660 765 2693; x_wconf 66' lang='lat' dir='ltr'>accomodare</span> <span class='ocrx_word' id='word_1_262' title='bbox 801 2676 804 2679; x_wconf 88' lang='grc'><em>·</em></span> <span class='ocrx_word' id='word_1_263' title='bbox 1041 2669 1099 2693; x_wconf 74' lang='lat' dir='ltr'>est</span> <span class='ocrx_word' id='word_1_264' title='bbox 1117 2659 1282 2707; x_wconf 79' lang='lat' dir='ltr'>difficile.</span> <span class='ocrx_word' id='word_1_265' title='bbox 1363 2660 1365 2662; x_wconf 71' lang='grc'><strong>’</strong></span> 
     </span>
     <span class='ocr_line' id='line_1_36' title="bbox 30 2706 1551 2753; baseline 0.003 -18"><span class='ocrx_word' id='word_1_266' title='bbox 30 2714 173 2736; x_wconf 82' lang='lat' dir='ltr'>sensus.</span> <span class='ocrx_word' id='word_1_267' title='bbox 865 2707 1014 2749; x_wconf 75' lang='lat' dir='ltr'>Suive&#39;s,</span> <span class='ocrx_word' id='word_1_268' title='bbox 1044 2718 1142 2753; x_wconf 84' lang='lat' dir='ltr'>pour</span> <span class='ocrx_word' id='word_1_269' title='bbox 1168 2708 1208 2741; x_wconf 86' lang='lat' dir='ltr'>la</span> <span class='ocrx_word' id='word_1_270' title='bbox 1222 2716 1393 2748; x_wconf 72' lang='lat' dir='ltr'>trouver,</span> <span class='ocrx_word' id='word_1_271' title='bbox 1430 2706 1551 2740; x_wconf 79' lang='lat' dir='ltr'>Theo-</span> 
     </span>
    </p>

    <p class='ocr_par' dir='ltr' id='par_1_5' title="bbox 78 2748 1367 2800">
     <span class='ocr_line' id='line_1_37' title="bbox 78 2748 1367 2800; baseline 0.003 -18"><span class='ocrx_word' id='word_1_272' title='bbox 78 2748 121 2788; x_wconf 64' lang='grc' dir='ltr'>’Ἴ</span> <span class='ocrx_word' id='word_1_273' title='bbox 145 2751 218 2783; x_wconf 82' lang='lat' dir='ltr'>Sat.</span> <span class='ocrx_word' id='word_1_274' title='bbox 246 2750 282 2792; x_wconf 83' lang='grc' dir='ltr'>Ι,</span> <span class='ocrx_word' id='word_1_275' title='bbox 307 2751 372 2791; x_wconf 89' lang='grc'>10,</span> <span class='ocrx_word' id='word_1_276' title='bbox 396 2751 454 2787; x_wconf 85' lang='lat'>46.</span> <span class='ocrx_word' id='word_1_277' title='bbox 977 2764 979 2766; x_wconf 85' lang='grc'><strong><em>·</em></strong></span> <span class='ocrx_word' id='word_1_278' title='bbox 1040 2755 1133 2787; x_wconf 80' lang='lat' dir='ltr'>crite</span> <span class='ocrx_word' id='word_1_279' title='bbox 1148 2762 1186 2787; x_wconf 73' lang='lat' dir='ltr'>et</span> <span class='ocrx_word' id='word_1_280' title='bbox 1210 2753 1367 2800; x_wconf 86' lang='lat' dir='ltr'>Virgile.</span> 
     </span>
    </p>

    <p class='ocr_par' dir='ltr' id='par_1_6' title="bbox 32 2793 1551 2889">
     <span class='ocr_line' id='line_1_38' title="bbox 57 2793 1551 2847; baseline 0.001 -19"><span class='ocrx_word' id='word_1_281' title='bbox 57 2841 66 2847; x_wconf 35' lang='lat'>¹</span> <span class='ocrx_word' id='word_1_282' title='bbox 79 2793 138 2838; x_wconf 80' lang='lat'>”⁸)</span> <span class='ocrx_word' id='word_1_283' title='bbox 162 2796 243 2829; x_wconf 73' lang='lat' dir='ltr'>Non</span> <span class='ocrx_word' id='word_1_284' title='bbox 259 2797 351 2830; x_wconf 83' lang='lat' dir='ltr'>male</span> <span class='ocrx_word' id='word_1_285' title='bbox 359 2798 535 2832; x_wconf 83' lang='lat' dir='ltr'>Boilavius</span> <span class='ocrx_word' id='word_1_286' title='bbox 547 2798 760 2843; x_wconf 81' lang='lat' dir='ltr'>expressisse</span> <span class='ocrx_word' id='word_1_287' title='bbox 790 2804 792 2808; x_wconf 90' lang='lat'>&#39;</span> <span class='ocrx_word' id='word_1_288' title='bbox 866 2802 943 2843; x_wconf 77' lang='lat' dir='ltr'>Que</span> <span class='ocrx_word' id='word_1_289' title='bbox 956 2800 1058 2833; x_wconf 85' lang='lat' dir='ltr'>leurs</span> <span class='ocrx_word' id='word_1_290' title='bbox 1078 2800 1230 2834; x_wconf 78' lang='lat' dir='ltr'>tendres</span> <span class='ocrx_word' id='word_1_291' title='bbox 1243 2801 1383 2840; x_wconf 67' lang='lat' dir='ltr'>Betim,</span> <span class='ocrx_word' id='word_1_292' title='bbox 1403 2811 1479 2846; x_wconf 82' lang='lat' dir='ltr'>par</span> <span class='ocrx_word' id='word_1_293' title='bbox 1497 2798 1551 2831; x_wconf 87' lang='lat' dir='ltr'>les</span> 
     </span>
     <span class='ocr_line' id='line_1_39' title="bbox 32 2841 1330 2889; baseline 0.005 -17"><span class='ocrx_word' id='word_1_294' title='bbox 32 2841 147 2874; x_wconf 78' lang='lat' dir='ltr'>videri</span> <span class='ocrx_word' id='word_1_295' title='bbox 163 2848 286 2885; x_wconf 86' lang='lat' dir='ltr'>potest</span> <span class='ocrx_word' id='word_1_296' title='bbox 303 2843 341 2875; x_wconf 82' lang='lat' dir='ltr'>in</span> <span class='ocrx_word' id='word_1_297' title='bbox 358 2845 502 2889; x_wconf 83' lang='lat' dir='ltr'>vulgato</span> <span class='ocrx_word' id='word_1_298' title='bbox 518 2846 600 2879; x_wconf 87' lang='lat' dir='ltr'>illo:</span> <span class='ocrx_word' id='word_1_299' title='bbox 1045 2848 1184 2881; x_wconf 78' lang='lat' dir='ltr'>Graces</span> <span class='ocrx_word' id='word_1_300' title='bbox 1204 2847 1330 2887; x_wconf 78' lang='lat' dir='ltr'>dicte&#39;s,</span> 
     </span>
    </p>

    <p class='ocr_par' dir='ltr' id='par_1_7' title="bbox 79 2891 1550 3027">
     <span class='ocr_line' id='line_1_40' title="bbox 355 2891 1550 2940; baseline -0.002 -16"><span class='ocrx_word' id='word_1_301' title='bbox 355 2893 520 2936; x_wconf 81' lang='lat' dir='ltr'>L&#39;Idylle</span> <span class='ocrx_word' id='word_1_302' title='bbox 547 2913 591 2918; x_wconf 91' lang='lat'>—</span> <span class='ocrx_word' id='word_1_303' title='bbox 866 2892 924 2925; x_wconf 78' lang='lat' dir='ltr'>Ne</span> <span class='ocrx_word' id='word_1_304' title='bbox 942 2894 1102 2939; x_wconf 79' lang='lat' dir='ltr'>quittent</span> <span class='ocrx_word' id='word_1_305' title='bbox 1116 2896 1222 2940; x_wconf 73' lang='lat' dir='ltr'>point</span> <span class='ocrx_word' id='word_1_306' title='bbox 1238 2905 1305 2927; x_wconf 71' lang='lat' dir='ltr'>vos</span> <span class='ocrx_word' id='word_1_307' title='bbox 1323 2892 1442 2924; x_wconf 73' lang='lat' dir='ltr'>mains</span> <span class='ocrx_word' id='word_1_308' title='bbox 1459 2891 1550 2933; x_wconf 86' lang='lat' dir='ltr'>jour</span> 
     </span>
     <span class='ocr_line' id='line_1_41' title="bbox 79 2935 1390 2987; baseline 0.005 -23"><span class='ocrx_word' id='word_1_309' title='bbox 79 2935 153 2966; x_wconf 86' lang='lat' dir='ltr'>Son</span> <span class='ocrx_word' id='word_1_310' title='bbox 174 2941 261 2967; x_wconf 78' lang='lat' dir='ltr'>tour</span> <span class='ocrx_word' id='word_1_311' title='bbox 288 2936 415 2982; x_wconf 73' lang='lat' dir='ltr'>simple</span> <span class='ocrx_word' id='word_1_312' title='bbox 441 2947 478 2972; x_wconf 73' lang='lat' dir='ltr'>et</span> <span class='ocrx_word' id='word_1_313' title='bbox 499 2939 591 2985; x_wconf 72' lang='lat' dir='ltr'>nats</span> <span class='ocrx_word' id='word_1_314' title='bbox 604 2942 666 2973; x_wconf 83' lang='lat' dir='ltr'>n&#39;a</span> <span class='ocrx_word' id='word_1_315' title='bbox 680 2941 760 2974; x_wconf 87' lang='lat' dir='ltr'>rien</span> <span class='ocrx_word' id='word_1_316' title='bbox 1040 2948 1077 2973; x_wconf 77' lang='lat' dir='ltr'>et</span> <span class='ocrx_word' id='word_1_317' title='bbox 1096 2942 1180 2974; x_wconf 84' lang='lat' dir='ltr'>nuit</span> <span class='ocrx_word' id='word_1_318' title='bbox 1189 2939 1390 2987; x_wconf 73' lang='lat' dir='ltr'>seuc&#39;llete&#39;s.</span> 
     </span>
     <span class='ocr_line' id='line_1_42' title="bbox 254 2980 504 3027; baseline 0.02 -15"><span class='ocrx_word' id='word_1_319' title='bbox 254 2980 300 3012; x_wconf 83' lang='lat' dir='ltr'>de</span> <span class='ocrx_word' id='word_1_320' title='bbox 310 2981 504 3027; x_wconf 66' lang='lat' dir='ltr'>sta-nuens,</span> 
     </span>
    </p>
   </div>
   <div class='ocr_carea' id='block_1_5' title="bbox 863 3007 1347 3052">
    <p class='ocr_par' dir='ltr' id='par_1_8' title="bbox 863 3007 1347 3052">
     <span class='ocr_line' id='line_1_43' title="bbox 863 3007 1347 3052; baseline 0 -12"><span class='ocrx_word' id='word_1_321' title='bbox 863 3007 902 3051; x_wconf 63' lang='grc' dir='ltr'>ἢ</span> <span class='ocrx_word' id='word_1_322' title='bbox 923 3007 1037 3041; x_wconf 58' lang='lat' dir='ltr'>nstit-</span> <span class='ocrx_word' id='word_1_323' title='bbox 1056 3010 1199 3052; x_wconf 84' lang='lat' dir='ltr'>Or.VI‚</span> <span class='ocrx_word' id='word_1_324' title='bbox 1222 3009 1266 3052; x_wconf 87' lang='grc'>3,</span> <span class='ocrx_word' id='word_1_325' title='bbox 1289 3009 1347 3042; x_wconf 79' lang='lat'>20.</span> 
     </span>
    </p>
   </div>
   <div class='ocr_carea' id='block_1_6' title="bbox 255 3045 537 3054">
    <p class='ocr_par' dir='ltr' id='par_1_9' title="bbox 255 3045 537 3054">
     <span class='ocr_line' id='line_1_44' title="bbox 255 3045 537 3054; baseline 0 266"><span class='ocrx_word' id='word_1_326' title='bbox 255 3045 537 3054; x_wconf 95' lang='lat' dir='ltr'> </span> 
     </span>
    </p>
   </div>
  </div>
 </body>
</html>
