1768 3320
169 200 364 235 chvlu
491 143 495 148 ·
670 182 1186 233 ARGUMENTA

172 313 265 355 Hoc
286 310 433 354 Turni
456 308 645 352 Iuturna
666 325 799 353 soror
816 308 1071 352 confundit:
1103 315 1146 350 et
1164 306 1324 349 ambos

167 369 218 412 ln
241 384 442 428 pugnam
465 367 661 425 populos
685 369 795 425 agit,
827 367 1035 410 ementita
1055 365 1323 407 Camertem.
1579 421 1582 422 ⁷
1616 364 1698 408 125

167 430 336 470 Aeneas
357 425 529 469 volucri
551 425 754 467 tardatur
775 425 980 467 membra
1002 423 1172 480 sagitta.

169 485 313 526 Anxia
330 498 415 542 pro
438 490 542 524 nato
564 480 753 525 servavit
779 497 884 524 cura
910 480 1118 539 parentis.

171 542 294 585 Urbs
317 541 503 598 capitur.
566 540 709 582 Vitam
733 539 892 596 laqueo
914 538 994 580 sibi
1012 537 1112 579 finit
1132 536 1305 579 Amata.

172 602 335 642 Aeneas
360 598 486 640 Turn
495 613 570 640 um
584 629 594 649 ‚
628 612 788 655 campo
806 609 1067 653 congressus
1080 626 1092 647 ,
1125 593 1361 651 utrimque

171 655 454 699 Circumfusa
473 656 584 708 acie,
615 655 703 699 vita
726 653 937 713 spoliavit
961 660 1004 695 et
1019 652 1168 695 armis.
1613 654 1696 695 130

833 814 895 863 11
930 815 1021 879 (x)

228 919 519 977 Argumenta
549 918 839 962 Monostichis
870 935 1098 978 expressa.
1141 935 1188 962 v.
1208 916 1319 962 ibid.
1341 916 1513 978 Epigr.
1538 920 1636 962 191.

176 1003 335 1042 Aeneas
360 999 509 1057 primo
529 998 704 1056 Libycis
726 999 970 1058 appellitur
994 1000 1098 1042 oris.

172 1057 343 1099 Funera
364 1056 606 1099 Dardaniae
626 1065 778 1099 narrat
798 1057 1022 1116 fletusque
1043 1057 1253 1101 seeundo.

172 1115 350 1157 Tertius
374 1129 546 1156 errores
567 1115 702 1166 canii,
734 1116 1041 1172 amissumque
1062 1123 1311 1174 parentem.

175 1172 334 1215 Uritur
353 1173 398 1213 in
418 1179 578 1228 quarto
600 1172 713 1215 Dido
729 1204 739 1223 ‚
769 1172 1067 1231 flammasque
1087 1173 1269 1216 fatetur.

171 1230 366 1283 Quintus
391 1228 521 1271 habet
541 1228 697 1280 ludos,
729 1238 772 1273 et
789 1230 972 1273 classem
1000 1231 1190 1290 corripit
1207 1232 1332 1290 ignis.
1665 1230 1693 1274 5

171 1287 465 1340 Quaeruntur
481 1294 607 1329 sexto
630 1287 781 1330 Manes
803 1296 844 1331 et
865 1289 1054 1332 Tartara
1071 1289 1197 1331 Ditis.

170 1344 396 1402 Septimus
415 1346 588 1386 Aenean
612 1345 756 1387 reddit
774 1345 982 1388 fatalibus
1005 1347 1133 1390 arvis.

171 1401 404 1459 Praeparat
425 1408 602 1454 octavo,
628 1401 796 1445 bellum
824 1418 938 1461 quos
965 1405 1114 1447 mittat
1134 1405 1177 1447 in
1205 1404 1397 1447 hostem.

168 1458 326 1500 Nonus
349 1458 481 1500 habet
497 1474 694 1517 pugnas,
725 1476 807 1503 nec
828 1461 948 1504 adest
969 1462 1065 1505 dux
1088 1462 1185 1521 ipse
1204 1462 1447 1506 tumultus.
1524 1514 1529 1521 ,

169 1515 335 1558 Occidit
356 1517 522 1558 Aeneae
545 1517 716 1560 decimo
737 1519 985 1562 Mezentius
1008 1521 1086 1563 ira.
1637 1522 1691 1562 10

169 1573 418 1616 Undecimo
441 1574 551 1616 victa
572 1583 635 1617 est
655 1591 743 1618 non
769 1592 911 1635 aequo
933 1577 1079 1620 Marte
1097 1577 1299 1621 Camilla.

174 1630 445 1673 Duodecimo
469 1631 654 1675 Turnus
677 1634 832 1677 divinis
851 1636 1008 1678 occidit
1029 1636 1180 1680 armis.

798 1788 892 1837 111
927 1789 1045 1853 (xl)

228 1884 565 1942 Argumentum
602 1891 807 1933 omnium
846 1909 1036 1951 operum
1071 1893 1128 1938 V
1123 1893 1468 1952 irgilianorum.
1519 1891 1631 1936 ibid.

417 1954 585 2014 Epigr.
611 1962 692 2003 188
730 1960 906 2004 indocti
935 1971 979 2006 ec
1008 1963 1206 2007 barbari
1232 1962 1444 2006 hominis.

176 2034 405 2096 Pastorum
428 2035 603 2078 Musam
624 2039 746 2082 vario
767 2044 1007 2086 certamine
1026 2045 1213 2103 promit,

175 2089 303 2132 Ruris
329 2091 430 2133 item
455 2092 605 2135 docilis
624 2096 846 2141 culturam
870 2103 1067 2146 carmine
1085 2109 1324 2146 monstrat.

173 2148 417 2190 Arboribus
438 2151 569 2192 vitem
583 2184 594 2201 ‚
624 2155 800 2211 prolem
822 2172 1003 2216 quoque
1025 2161 1169 2218 iungit
1189 2160 1346 2215 olivae,

170 2204 495 2275 'pastorumque
516 2208 643 2252 Palen
658 2243 669 2263 ‚
703 2222 746 2256 et
764 2229 920 2258 curam
945 2218 1080 2262 tradit
1100 2233 1343 2277 equorum.

178 2262 299 2303 func
322 2278 471 2321 apium
494 2268 671 2320 seriem,
703 2279 743 2313 et
766 2286 879 2328 quae
901 2275 1043 2318 mellis
1067 2276 1206 2331 dona,
1234 2283 1445 2320 recenset.
1660 2277 1687 2320 5

174 2320 578 2386 Aeneas-profugus
603 2326 738 2371 intrat
759 2330 1037 2388 Carthaginis
1060 2349 1173 2378 oras.

172 2376 376 2441 Conxsivis
398 2394 526 2421 series
550 2392 754 2428 narratur
770 2387 932 2432 Troica
954 2390 1066 2434 belli.

171 2433 349 2475 Tertius
371 2442 415 2476 at
437 2440 631 2496 complet
651 2446 868 2487 narrantis
893 2448 937 2488 in
967 2450 1122 2492 ordine
1149 2460 1282 2508 gesta.

173 2491 308 2554 Ardet
330 2506 479 2534 amans
504 2495 616 2540 Dido
643 2498 784 2543 satum
805 2505 960 2547 sortita
979 2521 1263 2565 supremum.

171 2548 366 2600 Quintus
393 2548 524 2614 habet
550 2556 664 2598 varia
690 2560 855 2602 tumuli
876 2565 1127 2620 spectacula
1151 2567 1306 2626 patris,
1631 2570 1685 2610 10
1759 2567 1762 2569 ⁵

169 2603 374 2647 infernos
392 2607 503 2649 Ditis
525 2610 674 2655 Manes
699 2623 740 2657 et
759 2631 891 2674 regna
912 2631 1127 2678 pererrat.

169 2751 177 2759 ·
214 2707 252 2740 X
285 2707 443 2764 Praefiff‘a
479 2711 581 2767 etjam
613 2715 758 2762 singulis
794 2720 894 2756 libris
953 2724 1028 2758 lum
1062 2727 1143 2774 (et)
1179 2741 1272 2775 quos
1300 2730 1425 2764 mittat
1460 2730 1500 2764 in
1531 2730 1684 2765 hostem.

166 2753 306 2834 ῗοῒεῗέἱί..
324 2756 428 2790 Basil.
452 2764 488 2791 et
508 2771 543 2792 m
565 2763 642 2796 cod.
669 2767 770 2801 Rom.
799 2770 895 2813 apud
951 2773 1044 2805 Nam
1071 2775 1115 2808 ab
1154 2777 1318 2812 Evandro
1357 2775 1488 2832 auxilia
1512 2777 1685 2832 *ax-cessit.

213 2847 235 2882 8
268 2846 401 2881 bellum
561 2853 583 2886 b
606 2855 633 2888 H
791 2859 800 2868 ,
990 2820 1072 2874 ,ὶξῐζ
1088 2822 1112 2857 3
1134 2835 1273 2858 versum
1297 2835 1370 2858 non
1397 2831 1493 2880 sat-is·
1509 2824 1685 2870 mtelhgo.

411 2874 422 2892 ⁹
459 2861 525 2895 ΡῙὌ
587 2866 605 2887 e
635 2868 692 2890 ΠΜ
729 2865 893 2906 utI'mque
950 2866 1030 2899 lel
1056 2881 1212 2915 tangere
1252 2877 1307 2905 est
1336 2872 1589 2926 praecipiendo
1616 2871 1685 2905 ad-

164 2894 391 2938 gerentibus‚
433 2898 596 2942 positum.
659 2903 738 2937 Nisi
775 2909 891 2952 potius
950 2912 1035 2946 dere
1065 2922 1148 2960 post
1175 2918 1322 2953 arbores
1355 2926 1477 2953 nuum
1507 2925 1545 2953 et
1567 2918 1684 2954 olivae

165 2948 237 2975 est:
260 2943 470 2990 Praeparat
487 2945 650 2996 (Aeneas)
669 2960 795 2987 octavo
813 2953 891 2989 hel-
950 2960 1130 2997 culturam.
