1734 3320
531 217 638 267 AD
682 219 995 272 LIBRUM
1038 223 1120 275 IV
1484 235 1584 282 697

56 357 155 391 enm
179 343 317 387 'videri
350 344 473 386 debet
500 345 637 386 Schol.
665 347 828 388 Luciani
858 349 940 390 DI).
970 353 1019 401 6,
1046 366 1134 405 pag.
1152 357 1251 404 216,
1271 356 1317 395 T.
1342 357 1378 396 1:
1403 356 1508 407 Ζεύς
1527 378 1586 390 .-

18 450 20 452 v
55 401 278 473 danzig?
305 406 438 460 τροχῷ
462 400 596 458 δήσας
622 404 691 447 τὸν
715 402 859 457 Ἰξίονα
888 403 1028 462 ἐφῆκε
1056 410 1259 465 φέρεσθαι
1287 412 1355 456 Bao?
1381 413 1454 457 τόν
1484 413 1587 471 οἷὲρα

24 482 27 484 ”
58 464 353 518 μιπιζσμενον
379 461 453 504 καὶ
481 462 670 519 λέγοντα,
709 463 786 519 χρή
808 469 931 524 τιμᾷν
947 464 1045 517 τούς
1072 466 1290 523 εὐεργέτας.
1310 479 1371 512 est
1390 480 1431 512 et
1445 474 1487 513 in
1504 473 1585 514 hoc

58 520 225 562 scholio
245 520 401 574 aliquid
432 522 554 573 novi,
580 517 718 572 Ἰξίων
743 522 1059 579 μαστιζόμενος,
1079 528 1328 580 flagellatus
1345 545 1443 570 num
1460 546 1482 570 a
1499 533 1586 572 Fu-

28 583 35 591 '
56 579 161 625 tiit?
185 579 306 620 alata
325 585 464 621 autem
490 579 533 620 h.
554 581 692 620 celeris
711 589 803 621 rota
826 583 929 622 bene
946 583 1120 635 dicitur,
1153 592 1202 624 ut
1221 587 1342 626 etiam
1361 590 1470 642 apud
1486 591 1586 630 Pin-

15 667 18 670 -
59 637 149 679 dur.
174 636 204 678 1.
226 636 256 678 l.
286 637 334 681 ἓν
361 636 575 695 πτερόεντι
604 642 747 694 τροχῷ.
803 642 845 680 Si
865 642 918 681 ad
943 641 1057 681 hunc
1074 643 1243 683 modum
1267 655 1408 685 ventus
1424 649 1585 702 proprie

60 696 196 738 dicem
222 697 449 751 accipitur3
489 711 600 737 nunc
630 698 681 737 de
714 713 810 739 casu
834 709 949 739 vento
981 702 1221 753 quaeritur:
1263 706 1466 755 quomodo
1491 713 1585 746 rota

58 754 294 796 substiterit
318 764 452 797 mlo.
515 757 680 796 Servius
714 758 789 796 ait:
839 759 984 808 „Deest
1009 774 1124 810 cum,
1162 768 1203 799 et
1228 760 1307 801 hoc
1334 762 1454 802 dicit:
1493 779 1586 804 cum

23 810 26 834 3
50 819 186 855 ,vento
205 827 281 854 suo
300 819 394 854 rota
412 815 600 854 constitit
614 845 625 864 ‚
657 815 701 854 id
721 822 801 866 est,
832 831 926 856 cum
945 831 1084 857 caussa
1102 819 1369 860 volubilitatis
1393 822 1585 874 quievit.“

57 871 220 927 Enipei·
252 872 460 928 perdura!
496 873 641 912 Melius
654 904 665 923 ‚
703 881 804 927 puto
818 905 829 924 ‚
870 876 927 914 ita
957 889 1152 929 expones:
1199 884 1330 917 rotam
1360 881 1585 919 constitisse

57 946 88 971 a
104 938 223 971 msto
237 960 250 983 ,
282 930 513 972 cohibuisse
534 945 597 981 se,
628 946 709 984 quo
731 933 863 972 minus
882 948 904 972 a
925 941 1048 974 vento
1066 936 1359 988 impelleretur:
1388 944 1436 976 ut
1450 942 1585 977 consi-

57 997 158 1030 dam
171 988 318 1042 aliquia
337 1005 366 1030 a
385 1003 505 1030 eursu
518 1020 529 1040 ‚
561 990 660 1029 dum
677 991 783 1031 sistit
803 1006 988 1042 cursum,
1018 1000 1127 1033 recte
1149 995 1228 1033 dici
1248 995 1435 1046 videtur,
1466 1002 1514 1035 ut
1538 997 1581 1036 in

56 1047 150 1088 loco
164 1047 254 1088 Ed.
270 1047 321 1099 11,
334 1049 395 1093 25
431 1049 569 1101 Quum
582 1050 800 1102 placidum
820 1053 945 1089 venti-s·
965 1060 1086 1090 staret
1103 1067 1226 1092 mare.
1272 1054 1433 1093 Ceteras
1454 1055 1583 1094 inter-

56 1107 329 1162 pretatioues,
359 1113 410 1147 ut
425 1116 542 1147 vento
562 1122 638 1161 pro
657 1108 833 1147 advenm.
852 1116 923 1148 aut
941 1124 1034 1148 cum
1051 1120 1211 1149 ventum
1231 1120 1331 1150 esset
1349 1113 1421 1162 sit,
1451 1113 1581 1152 multo

10 1174 18 1178 ²
58 1164 267 1216 duriores,
295 1165 382 1206 vid.
405 1165 518 1220 apud
538 1167 678 1206 Burm.
709 1173 751 1206 et
778 1167 952 1219 reliquos
981 1168 1114 1221 Intpp.
1175 1169 1271 1208 Post
1290 1184 1431 1209 vocem
1447 1179 1578 1221 vento,

58 1223 190 1265 altera
214 1223 419 1265 dubitatio
438 1231 501 1264 est
522 1225 574 1264 de
591 1239 680 1264 voc.
700 1234 789 1264 nola
810 1226 925 1266 orbis,
982 1226 1083 1265 Nam
1114 1227 1216 1266 orbis
1230 1241 1303 1281 per
1320 1231 1361 1266 se
1383 1243 1457 1281 pro
1476 1235 1580 1279 rota,

57 1288 102 1323 et
124 1282 231 1322 orbis
258 1291 372 1323 rutae
396 1283 500 1323 bene
529 1283 703 1333 dicitur,
740 1291 790 1323 ut
819 1284 929 1338 apud
960 1285 1106 1324 Tibull.
1129 1286 1160 1335 I,
1183 1286 1223 1335 5,
1245 1289 1298 1328 10
1328 1286 1416 1325 orbe
1442 1296 1579 1335 rotae5

12 1354 19 1375 ἲ
57 1341 267 1382 enimvero
288 1341 497 1396 displicet,
528 1342 641 1395 quod
661 1351 749 1381 rota
770 1343 873 1382 orbis
891 1343 999 1382 dicta
1017 1349 1088 1394 est,
1118 1343 1353 1397 periphrasi,
1381 1358 1484 1397 quae
1502 1345 1580 1384 alio

10 1398 18 1447 J,
56 1400 245 1454 exemplo
279 1400 448 1455 probari
473 1401 540 1440 vel
565 1401 762 1441 illustrari
790 1402 951 1454 nequit3
991 1416 1073 1442 non
1099 1403 1220 1454 magis
1240 1433 1251 1453 ‚
1298 1417 1418 1454 quam
1442 1400 1581 1457 τροχὸς

14 1479 16 1482 ⁴
55 1454 235 1511 κύκλου,
264 1473 342 1514 pro
361 1455 516 1509 κύκλος
534 1463 708 1514 teuzoni,
740 1460 816 1499 nisi
845 1460 985 1499 laudes
1015 1469 1144 1499 rotam
1165 1461 1321 1499 rhombi
1339 1463 1581 1499 stamineam

55 1516 260 1572 Propertii
274 1518 341 1569 III,
358 1517 399 1568 4,
418 1521 477 1562 26
498 1517 587 1573 (111,
611 1522 652 1569 6,
673 1517 748 1573 26)
770 1533 845 1572 pro
865 1518 1037 1558 rhombo
1057 1518 1144 1572 ipso
1161 1549 1172 1568 ,
1206 1520 1270 1558 cui
1288 1519 1470 1569 stamina,
1498 1519 1579 1569 fila,

47 1575 169 1627 licia,
197 1575 450 1616 circumdata
473 1583 590 1616 sunt:
627 1591 773 1617 verum
799 1577 848 1616 de
866 1577 907 1617 h.
924 1578 949 1617 l.
970 1592 1067 1617 mox
1087 1577 1229 1616 dicam.
1286 1578 1579 1630 Proposueram
1610 1590 1614 1592 ·

53 1634 100 1675 in
117 1635 247 1675 altera
267 1635 447 1676 editione
467 1636 639 1676 alteram
656 1636 1050 1689 interpretationem:
1081 1650 1173 1675 cum
1190 1642 1304 1674 rotae
1321 1635 1513 1674 act-hinem
1533 1649 1580 1674 ac

53 1695 271 1745 vorticem,
312 1695 456 1748 δίνην,
496 1694 626 1735 tribui
658 1695 802 1748 passim
821 1695 1050 1743 videamus,
1090 1701 1139 1734 ut
1160 1694 1237 1747 ipsi
1262 1701 1376 1733 rotae
1403 1694 1579 1732 Ixioniae

55 1751 168 1806 apud
187 1753 327 1793 senec.
344 1751 397 1793 H.
414 1753 506 1793 Oet.
531 1755 641 1796 1069
672 1754 824 1792 Haesit
850 1769 930 1792 non
946 1752 1101 1792 stabilis
1126 1761 1214 1791 rota
1242 1754 1359 1792 Victo
1376 1752 1579 1804 languida

54 1810 220 1850 lutbae'ne.
251 1817 295 1851 et
313 1812 415 1851 Stat.
434 1811 562 1852 Theb.
588 1811 689 1862 VIII,
705 1814 774 1855 50.
793 1813 843 1855 51
859 1842 871 1862 ,
900 1827 973 1850 cur
990 1819 1126 1849 autem
1143 1811 1277 1849 avidi-s
1294 1812 1441 1849 Ixiona
1446 1809 1577 1861 fian-

50 1882 111 1922 go
132 1862 383 1909 munz-abias?
407 1870 541 1910 videri
565 1877 731 1924 poetam
749 1870 889 1909 eodem
916 1869 1038 1909 modo
1060 1869 1207 1908 dixisse
1232 1877 1414 1916 ventum,
1442 1868 1580 1907 turbi-

52 1940 147 1968 nem
159 1957 173 1978 ‚
195 1936 327 1979 rotae,
355 1927 399 1968 11.
416 1930 684 1969 rotationem:
715 1928 821 1968 hanc
837 1943 930 1968 cum
947 1928 1171 1967 constitisse
1193 1927 1323 1965 dicere
1341 1926 1475 1976 vellet,
1503 1940 1580 1979 pro

15 1988 18 1989 ⁷
53 1985 236 2039 vulgari:
272 1996 440 2037 venam,
483 1995 555 2027 seu
583 1987 730 2038 turbo,
769 1989 925 2027 Ixionii
947 1986 1072 2033 orbis,
1116 1985 1291 2024 Ixioniae
1318 1991 1455 2034 rotae,
1484 1983 1580 2022 sub-

52 2046 174 2095 stuic,
210 2045 450 2098 exquisitius
480 2046 608 2086 dixit:
636 2055 725 2085 rota
752 2047 926 2085 constitit
951 2053 1086 2093 vento,
1119 2044 1162 2082 in
1183 2044 1387 2081 rotatione
1403 2056 1499 2091 sua,
1534 2042 1580 2080 in

12 2131 13 2135 ,
51 2108 173 2142 motu
188 2117 277 2144 suo.
336 2104 469 2157 [psam
494 2114 627 2144 rotam
648 2119 724 2158 pro
743 2110 908 2154 rotatu,
940 2102 1161 2151 rotatione,
1191 2101 1312 2150 ονῦιὲς,
1342 2107 1478 2149 rotae,
1512 2113 1578 2138 ac.

11 2159 17 2190 Ῐ
53 2161 188 2215 cipere
202 2176 288 2202 non
310 2162 534 2214 audebam,
565 2164 661 2216 quia
676 2177 797 2202 usum
814 2162 925 2202 hunc
941 2161 1108 2200 edoctus
1129 2173 1211 2198 non
1234 2173 1363 2208 eram;
1393 2171 1579 2211 pronun-

12 2222 23 2235 ¹
51 2219 157 2259 tiara
176 2227 315 2260 autem
335 2227 546 2274 tamquam
572 2235 626 2261 ex
652 2221 786 2261 edicto
807 2219 1003 2260 modestia
1021 2218 1274 2272 prohibebat.
1332 2217 1579 2267 Relinquen-

54 2277 157 2318 dum
191 2292 277 2318 esse
311 2280 503 2320 videbam
535 2281 701 2320 lectoris
735 2280 906 2329 iudicio,
960 2284 1096 2317 utram
1114 2276 1327 2315 ‘rationem
1365 2275 1576 2328 praeferat.

11 2351 29 2386 ,ᾗ
51 2335 268 2378 Meierotto
293 2339 474 2393 priorem
502 2339 823 2393 amplectebatur
856 2338 899 2377 in
922 2336 1060 2375 Dubiis
1091 2349 1176 2388 pag.
1199 2337 1265 2376 12.
1324 2333 1376 2371 Et
1398 2333 1454 2371 sic
1476 2332 1577 2370 alius

15 2394 19 2425 ἶ
52 2393 324 2450 amplectetur
358 2398 499 2448 aliam;
528 2404 626 2437 sunt
652 2398 758 2436 enim
787 2398 829 2436 in
851 2394 1205 2448 interpretatione,
1236 2405 1357 2443 quam
1370 2390 1578 2429 interdum

19 2494 22 2498 .
52 2454 350 2495 divinationem
377 2457 515 2504 veri-us
544 2457 696 2496 dixeris
710 2487 722 2506 ‚
760 2457 989 2502 innumera,
1030 2465 1153 2503 quae,
1184 2451 1279 2503 quia
1295 2449 1361 2488 vel
1377 2449 1436 2489 rei
1456 2462 1577 2487 aceu-

49 2519 144 2552 rata
168 2514 307 2564 notio,
343 2515 412 2554 vel
442 2515 638 2555 sermonis
665 2529 761 2553 usus
790 2527 874 2552 non
902 2512 998 2550 satis
1022 2511 1169 2562 liquet,
1216 2522 1268 2547 ex
1306 2521 1378 2546 suo
1409 2506 1576 2559 quisque

16 2584 19 2589 ’
50 2584 174 2612 sensu
190 2572 415 2613 constituet
431 2574 475 2612 in
492 2573 560 2624 iis,
591 2587 694 2626 quae
708 2586 782 2625 per
796 2576 1012 2625 praecepta
1030 2568 1188 2608 critices
1205 2573 1246 2605 et
1260 2564 1577 2604 hermeneutices

10 2658 18 2674 ,ι
49 2643 137 2670 non
159 2631 219 2670 ita
244 2632 573 2681 constituuntur,
614 2638 663 2671 ut
694 2631 805 2670 omni
825 2627 1066 2669 dubitationi
1087 2625 1246 2666 occurri
1271 2625 1407 2677 possit.
1465 2621 1577 2670 Quid

18 2718 21 2722 ,
48 2687 177 2741 igitur
206 2696 293 2740 est,
337 2690 450 2743 quod
485 2684 603 2729 aliter
637 2696 821 2728 statuens
855 2688 958 2726 alter
986 2685 1158 2724 alterum
1188 2684 1431 2731 insectatur,
1481 2680 1575 2719 odio

13 2746 16 2751 ’
49 2746 272 2788 Vatiniana
309 2749 490 2802 exagitat
505 2779 516 2798 ‚
555 2748 850 2796 calumniatur,
895 2744 1078 2797 sugillat,
1119 2757 1199 2780 non
1234 2742 1405 2778 missura
1445 2747 1576 2776 cutem

49 2807 278 2858 nisiplena
302 2811 456 2846 emor-is·
482 2807 654 2847 hirudo!
695 2805 776 2845 hoc
794 2802 878 2844 non
899 2809 959 2841 est
979 2802 1166 2841 criticum
1187 2812 1321 2851 agere,
1351 2796 1422 2836 sed
1440 2796 1575 2834 Bello-

7 2870 19 2885 ς
46 2863 234 2915 narium3
263 2871 376 2904 certe
391 2880 417 2904 a
444 2865 694 2919 professione
717 2861 983 2903 humanitatis
1005 2867 1066 2899 est
1088 2859 1282 2906 alienum,
1317 2861 1460 2894 contra
1482 2867 1576 2892 cum

13 2952 15 2955 -
49 2923 269 2962 atrocitate
292 2924 441 2964 mentis
470 2930 513 2963 et
541 2937 705 2962 morum
734 2921 960 2962 rusticitate
994 2917 1253 2957 coniunctum
1278 2944 1289 2963 ‚
1330 2912 1512 2965 inprimis
1543 2911 1573 2949 si

10 2974 14 2989 ³
49 2981 300 3031 memineris,
340 2988 470 3022 totam
494 2981 603 3021 hanc
630 2981 729 3020 artis
752 2978 1040 3034 professionem
1064 2976 1105 3014 in
1135 2972 1325 3013 tenuibus
1348 2977 1390 3009 et
1409 2969 1574 3009 minutis

0 3086 11 3094 V
47 3039 216 3080 versari.
274 3040 423 3081 Debuit
438 3047 548 3081 certe
570 3046 643 3078 aut
660 3052 744 3078 esse
763 3044 836 3078 aut
856 3036 955 3091 fingi⁴
976 3049 999 3073 a
1016 3038 1137 3087 poeta
1155 3043 1295 3071 caussa
1314 3029 1469 3081 aliqua,
1501 3040 1575 3066 cur

0 3095 47 3170 Ξ
