1768 3320
219 210 321 258 238
567 206 622 256 P.
678 204 1020 256 VIRGILII
1063 204 1436 255 MARONIS

217 333 376 384 Illum
400 334 562 382 etiam
580 332 738 397 lauri,
779 332 939 382 etiam
959 330 1159 382 flevere
1185 333 1441 398 myricae3

217 402 425 455 Pinifer
444 403 598 454 illum
621 404 782 454 etiam
804 402 915 452 sola
938 402 1037 454 sub
1061 420 1197 470 rupe
1221 404 1488 454 iacentem
1530 467 1533 468 ⁷

216 474 517 538 MaeynaIUS,
558 484 611 524 et
628 473 792 540 gelidi
811 471 1080 523 fleverunt
1096 490 1212 522 saxa
1237 475 1441 538 Lycaei.

220 547 373 595 Stant
395 554 448 595 et
470 562 597 595 oves
618 546 845 605 circum3
885 544 1077 607 (nostri
1098 560 1200 593 nec
1218 545 1467 611 poenitet
1483 542 1618 602 illas;

216 620 330 669 Nec
349 625 404 666 te
421 616 700 683 poeniteat
718 613 955 682 pecoris,
995 613 1174 664 divine
1190 624 1376 681 poeta:

1686 476 1751 525 15

267 747 312 782 13
337 746 457 788 lauri,
481 746 587 779 illum
606 746 716 778 etiam
727 745 875 791 flevere
895 745 1076 789 myricae,
1108 750 1145 776 ut
1160 743 1235 776 Lon
1240 743 1323 788 gob:
1349 751 1384 777 et
1401 743 1505 789 pauci
1523 744 1584 778 alii
1602 744 1749 788 habent,

218 799 300 827 ante
320 792 442 826 Heius.
469 793 630 837 vulgatae
651 792 735 825 inde
757 804 776 825 a
800 793 863 825 Ge.
885 791 1047 825 Fabricio
1073 796 1108 823 et
1127 791 1341 837 Eulmann03
1373 792 1437 825 sed
1454 791 1624 826 sustulit·
1613 804 1643 826 15
1665 805 1751 826 ver·-

218 853 275 874 sus
302 840 394 873 male
418 840 590 873 intrusum
608 839 757 873 fulcrum
776 839 930 872 Medicei
956 845 991 872 et
1018 832 1231 883 optimorum
1251 838 1423 872 librorum
1440 846 1515 873 tum
1536 839 1616 873 edd.
1639 852 1751 885 supe-

216 888 351 921 riorum
381 887 603 921 auctoritate.
644 888 935 929 lauras,et1a1n
956 885 1092 919 Zulich.
1129 886 1251 928 lauri,
1277 899 1345 920 nec
1363 899 1440 920 non
1494 887 1692 921 ..Parrhas
1717 894 1752 921 et

218 936 274 969 ed.
296 937 385 968 Ven.
424 935 543 977 lauri,
569 935 767 980 illumjlez
771 947 833 968 ere
849 935 950 967 Rom.
970 933 1088 966 Pierii.
1187 931 1232 969 14
1256 942 1438 967 tacentem
1455 935 1576 968 Barth.
1600 947 1619 968 e
1636 933 1750 969 tribus

218 982 370 1027 antiquis
387 982 532 1015 Advers.
549 983 682 1024 XVIII,
706 983 761 1017 16
861 983 959 1017 16—-
974 982 1017 1017 18
1043 982 1133 1014 Tres
1156 980 1223 1014 hos
1250 993 1370 1014 versus
1389 988 1473 1026 post
1492 994 1631 1015 versum
1648 990 1751 1016 octa-

215 1043 296 1064 vum
325 1029 483 1074 Scaliger
510 1031 609 1063 Poet.
629 1030 674 1070 V,
701 1030 723 1064 5
750 1034 969 1071 retraxerat,
1002 1035 1106 1073 atque
1135 1026 1187 1061 ita
1204 1029 1426 1062 Taubmann
1454 1029 1624 1063 exhibuit.
1672 1029 1751 1064 Alia

218 1076 418 1111 coniectura
435 1083 489 1110 est
498 1076 668 1118 Schutzn
689 1076 860 1110 excidisse
877 1082 962 1120 post
977 1077 1092 1109 'Stant
1107 1083 1144 1108 et
1163 1088 1251 1109 oves
1266 1077 1401 1109 circum
1414 1077 1585 1123 quaedam
1597 1089 1617 1111 a
1629 1089 1751 1122 gram-

215 1124 346 1158 matico
375 1124 493 1170 aliquo
520 1124 612 1157 male
640 1124 815 1169 suppleta.
866 1124 902 1157 Si
929 1123 1071 1156 omnino
1098 1129 1206 1167 poeta
1227 1135 1296 1156 una
1326 1136 1402 1157 cum
1431 1124 1487 1158 his
1509 1136 1618 1158 verss.
1646 1125 1751 1159 etiam

217 1172 394 1217 upiliones
418 1179 453 1205 et
472 1171 635 1205 subulcos
669 1171 777 1216 (apud
795 1168 948 1205 Theocr.
971 1172 997 1213 Ι,
1019 1172 1065 1206 80
1089 1177 1170 1203 sunt
1189 1169 1333 1216 βῶταμ,
1358 1168 1554 1216 ποιμένες,
1582 1168 1749 1217 αἰπόλοι)

218 1219 415 1261 omisisset,
443 1225 479 1252 et
497 1225 580 1265 post
599 1231 630 1252 v.
654 1219 696 1253 15
720 1218 838 1251 statim
859 1218 1079 1264 Apollinem,
1105 1217 1284 1251 Silvanum
1305 1224 1342 1251 et
1356 1219 1505 1262 Panem,
1531 1219 1749 1260 subiecisset,

215 1267 307 1300 nihil
329 1266 447 1311 utique
478 1266 639 1300 suavitati
665 1265 827 1299 carminis
857 1266 1052 1299 detractum
1072 1264 1208 1298 fuisset.
1257 1265 1351 1299 Dedi
1375 1266 1480 1311 trium
1503 1279 1666 1300 versuum
1689 1267 1751 1300 in-

215 1314 508 1360 terpretationem
529 1314 823 1359 qualemcunque3
849 1325 910 1347 eos
934 1321 1051 1352 tamen
1070 1325 1090 1346 a
1107 1312 1189 1346 loco
1211 1313 1280 1347 hoc
1299 1313 1434 1347 alienos
1458 1325 1536 1347 esse
1553 1309 1645 1348 bene
1665 1327 1751 1348 sen-

215 1362 288 1403 ti03
325 1362 402 1407 (sed
423 1361 493 1394 vid.
518 1362 604 1395 Not.
636 1361 734 1405 Wr.)
771 1368 806 1394 et
832 1361 982 1405 pedibus
1011 1360 1048 1393 in
1068 1359 1240 1404 Scaligeri
1269 1360 1478 1395 sententiam
1505 1362 1750 1405 concederem,

215 1409 287 1443 nisi
311 1409 381 1442 hoc
402 1421 506 1442 unum
527 1421 582 1441 me
611 1408 803 1451 retineret,
839 1408 935 1453 quod
953 1419 1073 1441 versus
1098 1407 1337 1441 Theocriteos
1358 1408 1500 1442 Maroni
1524 1416 1604 1443 ante
1628 1409 1749 1444 oculos

215 1457 326 1491 fuisse
343 1456 470 1490 video:
507 1456 580 1489 Ubi
599 1456 788 1500 Nymphae
811 1456 937 1498 eratis,
964 1468 1039 1488 cum
1058 1454 1218 1499 Daphnis
1239 1456 1306 1513 (ut
1309 1468 1401 1489 nunc
1423 1456 1558 1514 Gallus)
1579 1456 1751 1491 contabe-

216 1503 362 1539 sceret?
387 1503 489 1536 Illum
508 1503 683 1536 deflerunt
702 1504 799 1536 ferae
817 1523 861 1529 -
879 1511 952 1536 111111
969 1500 1017 1538 74
1038 1500 1184 1537 Πολλαὶ
1204 1501 1241 1537 οἱ
1257 1500 1337 1560 πὰρ
1353 1501 1466 1538 ποσσὶ
1482 1500 1591 1550 βόες,
1617 1502 1752 1540 πολλοὶ

216 1549 260 1587 δέ
283 1563 324 1586 τε
347 1563 504 1596 ταυροι,
532 1548 677 1585 Πολλαὶ
697 1547 737 1584 δ’
768 1562 817 1585 αν
846 1547 1014 1594 aaudiat
1034 1548 1099 1584 καὶ
1115 1547 1269 1606 πόρτιες
1289 1547 1372 1585 ω’δύ
1399 1562 1503 1586 ccv-co.
1539 1553 1659 1585 vestri
1684 1565 1752 1586 nec

214 1598 380 1634 Parrhas.
430 1600 491 1633 Vs.
514 1600 559 1634 18
584 1597 748 1632 convenit
768 1610 845 1632 cum
863 1599 1020 1632 Theocr.
1041 1599 1068 1641 I,
1090 1599 1158 1634 109
1186 1593 1331 1643 ωραῖός
1349 1610 1371 1644 χ
1414 1593 1563 1640 ὤδωνις
1589 1595 1670 1634 ἐπεὶ
1687 1599 1751 1635 καὶ

215 1733 299 1759 non
319 1724 418 1769 erat,
440 1732 512 1757 cur
523 1716 770 1757 Lachmann.
789 1718 842 1756 ad
853 1718 957 1756 Pro-
1017 1717 1104 1756 dati
1122 1731 1168 1756 8ο
1187 1717 1350 1757 1101111118
1361 1732 1497 1771 greges
1510 1732 1605 1769 esse,
1625 1718 1750 1758 adeo-

215 1783 321 1831 pert.
339 1777 405 1827 IV,
428 1779 466 1826 8,
485 1799 542 1806 —
561 1776 646 1815 sive
665 1777 732 1826 III,
754 1779 792 1826 9,
813 1799 871 1805 -
887 1779 954 1818 36.
1015 1790 1092 1827 que
1123 1789 1198 1814 nec
1220 1777 1394 1829 petitum
1427 1777 1476 1815 ab
1495 1777 1542 1816 iis
1562 1777 1751 1816 carminis

215 1850 374 1875 moram
402 1849 477 1887 pro
511 1834 830 1874 commoratione
856 1834 896 1873 h.
927 1834 954 1873 l.

217 1895 370 1933 dictam
404 1893 669 1932 existimaret.
705 1895 769 1933 W
770 1891 824 1946 ⁴r.)
888 1891 953 1933 14.

219 1953 285 1996 15.
317 1953 358 1991 Si
384 1958 543 1990 montes
570 1950 791 2001 Arcadiae,
824 1953 953 1989 Ἀζαρ-

215 2011 338 2049 ηαίιι3
371 2016 412 2049 et
431 2012 620 2062 Lycaeus
644 2007 706 2064 (7:0¹
728 2005 951 2062 Λύκαιον),

217 2069 381 2108 Gallum
415 2068 642 2108 deflerunt:
689 2081 849 2107 necesse
881 2074 953 2118 est,

215 2128 259 2167 in
294 2126 470 2166 Arcadia
508 2141 620 2166 nunc
654 2126 753 2179 fingi
793 2127 956 2165 Gallum

216 2186 303 2225 sola
334 2186 408 2224 sub
434 2199 537 2238 rupe
566 2186 764 2224 iacentem
774 2200 784 2237 3
825 2184 956 2223 Arca-

218 2245 307 2284 diae
326 2245 447 2283 etiam
465 2244 769 2283 accommodata
780 2250 876 2283 sunt
886 2257 956 2282 re—

215 2304 338 2355 liqua.
405 2304 530 2342 Poeta
571 2309 705 2341 autem
744 2302 954 2357 putandus

217 2368 278 2400 est
328 2361 476 2413 fingere
519 2375 560 2399 se
605 2362 721 2400 Gallo
762 2361 953 2410 adfuisse,

215 2419 327 2459 unde
349 2434 389 2459 v.
409 2423 466 2463 26
489 2433 529 2458 se
545 2420 606 2472 ips
589 2433 680 2459 511111
703 2420 853 2460 vidisse
873 2420 953 2458 Pa-

215 2493 270 2518 na
295 2478 364 2518 ait.

278 2539 345 2579 16.
376 2538 502 2574 nostri
530 2551 601 2574 nec
628 2538 809 2587 poenitet
841 2535 952 2573 illas.

217 2595 395 2635 Omnino
417 2594 526 2633 hanc
548 2594 790 2632 sententiam
815 2593 957 2631 afferre

215 2653 392 2693 voluisse
439 2652 636 2691 videtur:
711 2652 832 2690 etiam
882 2651 958 2703 ipsi

218 2712 357 2752 ovium
393 2724 555 2763 greges,
606 2724 851 2763 pascuorum
878 2709 958 2747 im-

215 2782 433 2819 memoreS,
473 2775 592 2807 tuum
630 2768 812 2807 dolorem
837 2767 958 2806 mise-

215 2828 302 2869 rari
333 2827 409 2867 visi
442 2832 538 2866 sunt
548 2841 559 2876 3
596 2825 678 2865 hoc
702 2839 753 2864 ex
786 2824 955 2864 Theocr.

216 2887 243 2927 l.
260 2887 288 2926 1.
316 2900 357 2926 v.
387 2884 454 2928 74.
491 2884 568 2934 75,
600 2884 712 2936 quod
733 2897 826 2922 cum
846 2883 956 2922 nude

216 2957 371 2999 ponere
401 2949 566 2996 poetam
604 2942 839 2991 dedeceret,
879 2941 955 2980 ad-

216 3003 355 3044 iunxit
375 3002 550 3042 alterum
563 3030 574 3051 ‚
609 3000 721 3054 quod
747 3014 954 3040 commen-

1014 1841 1298 1887 argumentum
1308 1835 1424 1874 Gallo
1447 1836 1657 1889 displicere
1677 1836 1751 1874 de—

1012 1893 1124 1932 beat:
1154 1899 1203 1932 ut
1223 1907 1309 1946 sup.
1330 1894 1464 1948 Eclog.
1483 1894 1550 1944 VI,
1569 1897 1596 1936 2
1614 1903 1751 1933 nostra

1011 1967 1083 1990 nec
1101 1951 1255 1990 erubuit
1273 1952 1400 1991 siluas
1425 1952 1610 1991 hahitare
1635 1953 1751 1991 lea-

1011 2011 1085 2048 lia.
1151 2010 1308 2049 Scilicet
1333 2013 1458 2049 nostri
1482 2026 1555 2049 nee
1572 2013 1753 2063 poenitet

989 2122 991 2124 q
1013 2069 1109 2107 illas
1140 2069 1305 2122 proprie
1333 2075 1413 2119 est,
1445 2075 1494 2108 ut
1511 2070 1651 2108 Burm.
1669 2069 1751 2108 iam

1015 2127 1156 2166 docuit
1178 2158 1187 2176 ,
1236 2133 1452 2166 contentae
1494 2133 1590 2167 sunt
1634 2128 1750 2167 nobis

1014 2186 1269 2239 pastoribus3
1309 2186 1380 2225 sed
1410 2200 1504 2225 cum
1526 2185 1571 2226 vi
1594 2186 1750 2225 dictum

1012 2258 1109 2297 pro:
1158 2244 1340 2297 gaudent
1375 2245 1517 2284 nobis:
1564 2244 1750 2284 cantibus

1012 2303 1162 2341 nostris
1209 2303 1489 2354 delectantur,
1552 2309 1593 2342 et
1639 2317 1752 2342 nunc

1013 2362 1133 2400 etiam
1171 2361 1383 2401 nobiscum
1429 2362 1566 2414 lugere
1599 2367 1751 2401 sortem

1010 2426 1195 2458 nostram
1211 2433 1295 2458 non
1309 2419 1604 2472 dedignantur,
1623 2418 1750 2473 (Poe-

1013 2481 1135 2516 nitere
1153 2478 1203 2516 de
1221 2478 1291 2528 iis,
1316 2491 1418 2530 quae
1441 2478 1749 2517 contemnimus.

1015 2536 1095 2575 Cic.
1116 2536 1239 2575 Acad.
1258 2536 1326 2586 IV,
1355 2539 1447 2578 22:
1488 2536 1627 2586 „Quid
1657 2549 1750 2575 eum

1014 2594 1222 2633 Musarchi
1252 2595 1517 2646 poenitebat?
1532 2597 1556 2617 “
1601 2596 1673 2635 W
1667 2592 1747 2649 elz.)

1014 2666 1090 2691 nec
1110 2659 1159 2691 tu
1183 2652 1322 2703 itaque
1353 2659 1425 2692 aut
1453 2667 1593 2692 curam
1609 2666 1749 2692 eorum

1014 2716 1055 2748 te
1072 2711 1279 2762 indignam
1302 2711 1458 2762 iudica,
1498 2725 1573 2750 nec
1593 2711 1638 2749 in
1658 2724 1748 2750 meo

1016 2769 1192 2807 carmine
1212 2768 1286 2807 sub
1300 2769 1474 2823 pastoris
1489 2783 1662 2822 persona
1674 2782 1749 2808 ex-
1766 2794 1768 2802 ι

1014 2826 1146 2866 hiberi
1179 2827 1408 2880 dedignare.
1476 2828 1609 2867 Etiam
1634 2826 1748 2866 Ado-

1013 2885 1075 2923 nis
1112 2886 1284 2938 pastoris
1324 2900 1474 2926 munus
1512 2899 1560 2924 ac
1599 2898 1749 2925 nomen

1012 2957 1097 2982 non
1116 2943 1372 2984 detrectavit.
1385 2945 1489 2984 cons.
1506 2949 1644 2983 tamen
1652 2943 1747 2983 var.
1766 2942 1768 2946 ’

1010 3001 1120 3041 Lect.
1181 2999 1291 3056 (Non
1327 3003 1469 3053 video,
1514 3008 1608 3055 post
1640 3000 1748 3041 hanc
