1768 3320
0 0 100 197 Γ

0 205 21 232 v'e

351 206 766 288 sucoueA
797 220 965 274 EcL.
1000 224 1041 287 1,
1085 228 1300 276 67—68

1507 233 1578 282 75

16 364 29 369 ‘
56 348 166 417 En,
179 421 181 424 Α
190 330 459 438 fflam
473 348 674 417 patrios
688 348 853 414 longo
870 357 995 416 post
1009 358 1262 418 tempore
1285 331 1423 415 finis,

0 597 113 656 ἔῃσι

14 649 29 664 4⁹
41 654 48 662 x
72 648 78 652 ⁶
103 653 114 661 Ο

0 666 55 705 ρῳ
57 664 115 688 em
137 691 139 693 ¹

58 444 202 515 cenef*
216 444 379 508 ridetuu
402 478 473 513 quo
492 467 572 512 ipso
591 474 742 513 apparet
754 493 765 511 ,
788 479 810 501 a
828 466 954 512 quibus
972 467 1084 502 initiis
1101 467 1163 500 ille
1189 467 1235 501 ad
1262 479 1429 502 summam
1449 470 1578 504 earmi-

10 554 16 560 2
57 511 114 561 nis
129 510 283 560 absoluti
298 513 441 548 laudem
457 525 665 559 progressus
681 513 740 548 sit.
788 514 930 559 (Oaxen
960 526 1028 559 pro
1058 517 1136 548 Oxo
1160 513 1294 548 dictum
1322 515 1453 559 accipit
1479 517 1578 550 Vos-

58 558 154 602 sius,
177 568 303 595 cretae
320 567 439 595 antem
453 558 670 606 appellative
692 561 835 603 dictum,
865 567 906 594 ut
922 561 1079 606 pendeat
1096 573 1139 595 ex
1155 561 1284 595 adiect.
1316 563 1482 608 rapidus,
1506 575 1579 597 nou

212 613 248 641 t:
265 609 404 654 Oaxen.
459 609 586 654 Neque
618 607 723 642 aliter
748 607 900 642 Servius.
955 608 1057 642 Nihil
1085 608 1144 642 hic
1170 606 1331 642 decernit
1358 608 1579 651 Claudianus,

221 653 274 688 ’us
299 657 452 689 Araxen
475 655 634 689 reddidit
652 655 678 690 l.
698 655 723 689 l.
756 655 882 700 Neque
914 666 978 697 eo,
1011 656 1107 702 quod
1126 657 1283 696 Oarion,
1306 654 1519 700 interposita
1544 669 1578 698 a,

0 706 22 731 ν’
55 693 157 747 prol]
198 695 261 736 Hm
278 700 473 742 invenitur,
498 714 636 736 causam
657 701 750 736 tueri
770 714 866 736 suam
885 702 1040 736 debebat
1058 702 1223 743 Vossius-,3
1246 700 1382 747 Ὠρίων
1403 702 1496 736 euim
1514 715 1580 748 per

0 734 31 796 ἓξ
58 748 101 784 Ω4
113 744 284 808 tufi-ptum
303 760 408 795 quum
426 748 592 783 admittat
608 749 706 783 illam
722 747 919 801 ἐπῇ-’θεων
937 750 1007 785 τοῦ
1017 753 1061 791 α’,
1084 749 1220 795 respuit
1238 750 1385 783 eandem
1401 752 1431 782 O
1449 749 1486 783 in
1509 762 1579 783 no-

56 792 153 829 mine
193 794 300 839 Οξος.
323 795 435 830 Porro
453 798 582 830 Oaxum
603 797 728 830 Cretae
749 796 926 831 civitatem
956 797 1001 830 ab
1020 799 1114 830 Oaxe
1140 795 1319 830 conditam
1349 809 1446 837 esse,
1480 797 1580 830 refe-

5 882 8 883 ⁷
56 848 141 876 runt
159 841 284 887 steph.
300 841 346 876 de
367 842 456 876 Urb.
481 850 519 876 et
538 843 737 878 Plisthenes
756 844 851 888 apud
871 847 969 878 Serv.
989 844 1026 878 h.
1050 843 1075 877 L
1099 843 1206 889 Atqui
1232 855 1306 878 non
1333 855 1415 877 raro
1436 844 1578 878 Fluvios

54 887 151 922 inter
168 889 306 923 urbium
322 889 524 924 conditores
542 890 667 924 referri
678 917 687 933 ,
710 891 795 924 satis
815 897 978 932 constat3
1002 891 1098 937 quod
1115 902 1187 924 nou
1214 897 1270 924 est
1283 890 1391 936 plane
1413 898 1579 935 praeter-

58 935 219 990 epatium.
263 937 437 991 Rapidus
457 943 573 971 autem
592 938 763 972 sollemne
780 944 836 971 est
851 937 1034 972 fluviorum
1053 938 1257 983 epitheton,
1282 937 1501 971 celeritatem
1519 938 1579 971 in-

0 1238 6 1257 ,ν
55 1217 233 1252 ridionali.
274 1217 370 1252 Vide
390 1225 510 1253 tamen
531 1221 574 1262 Q.
599 1221 644 1254 V.
658 1220 823 1262 XXXX,
846 1221 881 1256 3.
912 1220 1009 1264 Wr.)

0 1308 26 1349 g,

57 981 198 1024 ‹lma-⁸3

223 982 289 1017 sed
308 983 482 1017 eiusmodi
506 984 670 1030 epitheta
684 996 758 1019 non
776 984 881 1018 facile
908 984 955 1018 ad
981 984 1087 1018 alium
1119 996 1258 1018 sensum
1283 984 1427 1018 detorta
1446 985 1578 1019 videas.

3 1074 6 1077 Ι
59 1028 218 1076 Denique
238 1030 435 1064 docendum
456 1036 553 1074 erat,
587 1032 744 1078 rapidus
770 1031 865 1065 idem
889 1031 1087 1076 significare
1101 1057 1111 1073 ,
1145 1032 1241 1076 quod
1275 1044 1413 1079 rapax,
1445 1037 1483 1065 ‘ct
1510 1033 1579 1066 ad-

0 1077 13 1126 ξ
54 1075 213 1111 iunctum
239 1076 311 1112 u'bi
327 1077 462 1112 habere
486 1078 689 1123 genitivum.
744 1081 864 1113 Oaxen
890 1078 1019 1113 flumen
1049 1090 1126 1112 esse
1150 1079 1294 1121 Cretae,
1329 1078 1454 1112 statuit
1472 1079 1579 1114 etiam

0 1126 2 1128 ’
55 1124 231 1159 nennius
255 1124 363 1158 Creta
393 1137 476 1170 pag.
512 1126 570 1162 92.
626 1128 742 1171 Atque
771 1132 811 1159 nt
834 1125 972 1171 Libyae
994 1125 1188 1170 opponitur
1211 1125 1379 1170 Scythia,
1411 1126 1463 1160 sic
1481 1126 1579 1171 opti—

54 1183 133 1212 me,
161 1169 278 1206 indice
304 1171 486 1216 Spolmio,
516 1172 697 1206 Britannia
720 1172 834 1206 insula
851 1172 986 1206 insulae
1004 1173 1151 1214 Cretae,
1185 1172 1472 1218 septentrionalis
1499 1186 1578 1207 me-

30 1315 33 1322 ι
55 1270 114 1300 tat
128 1266 193 1301 Ge.
207 1264 347 1300 Fabric.

0 1379 5 1398 ς
53 1355 257 1416 pastores,
288 1374 403 1414 quae,
432 1361 465 1400 si
483 1369 676 1402 eventum
691 1375 785 1415 spe-

0 1420 7 1452 l·
56 1425 224 1470 ctemus,
237 1419 442 1472 quomodo
460 1419 549 1459 fieri
563 1420 784 1473 potuerint,

11 1486 19 1515 ’.
54 1477 176 1531 plane
188 1491 274 1517 non
291 1484 501 1531 appareat:
540 1492 629 1516 eam
644 1491 786 1531 repre-

55 1534 291 1576 hensionem
314 1549 395 1588 qno
427 1536 552 1588 magis
575 1537 620 1575 in
647 1536 787 1575 oculos

2 1589 14 1599 ‘
54 1594 265 1634 incurrere
276 1593 444 1634 videtur
459 1607 600 1633 veram
612 1594 786 1633 iustam-

0 1655 3 1657 ’
57 1665 137 1704 que
163 1665 267 1703 esse,

317 1665 365 1690 eo
390 1652 610 1691 studiosius
635 1665 787 1692 caven-

57 1709 169 1760 dum,
197 1723 249 1749 ne
266 1709 373 1749 sorte
390 1709 580 1749 iniuriam
595 1710 788 1749 faciamus

54 1774 210 1823 poetae.
266 1767 328 1807 Ac
346 1767 463 1818 licet,
495 1768 545 1807 de
572 1781 619 1806 ea
643 1781 690 1807 re
718 1768 787 1821 qui

29 1877 34 1880 μ
55 1825 270 1865 memoriae
290 1825 535 1879 prodiderit,
566 1827 689 1865 sciam
710 1839 788 1865 ne-

55 1883 230 1934 minem,
271 1890 411 1923 tamen
436 1898 675 1937 persuasum
708 1883 787 1923 ha—

54 1942 132 1981 beo
152 1972 163 1991 ‚
206 1943 420 1995 provisum
465 1943 586 1981 fuisse
623 1942 789 1995 aliquod

55 2000 282 2054 perfugium
338 2000 545 2040 veteribus
614 2002 788 2039 istorum

57 2071 247 2111 agrorum
270 2059 564 2112 possessoribus
590 2058 640 2097 ab
658 2059 787 2097 Octa-

56 2117 200 2166 viano,
239 2130 320 2169 quo
345 2115 635 2166 aveherentur,
675 2116 787 2155 Afri-

58 2188 148 2213 cam
161 2175 311 2214 scilicet
331 2174 507 2226 aliasque
523 2180 700 2213 remotas
716 2188 787 2213 re-

56 2232 205 2286 giones.
255 2231 337 2271 Sed
354 2233 548 2272 maiorem
571 2232 787 2272 dubitandi

56 2290 269 2344 materiam
300 2291 471 2329 fortasse
512 2290 787 2343 suppeditabit

0 2382 1 2386 ,
58 2348 386 2388 commemoratio
402 2349 646 2399 Britanniae,
665 2362 787 2400 quam

0 2449 2 2451 ‚
56 2412 152 2460 post
164 2407 237 2462 lul.
254 2407 431 2446 Caesaris
449 2413 634 2459 tempora
650 2407 788 2459 negle-

58 2470 167 2503 ctam
189 2478 238 2503 ac
248 2465 432 2504 relictam
457 2465 578 2504 fuisse
595 2478 619 2503 a
634 2466 788 2503 Roma-

58 2522 133 2572 nis,
156 2523 334 2575 vulgaris
349 2523 517 2562 videtur
535 2536 618 2562 esse
641 2523 787 2576 opinio.

59 2579 116 2618 At
131 2581 251 2619 etiam
260 2580 442 2633 Augusto
459 2582 684 2635 imperante
702 2582 789 2620 Ro-

59 2651 200 2677 manos
223 2639 399 2691 aliquam
422 2639 539 2679 istius
553 2639 707 2678 insulae
722 2646 790 2678 te-

60 2695 193 2734 nuisse
224 2703 404 2750 partem,
461 2698 538 2736 nisi
571 2697 674 2736 haec
703 2698 791 2751 ipsa

60 2753 217 2816 Vrrgllu
238 2755 364 2794 verba
386 2755 627 2808 probarent,
665 2755 791 2794 fidem

61 2810 216 2850 faciunt
230 2841 242 2861 ,
293 2825 395 2864 quae
423 2813 534 2866 apud
558 2813 702 2852 Horat.
727 2814 790 2852 le-

60 2874 233 2920 guntur,
263 2869 431 2919 Od.III,
466 2871 514 2921 5,
545 2874 604 2913 2.:
635 2885 791 2924 „prae-

62 2939 152 2964 sens
177 2926 305 2965 Divus
330 2926 547 2967 habebitur
571 2928 788 2982 Augustus,

63 2983 229 3023 adiectis
243 2984 449 3029 Britannis
460 2985 628 3039 imperio
652 2988 789 3039 gravi-

1094 1220 1140 1255 67
1164 1221 1341 1254 Britanos
1365 1231 1385 1253 e
1402 1220 1489 1254 libb.
1507 1232 1577 1254 no-

438 1267 485 1303 68
507 1270 567 1301 En
581 1268 730 1314 patrios
745 1279 942 1314 numquam
953 1268 1045 1302 Ven.
1063 1269 1121 1300 En
1139 1279 1329 1313 nunquam
1345 1278 1433 1301 unus
1453 1267 1576 1301 Heius.

839 1362 996 1414 busque
1020 1361 1163 1401 Persis.
1173 1364 1197 1384 “
1242 1368 1284 1401 et
1300 1362 1378 1402 Od.
1402 1363 1475 1412 IV,
1510 1362 1576 1412 14,

842 1419 930 1462 47.:
958 1421 1041 1470 „Te
1055 1443 1114 1450 —
1127 1420 1301 1459 miratur
1310 1420 1577 1460 —belluosus

843 1478 912 1529 qui
945 1478 1114 1517 remotis
1150 1477 1362 1531 obstrepit
1391 1478 1577 1518 Ooeanus

842 1536 1060 1576 Britannis.
1080 1538 1105 1558 “
1163 1535 1297 1587 Atque
1330 1535 1375 1574 in
1407 1536 1577 1589 expedi-

842 1594 956 1634 tione
982 1594 1176 1633 adversus
1195 1594 1413 1633 Britannos
1440 1607 1577 1633 susce-

842 1658 915 1706 pta
922 1652 1111 1692 Messalae
1123 1665 1246 1704 opera
1259 1665 1382 1690 usum
1397 1665 1481 1690 esse
1489 1651 1578 1691 Au-

843 1717 1017 1763 gustum,
1047 1710 1207 1762 colligas
1225 1722 1278 1748 ex
1293 1710 1401 1761 Eleg.
1414 1710 1458 1748 in
1469 1710 1577 1748 Mes-

844 1769 968 1807 salam
1000 1782 1060 1807 vs.
1087 1766 1157 1811 54.
1216 1768 1318 1807 Cum
1351 1780 1400 1806 eo
1424 1768 1516 1806 loco
1545 1768 1577 1806 si

845 1826 1082 1875 contuleris,
1131 1839 1234 1877 quae
1270 1832 1435 1864 exstant
1468 1825 1578 1879 apud

845 1885 932 1924 Tib.
955 1885 1010 1924 IV
1019 1915 1030 1934 ,
1062 1887 1106 1933 1,
1139 1882 1234 1926 147.
1250 1897 1349 1936 sqq„
1377 1884 1493 1923 facile
1509 1884 1578 1922 in-

843 1943 1008 1995 telliges,
1026 1941 1201 1994 Elegiam
1216 1942 1338 1980 istam
1356 1948 1451 1981 ante
1465 1941 1578 1981 hunc

842 2000 1133 2054 Panegyricum
1143 2000 1336 2052 scriptam
1347 2013 1430 2038 esse
1440 2015 1451 2050 3
1466 1998 1577 2039 unde

842 2073 985 2099 rursus
1005 2058 1055 2097 de
1070 2064 1266 2110 tempore,
1286 2072 1367 2110 quo
1387 2058 1577 2097 conditus

843 2118 897 2156 sit
927 2116 1195 2168 Panegyricus
1229 2116 1325 2165 iste,
1381 2115 1578 2155 iudicium

842 2175 932 2214 fieri
953 2174 1124 2227 poterit,
1163 2173 1252 2212 coll.
1277 2173 1471 2226 disputat.
1497 2187 1575 2212 no-

843 2240 929 2272 stra
948 2232 998 2271 de
1016 2237 1183 2271 auctore
1190 2231 1346 2283 Elegiae
1363 2231 1416 2270 ad
1424 2232 1479 2271 M.
1487 2232 1576 2271 Val.

844 2289 1128 2330 corv.Messal.
1144 2303 1232 2342 pag.
1242 2292 1283 2332 9.
1298 2296 1341 2329 et
1359 2292 1425 2331 11.
1460 2291 1533 2330 W
1525 2288 1575 2344 r.)
1640 2314 1645 2321 ·

900 2351 970 2391 68.
996 2350 1063 2387 En
1075 2362 1271 2399 umquam
1279 2362 1356 2400 pro
1372 2361 1577 2400 unquam-

842 2420 906 2447 ne.
927 2406 1094 2445 infiEcl.
1113 2405 1223 2456 vm,
1253 2408 1280 2448 7
1306 2407 1375 2444 En
1396 2408 1576 2444 eritmn-

845 2479 972 2519 quam
987 2465 1066 2503 Ille
1088 2463 1185 2502 dies.
1241 2463 1426 2503 mustrat
1440 2463 1576 2502 Heius.

847 2523 901 2562 ad
924 2522 966 2561 h.
993 2523 1019 2562 1.
1047 2523 1180 2574 Intpp.
1205 2521 1291 2560 Liv.
1317 2522 1477 2571 XXIV,
1510 2520 1575 2562 14.

846 2580 989 2630 m,
1019 2583 1088 2623 21.
1114 2582 1183 2621 70.
1244 2577 1329 2633 (En
1353 2593 1573 2632 umquam:

846 2639 1014 2693 pessime
1043 2636 1188 2677 summi
1210 2637 1291 2676 viri
1315 2637 1382 2676 alii
1401 2651 1478 2690 pro
1507 2651 1575 2684 an,

847 2696 1116 2737 archaismum
1139 2700 1377 2745 statuentes,
1408 2706 1577 2746 accepe-

845 2761 965 2805 runt,
996 2754 1062 2793 alii
1078 2768 1154 2807 pro
1170 2753 1342 2792 tr'aiecto
1360 2765 1576 2805 umquam-

846 2829 907 2853 ne.
943 2813 1082 2864 Neque
1095 2812 1321 2863 interrogat
1336 2810 1497 2861 ubique,
1514 2807 1577 2846 uti

845 2872 948 2910 bene
965 2872 1047 2911 iam
1065 2870 1206 2909 docuit
1223 2870 1402 2908 Gronov.
1422 2867 1474 2904 ad
1490 2865 1574 2904 Liv.

846 2930 988 2978 XXX,
1032 2930 1123 2977 21„
1159 2939 1291 2979 neque
1314 2927 1419 2965 inest
1445 2923 1506 2961 vis
1531 2921 1574 2959 'm

846 2999 935 3026 voe.
962 2999 1157 3039 umquam
1173 3014 1183 3033 ,
1232 2983 1303 3022 sed
1328 2983 1371 3021 in
1397 2994 1486 3020 voc.
1515 2993 1574 3016 en.
