1768 3320
354 219 456 268 AD
495 217 883 271 VCARMIN'A
930 217 1352 269 BUCOLICA
1539 226 1602 274 41

86 343 214 394 liam
250 351 305 394 et
330 344 664 411 Hispaniam,
695 344 912 394 Antonii
940 343 1261 410 provinciaS,
1306 344 1403 393 sibi
1430 348 1605 396 conci-

85 413 242 465 liavit.
309 413 486 464 Pollio
529 415 812 465 Venetiam
854 414 1073 463 retinuit
1104 413 1158 462 in
1192 422 1456 479 potestate
1499 418 1607 464 An-

84 483 245 547 tonii,
283 483 351 533 ad
375 483 615 534 Altinum
645 493 700 534 et
727 484 852 534 alias
879 483 1043 533 urbes
1073 499 1159 532 res
1194 482 1408 531 sortiter
1435 486 1607 548 gessit,

83 553 364 604 Patavinos
400 553 667 622 aliosque,
724 555 815 622 qui
846 554 1138 604 Octaviano
1166 550 1428 617 faverant,
1490 569 1607 618 gra—

83 623 221 679 viter
253 624 530 689 castigavit.

224 694 543 744 Octavianus
575 694 794 744 Antonii
828 693 1052 743 ducibus
1086 702 1139 743 et
1160 690 1443 760 praesectis
1476 691 1606 742 alios

85 762 374 826 substituit,
433 780 495 814 ex
522 764 702 813 amicis
742 764 847 814 suis
881 763 1106 828 eligenS,
1163 763 1256 830 qui
1298 772 1608 830 praeessent

86 833 331 900 (Appian.
352 836 424 898 V,
461 836 542 885 51.
568 837 649 885 53.
685 835 788 884 Dio
820 836 957 885 Cass
987 836 1104 895 IIL,
1139 839 1260 898 20).
1331 835 1394 882 In
1424 832 1608 882 locum

86 901 273 955 Caleni
310 903 626 954 Cornelium
662 903 901 965 Gallum,
964 904 1017 953 in
1048 902 1215 954 Gallia
1246 902 1511 969 Cisalpina
1554 903 1607 952 in

84 972 268 1023 locum
277 973 443 1023 Asinii
464 973 723 1024 Pollionis
744 972 1003 1023 Alfenum
1022 976 1238 1035 Varum,
1264 974 1356 1040 qui
1376 982 1429 1022 et
1443 972 1609 1022 Polli-

86 1059 252 1093 onem
276 1052 482 1094 arceret
502 1044 555 1093 in
577 1044 802 1094 Venetia
823 1059 976 1108 agros
997 1043 1270 1110 urbesque
1291 1058 1607 1110 oppugnan-
1694 1092 1697 1094 a

84 1122 224 1178 tem,
278 1122 333 1163 et
368 1114 502 1179 agris
535 1112 836 1163 dividendis
864 1122 1159 1180 praeesset,
1197 1112 1380 1163 addito
1415 1112 1608 1162 limita-

83 1192 205 1233 tore
224 1183 447 1234 Octavio
466 1186 631 1235 Musa.
676 1186 845 1235 Varus
876 1192 930 1234 et
946 1187 1098 1234 Musa
1119 1183 1300 1251 inique
1320 1191 1610 1233 tractarunt

83 1257 427 1313 Mantuanos3
480 1253 689 1308 addidit
729 1254 875 1303 enim
904 1257 1056 1304 Musa
1101 1253 1411 1321 quindecim
1440 1252 1607 1302 millia

82 1340 336 1391 passuum
376 1324 483 1389 agri
509 1324 809 1384 Mantuani,
874 1341 1044 1390 quum
1075 1324 1455 1374 Cremonensis
1495 1340 1607 1373 non

85 1392 382 1456 sufficeret,
437 1391 679 1443 offensus
711 1411 738 1442 a
765 1394 1065 1443 Mantuanis
1100 1393 1255 1456 olim,
1311 1393 1460 1460 quod
1488 1409 1609 1458 gre-

84 1480 178 1529 ges
209 1463 425 1513 eiusab
457 1464 564 1528 agri
599 1463 800 1530 publici
837 1464 1042 1530 pascuis
1083 1464 1360 1513 eiecerant.
1432 1465 1494 1512 In
1527 1463 1609 1512 his

86 1534 463 1583 assentientem
515 1533 702 1583 habuit
744 1537 973 1597 Varum,
1045 1534 1136 1600 qui
1176 1534 1359 1600 inique
1396 1543 1611 1599 praeter

84 1604 336 1671 palustria
378 1602 514 1652 nihil
560 1603 779 1670 reliquit
828 1605 1154 1667 Mantuanis,
1223 1612 1512 1669 propterea
1554 1604 1607 1652 in

86 1674 330 1724 oratione
359 1673 598 1724 Cornelii
632 1672 906 1723 cuiusdam
944 1682 1172 1723 notatus,
1245 1672 1388 1722 Talis
1414 1673 1609 1740 iniqui-

84 1753 163 1794 tas
195 1760 262 1793 eo
301 1744 480 1793 minus
518 1752 732 1810 poterat
774 1744 1084 1810 exspectari,
1144 1759 1253 1810 quo
1283 1743 1457 1792 maior
1488 1759 1609 1810 spes

84 1812 274 1875 fuerat,
309 1813 416 1863 iam
441 1814 712 1864 immunes
742 1811 863 1863 sore
886 1817 1220 1874 MantuanOS,
1258 1813 1350 1880 qui
1380 1813 1486 1862 iam
1516 1830 1609 1862 an-

0 1886 2 1895 '
85 1893 172 1934 tea
214 1883 416 1951 aliquid
458 1883 538 1934 'de
583 1885 688 1933 suis
735 1883 1110 1951 perdidissent.
1195 1886 1387 1950 Neque
1432 1884 1608 1949 ipsum

84 1953 367 2019 Virgilium
413 1954 687 2004 Octaviani
732 1954 995 2020 promissa
1037 1962 1216 2003 tutum
1254 1953 1609 2019 praestabant,

87 2025 218 2092 quin
250 2024 454 2074 Octavii
490 2027 675 2074 Musae
713 2024 914 2090 pertica
955 2023 1185 2072 limitans
1225 2024 1380 2072 Arrio
1425 2033 1604 2073 centu-

84 2094 226 2144 rioni
254 2094 367 2143 eius
389 2110 541 2159 agros
563 2095 861 2159 assignaret.
930 2093 1179 2158 Virgilius
1200 2109 1400 2158 negans
1422 2110 1478 2143 se
1498 2110 1609 2143 ces-

86 2181 295 2225 surum,
330 2164 413 2213 vix
437 2164 620 2213 militis
649 2164 888 2229 gladium
921 2163 1160 2214 elabitur.
1231 2163 1363 2228 (Ecl.
1381 2166 1469 2228 IX,
1509 2166 1609 2228 15.)

86 2235 211 2284 Abit
242 2236 502 2296 Romam,
556 2235 739 2301 ibique
775 2235 830 2283 in
861 2233 985 2282 villa
1018 2233 1221 2282 Sironis
1253 2234 1460 2299 scripsit
1499 2233 1609 2284 Ecl.

86 2307 171 2356 IX.
211 2320 400 2353 mense
441 2305 621 2365 Iunio,
678 2313 767 2353 aut
806 2303 943 2354 Iulio
982 2304 1230 2367 ineunte,
1287 2320 1366 2354 a0.
1396 2306 1457 2355 U.
1492 2307 1609 2354 714.

87 2383 186 2426 aet.
219 2380 300 2426 30.
370 2376 583 2424 Interea
623 2374 829 2424 villicus
868 2390 989 2422 rem
1023 2373 1263 2438 curabat,
1318 2390 1389 2425 VS.
1425 2380 1449 2425 1
1474 2379 1609 2424 ——6.

89 2443 209 2494 coll.
234 2444 395 2493 etiam
413 2461 511 2496 VSS.
542 2447 624 2496 55.
659 2450 762 2507 67.,
834 2444 987 2493 Arrio
1020 2460 1235 2493 morem
1267 2459 1484 2508 gerens,
1533 2443 1609 2492 uti

87 2514 330 2563 voluerat
362 2513 629 2577 dominuS,
661 2513 838 2563 donec
870 2513 968 2562 sibi
1001 2515 1274 2563 restitutus
1307 2523 1446 2563 esset
1474 2529 1609 2578 ager.

226 2583 409 2647 Iunio,
468 2593 557 2634 aut
594 2583 732 2634 Iulio
776 2584 998 2633 ineunte
1040 2584 1290 2650 scriptam
1330 2601 1445 2633 esse
1473 2584 1610 2632 hanc

89 2652 369 2719 Eclogam,
431 2662 549 2703 tum
592 2655 768 2721 ipsum
804 2663 1019 2719 tempus
1064 2670 1359 2720 rerumque
1398 2653 1610 2703 illarum

89 2723 224 2771 ratio
256 2723 508 2787 declarat,
563 2733 681 2773 tum
725 2740 790 2773 eo
823 2724 1106 2790 probatur,
1161 2723 1312 2790 quod
1347 2733 1508 2790 poeta
1539 2739 1608 2772 VS.

97 2797 159 2843 19
191 2808 307 2859 sqq.
348 2794 463 2843 sine
499 2794 664 2843 dubio
712 2793 779 2843 ad
822 2793 981 2843 ludos
1026 2793 1363 2860 Apollinares
1408 2792 1610 2852 alludit,

95 2869 149 2910 et
190 2861 339 2927 quod
375 2880 446 2916 vs.
479 2870 561 2916 60.
605 2864 752 2928 longi
793 2863 907 2913 dies
947 2872 1331 2913 memorantur.
1401 2861 1611 2912 Inducit

95 2938 275 2979 autem
295 2947 482 2982 senem
501 2950 737 2995 vernam,
774 2933 866 2999 qui
893 2933 1090 2983 herum
1113 2932 1394 2997 Virgilium
1419 2929 1609 2986 laudat,
