1734 3320
240 143 242 147 ⁸
304 182 967 249 GEfoRG-lGON'LIB.
1003 184 1052 247 1,
1090 189 1388 239 461—-470
1506 193 1609 241 375
1676 148 1680 151 ¹

77 309 177 360 me
196 309 366 360 etiam.
379 309 637 359 exstincto
657 309 940 359 miseratus
964 310 1189 361 Caesare
1212 314 1470 379 Romam,

80 382 264 444 Quum
287 388 446 446 caput
466 379 696 429 obscura
719 378 953 429 nitidum
974 377 1250 446 ferrugine
1271 383 1422 446 texit,

76 445 338 517 Inpiaque
361 458 637 500 aeternam
655 449 956 500 timuerunt
976 450 1185 500 saecula
1207 461 1444 503 noctem.

52 546 57 550 ·
79 523 357 588 Tempore
390 536 722 588 quamquam
746 519 836 569 illo

76 630 472 726 Obscenaeque
498 676 681 722 caneS‚
716 660 847 727 inpo

623 757 739 806 469.
778 768 1023 820 QUOQUE,

144 754 261 804 466.
296 753 534 816 R0MAM3

212 835 515 889 vomicam,

850 669 1153 728 rtunaeque
1175 660 1423 711 volucres

862 519 1020 570 tellus
1046 537 1269 589 quoque
1295 531 1349 571 et
1371 539 1605 589 aequora

869 591 1052 656 pona,

1503 667 1606 715 470

1105 758 1222 807 470.
1260 755 1604 816 OBSCENIQUE

117 939 191 975 467
221 941 314 974 Tum
339 940 464 987 fragm.
479 941 612 975 Moret.
642 948 677 975 et
707 941 788 975 edd.
807 939 914 975 Aldd.
945 953 999 987 pr.
1027 954 1069 976 ac
1095 953 1166 976 sec.
1190 943 1278 988 Reg.
1304 942 1446 977 Martia.
1494 945 1605 978 tinxit

72 986 218 1033 scripsit
233 987 380 1022 Wakef.
400 994 440 1022 ut
461 1000 538 1022 cum
549 986 755 1036 ferrugine
775 988 886 1033 magis
907 989 1115 1030 conveniam
1147 995 1188 1022 ut
1207 990 1308 1024 Ovid.
1331 991 1417 1024 Met.
1438 992 1500 1033 IV,
1522 991 1604 1027 404

73 1034 125 1079 (at
142 1033 281 1079 gravius
300 1036 404 1077 texit,
423 1035 520 1081 quod
536 1035 581 1068 de
601 1043 705 1069 nocte
725 1042 762 1069 et
779 1035 938 1069 tenebris
957 1035 1096 1070 dicitur.
1117 1056 1163 1062 —
1197 1036 1278 1072 469.
1309 1040 1489 1084 Tempora
1505 1038 1602 1084 prior

72 1086 130 1114 est
148 1081 265 1115 lectio
283 1081 414 1116 Medic.
426 1109 436 1125 ,
461 1082 559 1128 quod
581 1082 686 1116 etiam
705 1083 742 1116 in
761 1086 859 1117 Serv.
881 1083 1008 1116 Dresd.
1028 1083 1227 1125 invenitur;
1263 1090 1337 1118 tum
1355 1094 1500 1132 pontus·
1519 1086 1603 1119 item

70 1127 174 1172 prior
191 1127 346 1162 Medicei
371 1128 493 1163 lectio.
524 1131 622 1175 Wr.)

716 1130 788 1165 470
814 1129 1073 1176 obscenaeque
1099 1143 1212 1164 canes
1238 1131 1369 1165 Medic.
1395 1132 1502 1165 solus.
1532 1133 1603 1166 vid.

69 1175 187 1208 Burm-
221 1175 342 1221 (atque
358 1175 429 1210 hoc
445 1176 585 1221 recepi3
619 1176 690 1211 vid.
707 1185 782 1211 not.
804 1177 848 1210 ad
868 1190 918 1210 vs.
939 1178 1018 1212 157.
1043 1180 1129 1211 Aen.
1151 1179 1211 1220 VI,
1228 1180 1329 1214 257.:
1368 1179 1493 1220 „visa
1506 1192 1603 1226 eque

71 1233 176 1256 canes
192 1221 329 1256 ululare
345 1234 412 1268 per
430 1223 604 1264 urbem;“
629 1224 691 1257 ubi
709 1224 746 1257 in
761 1224 884 1257 multis
903 1224 1007 1258 codd.
1027 1226 1191 1270 visique,
1215 1226 1279 1258 sed
1300 1226 1492 1268 „adversus
1511 1239 1604 1272 poe-

69 1274 186 1303 tarum
204 1273 388 1313 morem,“

424 1270 540 1316 inquit
557 1271 726 1316 Heynius.
775 1271 858 1306 vid.
875 1271 997 1305 Heius.
1023 1272 1069 1305 ad
1088 1272 1188 1305 ovid.
1208 1273 1293 1306 Met.
1314 1274 1372 1315 ΙΙΙ,
1397 1274 1474 1308 140.
1523 1275 1603 1308 Sci-

68 1315 155 1351 licet
172 1315 362 1362 plurimum
385 1316 424 1351 in
453 1318 517 1351 tali
541 1330 582 1351 re
606 1318 775 1352 tribuitur
804 1330 893 1352 sono
922 1331 943 1351 a
972 1318 1113 1363 poetis;
1147 1319 1229 1353 hinc
1249 1320 1355 1354 etiam
1375 1320 1603 1356 masculinum

68 1375 143 1398 non
161 1363 371 1399 excluditur.
393 1365 479 1401 vid.
499 1367 615 1399 Burm.
632 1366 677 1399 ad
692 1366 823 1400 Lucan.
844 1368 872 1410 1,
888 1365 969 1401 548.
999 1366 1097 1411 Wr.)
1132 1366 1358 1414 obscenique
1373 1372 1502 1402 amn'es
1512 1370 1602 1404 Ven.

127 1458 227 1502 466.
255 1459 445 1514 Prodigia
473 1468 567 1515 post
586 1462 679 1501 Iulii
709 1453 810 1501 eae·-

69 1517 172 1557 saris
195 1518 383 1569 caedem,
424 1534 527 1572 quae
561 1519 700 1559 eadem
731 1534 808 1573 pro

67 1576 283 1629 praesagiis
298 1577 395 1616 belli
412 1578 540 1617 civilis
558 1578 809 1630 subsequen-

68 1634 123 1673 tis
145 1633 425 1686 habebantur,
457 1636 578 1675 etiam
603 1636 808 1676 historicis

24 1699 27 1701 “
68 1690 164 1731 satis
183 1699 282 1732 sunt
301 1693 515 1744 celebrata,
537 1709 561 1732 a
586 1696 716 1747 poetis
740 1695 808 1733 in-

66 1749 212 1804 primis
227 1756 428 1791 tractata:
458 1753 579 1792 Ovid.
599 1753 696 1792 Met.
715 1754 806 1803 XV,

68 1810 155 1851 782
174 1821 232 1860 sq.
263 1809 411 1849 Tibull.
429 1811 477 1860 H,
499 1811 539 1861 5,
562 1814 613 1853 71
636 1826 707 1864 sq.‚
734 1811 806 1850 ubi

67 1866 163 1913 vid.-
190 1866 306 1907 Obss.
363 1869 426 1907 Ex
464 1868 668 1908 historicis
699 1870 806 1922 inpr.

66 1923 144 1964 Dio
163 1925 285 1975 XLV,
307 1929 375 1968 17.
433 1927 545 1966 Inter
566 1941 612 1966 ea
637 1928 715 1967 suit
737 1943 806 1966 so-

67 1983 117 2022 lis
148 1996 234 2022 non
269 1990 356 2023 tam
394 1984 594 2036 desectus,
641 1987 806 2039 proprie

67 2041 127 2080 ita
148 2041 303 2092 dictus,
333 2055 455 2094 quam
479 2057 553 2096 per
573 2050 709 2083 totum
728 2059 805 2083 an—

67 2112 170 2138 num
188 2100 333 2152 pallor.
362 2101 447 2140 vid.
478 2102 553 2140 Dio
580 2102 607 2140 1.
630 2116 664 2141 c.
705 2103 805 2141 Plu-

67 2156 200 2196 tarch.
217 2158 261 2196 in
280 2157 354 2197 Iul.
378 2159 486 2198 Caes.
505 2174 545 2212 p.
566 2159 661 2202 740.
702 2160 804 2200 Ph‘n.

68 2214 117 2265 II,
136 2218 205 2257 30.
243 2216 318 2254 Dio
336 2217 421 2267 XL,
449 2220 517 2259 17.
555 2218 702 2257 Tibull.
722 2219 749 2257 l.
770 2232 803 2257 c.

68 2273 139 2316 75.
168 2276 237 2315 76.
296 2274 353 2312 De
379 2276 528 2314 caussis
552 2274 673 2315 huius
703 2290 804 2329 pro-

69 2330 171 2383 digii
190 2345 214 2368 a
235 2332 374 2371 multis
393 2333 646 2386 disputatum
665 2341 738 2384 est,
761 2341 804 2374 et

67 2402 200 2442 nuper
228 2390 325 2429 satis
353 2392 557 2431 subtiliter
585 2406 609 2430 a
638 2393 802 2431 Liberto

67 2447 246 2487 Fassono
286 2449 337 2487 in*
364 2449 458 2488 diss.
481 2450 636 2502 Virgilii
670 2464 803 2490 novae

68 2505 166 2544 edit.
186 2507 236 2545 ab
255 2506 473 2560 Ambrogio
498 2515 662 2547 curatae
681 2523 804 2562 prae-

68 2563 210 2614 missa3
258 2571 458 2618 petuntur
486 2580 555 2604 eae
584 2581 607 2604 a
636 2568 804 2607 maculis

69 2621 163 2659 solis
184 2622 367 2674 insolitis.
425 2624 696 2675 Probabilior‚
724 2640 804 2665 no-

70 2684 251 2718 strorum
280 2695 440 2734 quoque
468 2690 701 2736 temporum
728 2698 803 2722 ex·—

69 2736 290 2789 perienfia,
328 2746 389 2778 oet
416 2742 573 2793 opinio,
606 2742 803 2781 obscura—

70 2800 161 2833 tum
181 2796 335 2835 caelum
344 2799 491 2837 nebula
513 2800 594 2849 illa,
625 2800 801 2852 ferrugi-

70 2865 148 2890 nea
172 2853 316 2903 modo,
343 2856 466 2895 modo
495 2858 688 2908 rubente,
722 2873 802 2897 no-

70 2911 166 2949 stris
177 2910 408 2951 hominibus
416 2916 653 2954 Heerrauch
662 2914 735 2969 (H
729 2917 801 2954 ‹le-

70 2967 217 3022 much)
237 2968 365 3008 dicta:
394 2984 436 3011 v.
456 2972 604 3025 Opusc.
626 2974 715 3013 Vol.
734 2974 800 3023 ΠΙ,

866 1475 933 1501 no.
963 1462 1034 1500 XI.
1095 1459 1303 1516 (Ceterum
1336 1476 1482 1503 verum
1508 1464 1602 1503 solis

867 1519 1069 1559 desectum
1086 1533 1133 1559 eo
1152 1535 1259 1560 anno
1276 1535 1412 1560 mense
1422 1522 1602 1562 Novem-

865 1578 931 1617 bri
964 1578 1107 1629 fuisse,
1151 1586 1330 1619 testatur
1365 1581 1602 1634 Sammlung

865 1635 1097 1675 Asnmnom.
1115 1637 1269 1676 Tafeln.
1299 1638 1403 1677 Berl.
1432 1639 1478 1678 T.
1495 1639 1541 1678 II.
1559 1653 1599 1692 p.

868 1697 963 1736 122.
983 1693 1135 1750 chh.)
1166 1695 1320 1734 Primas
1337 1696 1462 1734 lineas
1478 1695 1600 1736 huius

862 1752 1047 1806 prodigia
1077 1753 1295 1792 enarrandi
1326 1755 1450 1793 moris
1478 1755 1601 1794 duxit

862 1811 1051 1864 Apollon.
1080 1811 1156 1861 IV,
1194 1811 1317 1854 1284.
1376 1813 1508 1851 Etiam
1537 1814 1599 1852 sui

863 1869 1098 1908 consulatus
1127 1869 1311 1922 prodigia
1337 1871 1496 1923 copiose
1524 1884 1599 1910 ex-

862 1928 1000 1981 posuit
1017 1928 1195 1966 carmine
1212 1928 1291 1967 Cic.
1312 1928 1362 1967 de
1374 1929 1462 1968 Div.
1478 1930 1508 1979 Ι,
1531 1932 1597 1970 11.

862 1986 927 2024 Ad
945 1986 1075 2024 nostri
1091 1992 1234 2039 poetae
1254 2000 1409 2026 morem
1426 1987 1493 2026 alii
1508 1987 1595 2026 bel-

860 2044 997 2083 lorum
1036 2045 1350 2096 graviorumque
1385 2046 1597 2084 calamita-

860 2108 952 2140 tum
974 2102 1180 2154 praesagia
1207 2110 1597 2154 commemorarunt3

859 2160 956 2199 belli
973 2160 1138 2211 quidem
1156 2160 1285 2199 civilis
1298 2162 1448 2201 Lucan.
1460 2162 1491 2212 Ι,
1511 2162 1595 2205 525

861 2232 920 2270 sq.
948 2219 1112 2257 Petron.
1136 2232 1169 2257 c.
1191 2222 1286 2261 122.
1334 2220 1479 2259 Iamin
1497 2233 1596 2259 ver-

859 2277 923 2315 bis
948 2276 1101 2315 variari
1125 2276 1258 2315 vides:
1296 2280 1509 2316 miseratus
1539 2286 1596 2316 est

858 2336 1065 2373 Romam:
1105 2349 1181 2387 pro
1214 2348 1281 2385 eo,
1312 2336 1425 2388 quod
1453 2336 1596 2375 dicen-

861 2392 961 2431 dum
995 2398 1102 2431 erat:
1142 2394 1304 2432 monuit
1335 2395 1489 2433 instare
1522 2401 1595 2433 tu-

860 2451 1015 2490 multus
1033 2457 1108 2489 ete.
1125 2451 1300 2503 finugo
1321 2453 1481 2505 poetica
1499 2466 1594 2491 ora-

859 2510 971 2548 tione
999 2523 1075 2562 pro
1110 2509 1287 2562 caligine.
1335 2513 1467 2562 impia
1499 2525 1594 2548 sae-

860 2568 956 2606 cula
986 2566 1170 2606 homines
1204 2567 1321 2607 istius
1358 2569 1468 2618 aevi,
1511 2582 1592 2620 quo

860 2627 1031 2677 impium
1081 2625 1239 2664 facinus
1292 2627 1336 2665 in
1385 2628 1593 2665 Caesarem

861 2684 1117 2722 commissum
1134 2690 1234 2722 erat.
1264 2687 1428 2723 saecula
1441 2686 1592 2723 Lucre—

859 2742 969 2780 tiano
991 2755 1104 2780 more
1128 2742 1251 2791 dixit,
1281 2742 1352 2781 ubi
1373 2743 1509 2781 saecla
1516 2741 1591 2791 se-

858 2815 997 2839 rarum
1020 2806 1062 2838 et
1090 2801 1178 2839 alia.
1238 2801 1446 2839 Praeclare
1468 2799 1591 2837 solem

860 2859 1121 2897 obscuratum
1150 2872 1223 2910 per
1255 2867 1379 2909 caput
1414 2859 1592 2896 velatum

857 2930 955 2970 prae
984 2929 1169 2954 moerore
1201 2922 1368 2968 propter
1396 2916 1591 2953 instantes

851 2975 1105 3014 ‘calamitates
1129 2974 1321 3012 declarat.
