1734 3320
229 224 713 319 GEoRGroON
748 263 890 313 Lm.
925 262 1027 326 ΠΙ,
1068 266 1359 315 107—117
1451 266 1554 317 523

33 399 265 462 Iungere
288 410 482 464 equOS‚
516 390 847 458 rapidusque
865 388 998 439 rotis
1018 388 1260 439 insistere
1278 390 1462 442 victor.

33 471 210 519 ana
225 463 559 517 Pelethronii
583 459 841 528 Lapithae
860 474 1128 526 gyrosque
1154 457 1358 509 dedere

1456 463 1556 512 115

33 535 262 605 Inpositi
291 534 481 599 dorso,
528 541 689 599 atque
728 530 969 598 equitem
999 528 1238 579 docuere
1266 529 1366 578 sub
1397 531 1557 580 armis

33 605 295 660 Insultare
319 604 465 670 solo,
504 612 558 655 et
576 617 787 668 gressus
807 600 1113 666 glomerare
1132 599 1409 667 superbos.

85 747 158 787 114
179 747 407 796 rapidusque
434 745 556 780 Heius.
584 756 604 779 e
629 745 790 779 Romano
802 770 812 785 ,
835 741 967 777 Medic.
986 755 1007 776 a
1023 754 1070 776 m.
1087 754 1143 787 pr.
1163 749 1199 775 et
1213 742 1312 784 aliis,
1347 742 1454 776 etiam
1471 745 1559 777 Ser-

36 796 109 832 vio.
144 795 327 844 (upidusq.
349 794 388 828 in
406 794 535 828 Medic.
552 792 702 837 legitur,
727 805 747 826 r
763 790 799 824 in
814 789 1011 836 principio,
1036 791 1051 823 i
1068 789 1132 823 sub
1150 789 1254 822 finem
1271 790 1388 831 vocis,
1412 797 1559 835 utraque

34 843 145 879 minio
165 854 274 888 snpra
297 840 453 888 appicta.
502 840 728 886 rapidusque
761 837 867 872 etiam
886 838 920 873 2-
951 837 986 872 3.
1013 834 1048 872 4.
1076 837 1110 872 5.
1149 837 1246 880 Wr.)
1293 837 1412 882 Vulgo
1453 839 1560 882 rapi-

35 891 187 938 disque,
209 897 248 924 ut
266 888 401 932 nostri,
426 894 464 922 et
480 899 601 921 omnes
620 885 785 928 Martini,
809 890 956 930 praeter
976 896 1081 917 unum
1100 883 1268 918 Arundel.
1317 892 1457 926 vector,
1481 881 1559 920 ἐπι·

34 934 181 1020 Εᾶτης,
206 936 417 971 emendabat
433 935 608 968 Meursius
630 935 753 967 Exere.
776 932 864 966 erit.
881 932 920 965 P.
946 933 999 974 11,
1024 931 1086 964 lib.
1108 932 1170 973 IV,
1195 944 1224 964 c.
1243 932 1291 967 27
1301 944 1311 972 ;
1335 943 1401 965 nec
1421 931 1560 974 dubito,

63 997 107 1020 oc
126 984 223 1019 idem
244 983 322 1018 aliis
343 983 381 1017 in
399 989 554 1016 mentem
581 980 732 1014 venisse.
778 979 851 1014 Sed
881 975 1179 1024 ποιητικώτερον
1204 979 1344 1019 victor3
1378 978 1424 1012 de
1440 991 1560 1013 cursus

35 1031 229 1067 certamine
251 1030 377 1076 agitur.

35 1079 152 1115 aliena
170 1090 273 1113 manu
292 1077 442 1112 adiecta.
472 1076 567 1120 Wr.)

431 1030 498 1076 (-—
523 1029 601 1064 115.
626 1028 748 1062 Altera
770 1028 786 1061 i
818 1026 856 1059 in
888 1026 1119 1059 Pelethronii
1145 1025 1323 1070 Fogginio
1350 1025 1492 1060 videtur
1515 1026 1560 1060 ab

664 1076 733 1111 116
757 1074 932 1120 Imposito
956 1073 1065 1106 Goth.
1091 1084 1145 1118 pr.
1193 1074 1407 1119 Impositum
1426 1073 1562 1108 dorso..

40 1139 112 1175 que
129 1124 490 1174 equitemlegendum
508 1122 659 1170 putabat
676 1121 854 1157 Reiskius.
881 1122 939 1166 (At
958 1120 1030 1155 vid.
1045 1127 1122 1154 not.
1142 1120 1189 1154 ad
1208 1121 1272 1154 Ge.
1294 1121 1329 1163 1,
1356 1118 1435 1157 142.
1464 1121 1561 1166 Wr.)

100 1258 198 1300 118.
227 1256 558 1304 Erichthonium,
589 1252 774 1293 Athena-

38 1329 135 1356 rum
154 1328 288 1367 regem
306 1320 402 1368 post
420 1312 774 1366 Amphictyonem,

37 1373 253 1427 quadrigas
307 1372 509 1412 invenisse
529 1402 540 1421 ,
599 1370 775 1409 tradunt

37 1444 202 1485 quoque
228 1431 307 1470 alii.
363 1430 527 1470 Novum
545 1435 618 1479 est,
649 1428 773 1480 quod,

39 1489 231 1544 Lapithas
252 1487 373 1544 (quos
393 1503 416 1527 a
435 1488 544 1528 saltu
563 1487 774 1526 Pelethro-

37 1551 109 1588 nio
143 1548 188 1588 in
213 1547 323 1588 Pelio
366 1553 506 1587 monte
546 1545 775 1585 Thessaliae

40 1605 237 1662 designat)
265 1620 350 1646 non
370 1607 616 1655 Centauros,
647 1617 776 1655 equo-

37 1678 133 1706 rum
171 1665 329 1719 primos
369 1664 590 1704 domitores
632 1662 776 1711 fuisse,

38 1730 183 1763 narrat
229 1722 361 1763 Maro.
432 1722 557 1776 Apud
604 1720 779 1759 Plinium

38 1782 126 1832 VII,
143 1782 200 1826 56
229 1783 350 1835 Equo
369 1781 465 1820 vehi
479 1778 779 1831 Bellerophon-

41 1849 122 1880 tem
129 1855 146 1889 ;
174 1840 323 1893 frenos
357 1847 395 1878 et
420 1847 549 1878 strata
585 1851 778 1891 equorum

47 1898 370 1946 Pelethronium5
393 1911 587 1950 pugnare
605 1911 655 1934 ex
675 1909 778 1948 equo

49 1956 264 1995 Thessalos
277 1986 291 2007 ,
350 1958 397 1995 ui
417 1956 609 1995 Centauri
628 1954 778 2005 appel-

42 2015 123 2054 lati
146 2023 260 2065 sunt,
295 2013 525 2053 habitantes
556 2012 777 2051 secundum

42 2073 208 2112 Pelium
239 2081 414 2111 montem
456 2070 681 2126 (invenisse
709 2069 777 2107 di-

43 2129 185 2185 cunt).
253 2131 395 2183 Bigas
443 2132 587 2181 prima
646 2129 778 2166 iunxit

44 2189 262 2241 Phrygum
327 2190 440 2226 natio
463 2218 475 2237 ,
554 2186 781 2239 quadrigas

43 2246 348 2286 Erichthonius.
418 2246 492 2284 Est
530 2245 631 2283 adeo
666 2243 782 2282 Pele—

43 2304 237 2344 thronius
264 2304 332 2344 vir
355 2302 529 2356 Lapitha
557 2302 667 2356 apud
681 2302 782 2341 Plin.

45 2363 142 2402 add.
158 2362 306 2416 Hygin.
325 2362 352 2401 s.
373 2360 474 2412 274,
492 2361 563 2400 ubi
582 2361 668 2400 vid.
686 2360 781 2400 Not.

46 2427 120 2461 aut
134 2421 260 2474 igitur
280 2420 458 2460 fabulam
476 2419 666 2469 variavit,
697 2424 780 2469 aut,

46 2479 160 2532 quod
181 2480 318 2519 verius
336 2479 526 2529 arbitror,
557 2479 782 2516 Centauros

46 2539 157 2578 inter
197 2536 391 2591 Lapithas
436 2537 601 2587 retulit,
646 2535 780 2575 videri

48 2597 157 2635 enim
175 2602 347 2649 possunt
366 2595 498 2634 tribus
516 2594 783 2648 Lapitharum

49 2655 246 2694 silvestris
279 2655 401 2693 fuisse
451 2654 653 2692 montium
692 2652 787 2704 iuga

49 2712 293 2752 inhabitans.
363 2712 591 2751 Frenorum
638 2711 786 2750 inven-

48 2777 140 2810 tum
173 2770 478 2823 Bellerophonti
520 2769 683 2809 Pindar.
721 2768 785 2808 Ol.

50 2829 162 2878 XIII,
194 2831 250 2871 90
282 2842 340 2880 sq.
370 2828 517 2868 tribuit
544 2829 633 2867 loco
664 2840 787 2880 prae-

53 2887 175 2926 claro.
234 2886 394 2924 Scilicet
410 2901 494 2925 non
521 2886 717 2925 historica
733 2885 786 2924 fi-

52 2945 123 2995 de,
160 2943 233 2982 sed
270 2950 343 2982 aut
368 2945 473 2982 fama
509 2945 680 2983 obscura
714 2949 788 2982 aut

52 3008 197 3056 poetae
228 3000 421 3054 figmento
457 3002 557 3040 talia
580 3002 784 3040 nituntur.

58 3059 154 3105 114.
191 3062 286 3099 mtis
321 3061 522 3109 insistere,
567 3059 784 3112 quadriga-

831 1266 926 1292 rum
942 1265 1066 1290 cursu
1085 1257 1253 1290 certare.
1274 1250 1446 1303 rapidus
1457 1247 1563 1304 (epi-

831 1309 946 1349 theto
978 1324 1001 1348 a
1032 1323 1155 1348 cursu
1187 1307 1334 1363 petito)
1367 1315 1408 1348 et
1438 1311 1565 1348 victor

833 1368 1072 1408 certamine:
1102 1369 1236 1406 omnia
1258 1367 1425 1406 ornate!
1467 1366 1562 1409 115.

829 1441 953 1480 gyros
978 1427 1140 1476 dedere,
1171 1425 1215 1465 h.
1241 1425 1453 1474 invenere,
1485 1424 1564 1463 do-

833 1498 964 1534 cuere,
994 1498 1143 1536 equum
1162 1484 1205 1523 in
1223 1498 1368 1537 gyrum
1388 1484 1563 1522 flectere.

833 1544 881 1582 cf.
894 1544 947 1583 ad
957 1543 1103 1582 Tibull.
1115 1543 1234 1592 1v‚‚1‚
1247 1541 1315 1585 94.
1348 1544 1368 1583 1
1378 1545 1444 1584 16.
1454 1543 1564 1595 equi·

833 1611 914 1640 tem
959 1607 1119 1641 veteres
1171 1600 1435 1639 Grammatici
1486 1613 1564 1652 pro

834 1674 938 1712 equo
958 1659 1115 1699 dietum
1133 1660 1339 1699 volebant.
1354 1659 1439 1698 vid.
1463 1657 1565 1697 Gell.

834 1718 970 1758 XVIII
979 1719 1045 1768 ‚5.
1083 1717 1262 1758 Macrob.
1292 1719 1373 1756 Sat.
1400 1716 1494 1766 VII,
1525 1719 1565 1758 9.

834 1778 1069 1830 Perperam3
1100 1792 1175 1817 cur
1195 1790 1314 1830 eques
1333 1789 1419 1814 non
1435 1775 1568 1813 inszd-

834 1846 921 1875 tare
955 1836 1134 1886 dicatur,
1182 1836 1252 1887 qui
1292 1840 1334 1872 et
1366 1832 1566 1883 incedere,

834 1895 1081 1934 decurrere?
1109 1894 1194 1934 vid.
1211 1893 1292 1932 h.l.
1311 1893 1452 1932 Burm.
1490 1893 1568 1931 In-

832 1954 985 1992 sultare
1004 1954 1118 1992 docet
1141 1954 1300 2004 campis
1319 1952 1402 1990 iam
1419 1949 1568 1990 Varius

833 2018 927 2050 ante
946 2011 1155 2064 Virgilium
1174 2011 1335 2050 dixerat
1350 2010 1461 2063 apud
1478 2008 1570 2048 Ma-

836 2070 947 2108 crob.
978 2070 1043 2119 VI,
1067 2072 1095 2111 2
1123 2070 1167 2108 in
1196 2069 1414 2122 praeclaris
1436 2068 1570 2108 versi-

832 2128 930 2166 bus:
973 2128 1103 2179 Quem
1126 2141 1207 2165 non
1235 2128 1304 2164 ille
1323 2128 1419 2165 sinit
1437 2127 1569 2164 lentae

838 2185 1065 2223 moderator
1090 2185 1297 2234 habenae,
1345 2185 1440 2235 Qua
1460 2184 1568 2234 velit,

839 2245 920 2291 ire;
952 2244 1037 2293 sed,
1071 2252 1246 2295 angusto
1255 2245 1376 2294 prius
1395 2257 1459 2281 ore
1477 2240 1569 2295 (leg.

840 2300 955 2356 orbe)
986 2316 1186 2352 coercens,
1225 2301 1429 2340 Insultare
1458 2301 1571 2338 docet

838 2363 999 2412 campis
1005 2360 1216 2412 fingitque
1230 2359 1420 2398 docendo,
1464 2359 1572 2398 Tum

839 2433 958 2472 eques
977 2417 1051 2456 sub
1064 2419 1202 2468 armis,
1232 2424 1434 2468 armatus3
1461 2417 1572 2456 idem

839 2490 959 2529 eques
996 2477 1164 2515 insultat
1187 2477 1272 2515 solo
1305 2483 1346 2515 et
1369 2477 1573 2529 glomerat

834 2533 1020 2587 gressum
1041 2566 1053 2585 ,
1105 2541 1305 2586 quatenus
1350 2548 1497 2588 equum
1526 2535 1572 2574 id

836 2594 968 2632 facere
1012 2593 1128 2646 cogit.
1196 2593 1388 2632 Similiter
1424 2595 1569 2633 Horat.

843 2651 971 2705 Epod.
994 2654 1061 2701 16,
1080 2654 1135 2693 12
1163 2654 1312 2690 cineres
1333 2654 1486 2691 insisoet
1504 2654 1571 2691 vi·-

842 2718 949 2760 ctor,
1002 2717 1038 2747 et
1072 2708 1207 2748 urbem
1249 2724 1368 2763 eques
1403 2718 1570 2749 sonante

843 2767 1061 2808 verberabit
1072 2768 1245 2819 ungula.
1263 2765 1465 2820 („gressus
1472 2769 1570 2819 glo-

843 2840 1021 2876 merare,
1060 2826 1088 2864 i.
1119 2839 1151 2864 e.
1179 2826 1362 2878 colligere
1390 2825 1569 2864 reductis

843 2891 885 2923 et
913 2885 959 2923 in
990 2898 1130 2923 arcum
1159 2885 1362 2937 replicatis
1385 2883 1570 2922 cruribus

844 2942 1115 2982 anterioribus
1130 2973 1141 2992 ‚
1192 2943 1291 2980 dum
1346 2941 1570 2993 posteriora

842 3001 1115 3040 tenduntur.“
1164 2998 1229 3037 Sic
1252 3000 1405 3038 Lemar.
1448 2997 1568 3053 Wr.)

844 3058 1054 3111 Lapithae
1070 3058 1207 3109 itaque
1224 3057 1442 3096 insidentes
1459 3057 1569 3110 equis
