1734 3320
178 202 282 252 430

518 201 572 251 P.
610 200 961 251 VIRGILII
995 200 1364 253 MARONIS

175 331 313 378 Nam
332 325 509 377 ieiuna
529 326 754 394 quidem
778 326 959 378 clivosi
977 327 1154 394 glarea
1171 328 1309 379 ruris

175 398 275 450 Vix
291 396 509 447 humilis
530 397 717 464 apibus
740 399 899 448 casias
917 415 1214 467 roremque
1233 398 1527 461 ministrat3

174 470 243 519 Et
261 468 462 536 tophus
480 468 667 518 scaber
691 477 744 518 et
763 469 926 534 nigris
950 485 1100 520 exesa
1125 469 1388 535 chelydris

176 541 335 590 Creta
353 547 550 603 negant
566 538 697 588 alios
717 555 888 605 aeque
912 540 1253 606 serpentibus
1279 555 1432 606 agros

1596 542 1702 592 215

174 609 407 661 Dulcem
430 607 576 658 ferre
602 609 785 659 eibum
808 618 860 659 et
890 626 1072 660 curvas
1089 610 1353 687 praebere
1373 609 1615 662 latebras,

245 707 363 766 214.
402 717 617 768 semim,

220 833 292 869 213
322 833 393 867 Vix
424 829 556 879 apibus
580 830 731 864 humilis»⁸
756 830 832 866 Erf.
872 831 1013 877 (umilis
1034 830 1163 866 Medic.
1194 831 1291 878 Wr.)

759 705 879 756 215.
918 705 1117 768 CRETA,

1386 831 1459 868 214
1484 829 1589 886 tofus
1603 814 1704 865 inulti

175 880 344 914 scribunt.
371 878 434 924 (sic
452 878 530 923 ipse
548 877 679 912 Medic.
708 879 804 924 Wa)
845 878 981 926 fossas
1005 879 1112 913 Goth.
1139 890 1208 913 sec.
1251 877 1381 913 scaber
1403 881 1596 926 nigraeque
1620 878 1702 912 edd.

173 928 278 963 Aldd.
308 934 342 960 et
368 928 456 959 lunt.
493 925 715 959 emendatum
748 926 997 972 afNaugerio.
1047 926 1249 961 chelindris
1281 933 1365 961 tres.
1407 926 1604 960 chilindris
1629 927 1703 959 Erf.

173 975 243 1011 215
268 974 386 1019 Vulgo
404 973 722 1017 interpungebatur
742 981 826 1018 post
847 976 973 1007 Creta:
1009 980 1049 1007 ut
1066 982 1209 1021 negant
1230 981 1341 1012 esset:
1375 980 1509 1019 negant
1528 973 1703 1007 homines.

173 1022 305 1056 Ieiune-

407 1021 479 1055 216
494 1018 638 1066 furvas
663 1019 753 1054 coni.
775 1022 825 1054 Io.
847 1021 1034 1055 Schrader.
1070 1033 1211 1054 vacuas
1238 1028 1273 1055 et
1293 1022 1424 1056 varias
1446 1020 1484 1054 in
1502 1020 1605 1055 libris
1630 1018 1704 1066 legi

172 1076 274 1104 notat
288 1067 450 1103 Ursinus.
496 1070 545 1101 At
564 1066 647 1101 vide·
663 1068 700 1101 N
702 1073 808 1103 otam.
839 1067 1014 1103 tenebras
1030 1067 1162 1114 Regius
1179 1067 1325 1103 Martin-

172 1188 281 1228 bona
309 1193 424 1226 terra
446 1194 544 1239 post
576 1200 775 1226 vomerem
804 1188 909 1225 nite-

173 1261 297 1296 scenS,
327 1251 375 1285 ut
390 1245 543 1285 Plinius
562 1245 619 1284 ait
637 1245 745 1295 XVI,
770 1245 811 1295 5,
828 1248 908 1288 s.3.

173 1304 503 1357 quandoquidem
551 1303 715 1342 omnino
764 1305 904 1354 nitent,

173 1377 276 1416 quae
305 1365 416 1402 culta
439 1367 555 1412 sunt,
586 1367 635 1401 ut
665 1362 735 1401 Ge.
758 1362 787 1412 I,
813 1362 908 1405 153.

172 1422 271 1462 Aen.
290 1422 356 1472 VI,
376 1425 471 1464 677.
494 1421 598 1459 conf.
614 1421 753 1459 Burm.
785 1418 910 1474 (hane

171 1480 552 1534 interpretationem
591 1479 774 1531 sequitur
803 1479 910 1518 Vos-

172 1539 275 1591 sius3
318 1539 389 1578 sed
419 1538 557 1579 verior
588 1538 718 1576 altera
749 1537 800 1576 ob
831 1537 908 1576 ad-

171 1598 322 1638 iectum
348 1597 540 1649 impulso.
579 1597 651 1637 W
643 1594 699 1651 r.)
761 1596 908 1635 Totam

171 1670 271 1696 vero
291 1662 543 1695 structuram
553 1655 596 1693 in
614 1654 795 1707 pedestri
813 1669 908 1694 ora-

170 1715 283 1754 tione
317 1715 374 1754 sic
409 1714 664 1756 institueres:
714 1715 906 1765 antiquas

171 1773 312 1812 domos
329 1775 471 1812 avium
492 1774 615 1822 eruit,
650 1785 756 1824 quae
775 1772 906 1810 altam

163 1839 310 1884 petunt
329 1862 340 1881 ,
391 1831 490 1869 dum
538 1831 688 1868 interea
733 1843 907 1881 campus

172 1891 351 1928 enitescit
368 1895 444 1928 etc.
504 1887 631 1937 Quod.
649 1888 681 1927 si
697 1887 906 1926 meminis-

171 1953 263 1987 sent
291 1947 534 2001 interpretes
551 1977 561 1997 ,
615 1960 702 1985 non
739 1959 905 1986 versum

171 2008 253 2049 211
280 2019 372 2045 cum
395 2004 655 2057 sequentibus
663 2004 904 2043 iunxissent.

170 2064 255 2105 vid.
276 2078 339 2117 ap.
358 2065 496 2103 Burm.
519 2069 560 2102 et
578 2063 742 2102 Martin.

229 2125 472 2165 212—216.
490 2122 666 2161 Notetur
685 2134 791 2160 nova
810 2133 906 2159 ora-

169 2181 291 2221 tionis
345 2180 647 2220 connectendae
697 2179 875 2219 variatio
890 2208 902 2228 ‚

172 2239 271 2279 dum
288 2239 347 2277 ad
360 2247 478 2277 notas
500 2239 604 2278 mali
626 2240 722 2290 agri
743 2237 904 2276 transit.

169 2297 226 2337 At
257 2298 388 2335 solum
410 2298 666 2349 glareosum,
707 2297 805 2335 satis
833 2301 905 2345 est,

170 2356 205 2395 si
231 2355 377 2394 herbas
404 2355 545 2409 apibus
563 2355 730 2394 idoneas
755 2366 905 2407 suppe-

173 2415 291 2453 ditat.
323 2416 461 2452 z'eizma
476 2415 635 2466 glarea,
662 2412 904 2463 infecunda3

169 2468 320 2526 λυπρά.
378 2472 591 2511 Diversum
619 2471 751 2511 solum
778 2471 826 2510 ab
844 2485 904 2511 vs.

174 2533 283 2580 180,
313 2530 385 2569 ubi
420 2531 541 2570 etiam
569 2539 684 2569 tenue
701 2561 711 2580 ,
746 2530 818 2569 sed
834 2543 903 2568 ar-

170 2589 382 2642 gillaceum
404 2594 444 2627 et
483 2589 753 2640 calculosum3
791 2601 903 2627 nunc

171 2646 417 2686 sabulosum.
447 2661 594 2697 rorem,
626 2660 746 2698 quem
766 2659 859 2699 apes
880 2658 902 2683 e

169 2705 338 2745 floribus
358 2711 400 2744 et
418 2704 553 2744 herbis
570 2711 740 2756 sugunt,
769 2716 904 2743 nunc-

171 2777 249 2817 que
267 2763 387 2803 flores
407 2763 496 2815 ipsi,
530 2763 674 2815 quibus
692 2763 758 2801 ille
779 2763 906 2801 inesse

170 2822 286 2862 solet.
314 2821 480 2861 Alienus
499 2835 522 2859 a
539 2827 660 2874 pastu
681 2833 801 2873 apum
822 2820 906 2859 hu-

170 2894 273 2932 mor,
305 2894 385 2933 quo
396 2885 524 2919 noctu
536 2879 759 2931 irrigantur
773 2885 903 2931 prata.

169 2941 259 2978 Ros
277 2940 459 2978 marinas
482 2937 645 2990 quidem
658 2967 669 2987 ,
706 2938 856 2987 frutex,
882 2950 905 2974 a

172 2997 314 3038 Servio
333 2996 583 3050 intelligitur,
615 3008 735 3048 quem
751 2995 818 3035 alii
840 3008 905 3034 se-

967 1192 1166 1240 quuntur.
1234 1186 1315 1226 Sed
1348 1186 1534 1227 nondum
1567 1187 1702 1227 locum

965 1245 1079 1296 vidi,
1116 1245 1160 1284 in
1190 1259 1270 1297 quo
1299 1245 1365 1285 ille
1389 1245 1623 1300 simpliciter
1639 1261 1704 1284 ros

968 1303 1206 1356 appelletur.
1249 1296 1444 1359 (Re'ctius,
1459 1310 1575 1357 puto,
1597 1303 1703 1344 Vos-

966 1362 1049 1401 sius
1065 1375 1201 1401 rorem
1219 1363 1424 1402 marinum
1441 1362 1482 1402 h.
1505 1363 1533 1402 l.
1548 1363 1703 1416 simpli-

968 1420 1070 1459 citer
1086 1434 1222 1460 rorem
1242 1421 1321 1460 dici
1341 1421 1560 1472 existimat,
1590 1421 1701 1461 laud.

965 1479 1067 1519 Plin.
1097 1479 1149 1518 H.
1172 1479 1220 1519 N.
1252 1479 1412 1530 XXIV,
1443 1482 1528 1522 11.:
1577 1479 1703 1530 „haec

967 1551 1069 1590 quae
1092 1551 1143 1576 ex
1172 1538 1312 1581 Rore
1337 1551 1461 1591 supra
1492 1537 1600 1577 dicto
1625 1552 1702 1577 na-

966 1597 1136 1635 scitur.“
1166 1594 1286 1650 Wr.)
1348 1597 1404 1634 De
1420 1598 1550 1646 casia,
1573 1595 1702 1636 herba

967 1655 1190 1705 coronaria,
1209 1653 1461 1707 thymelaeae
1482 1654 1603 1706 affini,
1615 1655 1699 1695 vid.

964 1711 1006 1752 h.
1036 1714 1063 1752 l.
1091 1713 1314 1753 Martinum
1341 1720 1382 1753 et
1414 1726 1503 1766 sup.
1535 1713 1588 1752 ad
1614 1713 1698 1753 Ecl.

964 1771 1015 1821 ΙΙ,
1040 1770 1109 1814 49.

1021 1828 1186 1871 214-
1206 1832 1305 1872 216.
1361 1830 1573 1869 Sententia
1623 1836 1699 1870 est:

962 1887 1090 1926 Terra
1118 1887 1317 1941 tophacea
1354 1895 1395 1928 et
1424 1893 1582 1928 cretosa
1612 1902 1699 1929 ser-

961 1946 1152 1999 pentibus
1181 1946 1363 1986 omnium
1395 1952 1456 1986 est
1481 1947 1698 2001 aptissima.

961 2004 1053 2043 Hoc
1079 2005 1141 2043 ita
1176 2005 1366 2044 extulisse
1395 2005 1528 2045 videri
1559 2005 1699 2046 debet:

962 2062 1111 2114 tophas
1140 2071 1177 2101 et
1211 2071 1318 2102 creta
1335 2072 1489 2116 negant
1513 2064 1618 2103 alios
1647 2079 1700 2103 a-

958 2134 1056 2174 gros
1079 2135 1206 2174 aeque
1223 2121 1334 2173 ferre
1360 2121 1606 2176 serpentibus
1636 2125 1698 2161 czi-

962 2179 1081 2234 bum,
1126 2179 1299 2230 scilicet,
1342 2194 1389 2219 ac
1414 2176 1512 2233 ipsi,
1546 2179 1698 2234 tophus

963 2244 1004 2277 et
1019 2244 1150 2288 creta,
1180 2238 1331 2278 serunt.
1390 2239 1570 2278 Sollenni
1597 2252 1698 2292 poe·
1731 2255 1733 2257 ¹

963 2302 1102 2335 tarum
1121 2310 1235 2335 more
1264 2296 1323 2335 sic
1341 2297 1443 2336 solet
1469 2297 1589 2337 rebus
1610 2297 1698 2337 vita

963 2355 1218 2405 carentibus,
1259 2355 1318 2394 uti
1348 2369 1461 2394 mens
1488 2362 1530 2395 et
1562 2355 1698 2395 eonsi-
1732 2386 1734 2389 .

959 2413 1082 2464 lium,
1115 2413 1174 2452 ita
1194 2413 1375 2465 loquela,
1414 2413 1553 2453 tribui.
1611 2414 1698 2453 No-
1732 2460 1734 2462 ¹

960 2477 1051 2510 tum
1077 2471 1180 2510 illud
1212 2472 1380 2511 Catulli:
1409 2472 1612 2510 Phaselus
1640 2472 1697 2511 il·-
1732 2505 1734 2507 .

960 2530 997 2568 Ze
1008 2531 1134 2568 —ait
1137 2530 1276 2582 fuisse
1294 2531 1465 2568 navium
1476 2530 1695 2570 celerrima.
1728 2535 1732 2561 3

959 2588 1021 2626 Ita
1035 2588 1158 2626 etiam
1169 2601 1285 2639 nego.
1306 2588 1388 2626 Nec
1409 2587 1526 2627 aliter
1539 2588 1694 2628 Graeci.

961 2645 1102 2685 Paullo
1132 2651 1226 2699 post
1255 2659 1295 2685 v.
1321 2645 1407 2688 234
1452 2648 1516 2684 sin
1548 2648 1592 2685 in
1618 2660 1696 2686 sua
1726 2644 1734 2699 {j

958 2718 1079 2756 posse
1097 2703 1303 2755 negabant
1330 2705 1395 2743 Ire
1423 2704 1529 2743 loca.
1592 2704 1696 2744 Item
1721 2699 1734 2755 j

962 2764 1048 2804 268
1077 2768 1118 2800 et
1134 2762 1184 2800 al.
1242 2761 1304 2800 Ita
1332 2762 1461 2812 nolle,
1493 2777 1691 2813 rec-usare,
1718 2757 1730 2813 J

961 2833 1059 2873 pro,
1100 2834 1185 2858 non
1211 2834 1348 2873 posse;
1390 2826 1432 2858 et
1454 2823 1587 2872 novit,
1616 2834 1694 2874 pro
1719 2818 1722 2820 ’

961 2884 1106 2931 potest.
1148 2893 1267 2917 exesa
1290 2909 1302 2928 ,
1353 2891 1575 2918 cavernosa
1594 2909 1606 2929 ,
1645 2883 1722 2920 ut.

961 2935 1060 2975 Aen.
1086 2936 1197 2986 VIII,
1234 2936 1320 2979 418
1367 2951 1487 2975 exesa
1522 2935 1717 2975 caminis¹

961 3003 1081 3033 antra
1100 2995 1286 3035 Aetnaea
1300 3011 1312 3034 :
1353 3007 1438 3035 non
1461 3006 1560 3035 vero
1579 2993 1694 3047 quasi
