1768 3320
369 275 781 334 BUCO‘EICA
814 284 977 334 ECL.
1010 285 1099 347 Vl,
1141 291 1165 336 1
1189 295 1292 340 —2
1487 297 1584 346 169

180 411 367 452 Cetmm
385 411 497 452 Varo
516 412 759 466 inscriptum
782 418 845 452 est
863 425 1045 452 carmen:
1076 413 1127 453 de
1144 428 1226 466 quo
1247 415 1332 455 vid.
1348 417 1515 459 Excurs.
1532 423 1585 461 ad

62 469 171 508 hanc
186 468 270 509 Ed.
327 470 525 510 Fabulam
556 471 607 510 de
633 472 805 510 recitata
823 470 903 510 hac
926 472 1072 524 Ecloga
1099 486 1122 510 a
1150 471 1370 525 Cytheride
1399 477 1517 516 mima
1544 487 1585 519 et

64 526 266 566 Ciceronis
279 529 535 568 exultatione
553 529 639 569 vid.
658 529 701 568 in
719 529 1020 569 Pseudodonati
1037 530 1133 569 Vita
1145 529 1254 583 Virg.
1278 545 1310 570 s.
1327 531 1396 575 41.

62 741 277 830 Prima
297 780 574 847 Syracosio
600 779 810 846 dignata
830 788 910 830 est
929 779 1119 831 ludere
1143 797 1302 832 versu

62 861 280 926 Nostra,
316 878 498 931 neque
524 862 738 914 erubuit
759 861 912 912 silvas
941 862 1205 928 habitare,
1243 863 1442 918 Thalia.

112 992 137 1027 1-
158 991 368 1036 Syracosio.
415 992 468 1025 Ita
493 993 669 1026 Romanus
685 991 806 1027 Pierii.
854 987 1099 1034 Συρακόσιον
1117 985 1231 1040 ᾆσμα.
1280 992 1398 1039 Vulgo
1415 996 1584 1040 Syracu-

64 1037 140 1079 sio,
161 1037 351 1072 mendose:
375 1038 473 1084 quod
494 1038 564 1073 iam
580 1039 789 1074 Benedictus
812 1039 958 1073 monuit.
1006 1041 1193 1084 Syracusa
1214 1041 1347 1074 Mol-eti
1370 1041 1479 1083 alter,
1502 1043 1583 1076 Me—

64 1094 148 1128 nag.
173 1083 263 1118 alter
273 1093 309 1119 et
323 1085 487 1119 Parrhas.

537 1085 774 1131 (Συρακόσαι
792 1085 1026 1132 antiquissimi
1041 1086 1167 1120 Graeci
1183 1087 1376 1133 scriptores
1397 1097 1431 1122 et
1447 1088 1583 1123 vinctae

66 1137 104 1164 et
113 1130 251 1165 solutae
271 1131 455 1167 orationis.
479 1132 549 1167 vid.
559 1134 716 1168 Boeckh.
734 1133 779 1168 ad
797 1133 898 1168 Pind.
915 1133 969 1168 Ol.
981 1134 1044 1175 Vl,
1063 1135 1096 1170 6.
1146 1135 1366 1180 Syracosio,
1390 1136 1486 1181 quod
1505 1148 1584 1170 me-

63 1183 158 1212 trum
177 1184 215 1212 et
233 1191 316 1213 usus
331 1187 517 1224 poetarum
532 1181 699 1226 requirit,
725 1181 829 1215 etiam
853 1181 891 1214 in
908 1180 1031 1215 Servio
1053 1193 1092 1214 se
1114 1180 1290 1216 invenisse
1309 1182 1360 1216 ait
1373 1182 1467 1217 Pier.
1508 1185 1583 1218 Ea·-

65 1224 147 1258 dem
162 1225 277 1260 forma
298 1225 336 1260 iu
353 1226 515 1261 Palatino
538 1227 675 1262 visitur.
703 1228 800 1272 ls'r.)

893 1229 919 1263 2
941 1241 1060 1274 neque
1082 1239 1103 1262 e
1124 1228 1264 1274 scriptis
1282 1229 1446 1275 reposuit
1459 1230 1581 1265 Heius.

64 1283 134 1317 pro
156 1285 236 1307 nec.
281 1274 391 1308 silvis
406 1274 509 1309 Rom.
530 1275 648 1310 Pierii.
674 1277 768 1310 conf.
788 1274 911 1309 Heius.

126 1383 165 1421 1.
195 1380 404 1433 Sjmcosio
417 1397 602 1421 —versu
614 1412 626 1432 ‚
659 1381 795 1421 Theo-

66 1437 206 1478 criteo.
221 1452 263 1478 v.
279 1439 364 1478 Ecl.
381 1439 448 1489 IV,
469 1443 505 1481 1.
564 1442 709 1479 Prima
727 1441 795 1480 in-

65 1497 254 1549 telligunt
284 1497 435 1550 vulgo:
478 1511 500 1535 e
524 1499 737 1548 Romanis3
775 1511 797 1536 e

66 1555 213 1607 qussms
230 1568 272 1593 se
301 1555 478 1608 primum
503 1555 556 1594 ad
573 1562 695 1595 tenue
717 1555 798 1595 hoc

68 1613 256 1653 carminis
269 1627 395 1665 genus
407 1613 656 1653 descendisse
674 1614 798 1667 signi-

66 1672 175 1712 fioet.
213 1671 283 1710 Ge.
308 1672 359 1722 II,
386 1672 469 1726 175
497 1671 571 1710 tihi
600 1688 662 1711 res
686 1675 798 1711 anti-

67 1744 175 1784 quae
199 1729 338 1769 laudis
375 1737 414 1768 et
446 1732 545 1768 artis
567 1731 793 1783 Ing-rediet,

67 1799 228 1827 sanctos
255 1801 382 1826 ausus
411 1788 611 1827 recludere
635 1789 793 1842 sontes,

67 1846 369 1898 zise-meumque
387 1860 490 1884 cano
513 1847 706 1885 Romana
724 1861 801 1898 per

69 1904 225 1956 oppida
254 1917 429 1942 carmen.
491 1904 554 1943 Ita
578 1906 799 1959 accipiebat

69 1975 229 2014 quoque
255 1961 404 2014 Popius
439 1963 645 2001 Pas-toral.
674 1964 704 2002 1.
733 1977 797 2016 pr.

68 2020 211 2060 Melius
232 2019 283 2058 de
306 2025 437 2058 aetate
464 2020 656 2074 accipias,
686 2021 799 2073 quod

69 2079 113 2118 in
130 2078 399 2117 adolescentia
417 2078 464 2117 iis
491 2079 735 2120 carminibus
756 2093 798 2118 se

71 2136 261 2188 dederat,
303 2151 385 2175 non
425 2137 567 2189 epicis,
615 2151 676 2177 vs.
708 2141 748 2187 3,
774 2151 799 2176 a

70 2195 220 2246 quibus
251 2194 474 2235 revocabat
515 2208 608 2234 eum
642 2195 798 2248 Apollo.

73 2252 272 2307 (Priorem
297 2253 606 2305 explicationem
620 2254 799 2306 probant

70 2311 184 2350 Voss
202 2317 245 2350 et
262 2309 414 2363 Spohn.
472 2311 622 2350 Totum
650 2312 800 2351 carmi-

71 2369 133 2409 nis
158 2368 373 2408 exordium
399 2369 432 2407 si
468 2375 642 2422 spectas,
682 2370 799 2409 facile

70 2426 286 2480 intelliges,
330 2426 531 2479 scripsisse
571 2426 673 2466 haec
699 2441 800 2482 poe-

73 2491 178 2536 tam,
206 2491 257 2524 ut
283 2484 527 2524 tenuitatem
550 2499 799 2525 suam—vs.

72 2545 100 2586 3
115 2565 175 2573 —
192 2543 219 2586 5
243 2564 302 2572 -—
330 2543 440 2582 Varo
471 2550 694 2583 excusaret.
751 2544 800 2583 Id

73 2614 198 2654 quare
214 2600 300 2650 fiat,
328 2601 403 2640 vix
422 2602 575 2653 poteris
590 2608 800 2654 exputare,

73 2659 151 2698 nisi
174 2665 349 2709 statues,
387 2658 440 2697 ad
471 2660 679 2699 sublimius
708 2674 801 2699 car-

73 2716 229 2756 minum
246 2730 370 2768 genus
383 2723 546 2769 poetam
566 2717 705 2757 avaro
723 2732 802 2757 vo·-

75 2780 212 2814 catum
237 2787 332 2813 esse.
362 2788 368 2790 ·
389 2773 448 2813 Ac
470 2776 636 2815 videtur
659 2776 802 2826 Varus,

76 2831 224 2884 quippe
243 2832 396 2871 leviore
413 2833 588 2873 bucolici
616 2834 803 2873 carminis

76 2896 311 2941 argumento
326 2904 411 2928 non
427 2892 524 2930 satis
542 2892 805 2931 conveniente

76 2952 192 2985 tanto
229 2947 387 2999 ingenio
407 2978 419 2998 ,
457 2956 600 2989 auctor
638 2950 804 3003 Virgilio

77 3004 291 3054 exstitisse,
305 3010 355 3043 ut
370 3006 526 3058 epicum
540 3021 701 3060 carmen
710 3014 804 3047 ten-

76 3068 197 3112 taret,
225 3061 435 3101 materiam
452 3063 548 3116 ipsis
563 3065 677 3104 bellis
703 3065 805 3105 civi-

850 1381 977 1430 libus,
1005 1380 1150 1432 quibus
1175 1380 1419 1422 interfuerat
1438 1384 1581 1435 Varus,

852 1438 1223 1491 suppeditantibus;
1252 1454 1312 1479 vs.
1331 1444 1471 1484 6—7.
1528 1443 1582 1482 At

851 1503 991 1550 poeta,
1034 1497 1144 1550 epico
1179 1498 1346 1537 carmini
1369 1500 1582 1540 scribendo

851 1556 1047 1607 imparem
1074 1569 1115 1593 se
1148 1568 1231 1594 esse
1262 1562 1399 1607 ratus,
1434 1558 1481 1597 id
1507 1559 1583 1598 sibi

853 1612 1091 1652 sectandum
1117 1613 1342 1664 existimat,
1393 1615 1447 1654 ad
1472 1617 1584 1669 quod

853 1677 1003 1710 natura
1024 1671 1156 1710 factus
1188 1672 1262 1710 sibi
1284 1671 1474 1713 videatur
1482 1689 1495 1725 ;
1522 1689 1582 1716 vs·

854 1732 915 1771 9.:
943 1730 1075 1779 „Non
1098 1731 1252 1768 ιἠἰιιεεα
1267 1734 1419 1770 cano.“
1449 1732 1583 1785 Atque

853 1785 934 1826 hoc
967 1800 1126 1838 quoque
1151 1788 1234 1827 tale
1266 1801 1369 1838 esse,
1415 1791 1482 1830 cui
1504 1806 1583 1830 no-

853 1858 948 1884 men
954 1844 1054 1884 vari
1071 1846 1281 1884 commode
1295 1846 1426 1886 intein'
1436 1849 1583 1901 possit3

853 1917 912 1942 vs.
934 1905 974 1945 9.
996 1916 1081 1955 sqq.
1107 1947 1112 1951 ,
1140 1903 1202 1942 Ita
1220 1904 1384 1944 demum
1403 1914 1582 1960 apparet,

854 1974 1049 2013 quorsum
1083 1968 1238 2015 spectet
1271 1963 1376 2002 illud
1409 1966 1583 2018 dignata

855 2027 912 2057 est
926 2033 987 2058 vs·
1016 2022 1053 2060 1.
1084 2026 1125 2058 et
1146 2020 1299 2060 erubuit
1318 2035 1378 2061 vs.
1396 2025 1460 2074 2.;
1488 2038 1584 2063 nam

855 2077 1045 2116 nonsatis
1065 2078 1230 2130 dignum
1248 2079 1476 2120 bucolicum
1491 2096 1583 2122 car-

853 2147 947 2174 men
965 2135 1119 2188 Virgilii
1141 2137 1300 2189 ingenio
1330 2138 1460 2178 Varus
1474 2140 1583 2179 iudi-

856 2199 1032 2232 caverat.
1089 2194 1173 2234 Iam
1196 2195 1349 2235 nemini
1367 2197 1584 2238 obscurum

854 2263 938 2288 esse
976 2258 1132 2304 potest,
1180 2266 1326 2306 parum
1365 2262 1459 2308 apte
1493 2270 1583 2297 voc.

848 2311 990 2360 prima
1014 2323 1074 2348 VS.
1094 2313 1131 2351 1.
1161 2311 1215 2349 ad
1240 2311 1359 2350 initia
1378 2314 1584 2354 bucolicae

853 2367 984 2420 poesis
1022 2368 1131 2406 inter
1174 2369 1379 2410 Romanos
1420 2373 1585 2424 referri;

856 2438 1022 2476 eamque
1042 2439 1124 2464 esse
1146 2434 1291 2480 poetae
1312 2437 1509 2481 mentem,
1535 2438 1585 2471 ut

857 2483 987 2533 dicat,
1033 2490 1183 2523 natura
1218 2485 1305 2538 ipsa
1334 2487 1507 2528 ducente
1532 2489 1585 2528 ad

857 2554 1020 2580 carmen
1061 2542 1289 2582 bucolicum
1320 2559 1361 2584 se
1406 2547 1585 2600 primum

858 2600 1116 2652 applicuisse,
1154 2607 1216 2651 et,
1258 2616 1384 2654 quum
1416 2605 1470 2644 ad
1498 2606 1584 2658 epi—

859 2672 952 2697 cum
979 2659 1153 2698 transire
1179 2667 1348 2700 conatus
1373 2664 1446 2712 sit,
1470 2685 1528 2693 —-
1552 2664 1585 2702 si

857 2715 980 2755 modo
1001 2722 1091 2756 tum
1111 2724 1279 2757 conatus
1295 2726 1378 2770 est;
1418 2735 1513 2759 nam
1532 2722 1585 2759 li-

859 2774 945 2813 cuit
979 2773 1059 2814 hoc
1096 2774 1247 2828 fingere
1268 2800 1328 2807 —
1348 2785 1582 2818 revocatum

860 2845 944 2871 esse
973 2833 1023 2871 ab
1058 2832 1272 2887 Apolline,
1318 2842 1432 2875 et—
1456 2850 1517 2875 vs.
1545 2839 1584 2878 6.

860 2891 1044 2941 „Nunc
1082 2895 1263 2944 ego“—
1302 2893 1355 2932 ad
1393 2899 1585 2945 agrestem

860 2949 1017 2989 Musam
1031 2950 1193 2989 redisse.
1226 2952 1298 2990 W
1290 2950 1338 3005 r.)
1397 2954 1437 2992 2.
1460 2951 1586 2989 silvas

862 3007 1042 3047 habitare
1056 3037 1068 3057 ‚
1107 3007 1161 3046 ad
1195 3021 1319 3060 genus
1359 3007 1584 3046 bucolicum

861 3066 1048 3104 refertur.
1077 3078 1120 3104 v.
1147 3065 1199 3104 ad
1215 3066 1298 3104 Ecl.
1315 3065 1370 3105 IV
1384 3079 1444 3117 pr.
1471 3064 1583 3103 Tha-
