1768 3320
236 188 313 222 xli
774 160 1331 218 PRAEFATIO

240 301 371 371 dio,
426 299 574 356 Viro
613 296 764 364 Cel„
819 286 1455 369 Grammatophylacio
1495 287 1761 366 philolo—

237 382 398 457 gico,
440 381 505 437 in
543 398 661 455 quo
701 389 757 433 et
791 377 908 433 alia
941 372 1242 450 quaedam
1275 380 1415 425 sunt
1453 369 1534 425 ad
1555 366 1760 448 Virgi-

236 462 388 517 lium
434 458 795 539 spectantia,
856 452 1244 511 inserendam
1288 449 1580 521 misisset,
1635 451 1758 522 hic,

239 561 360 618 qua
398 553 483 597 est
517 538 915 606 humanitate,
967 533 1166 591 statim
1199 549 1446 587 mecum
1481 549 1761 588 commu-

236 621 474 680 nicavit.
567 619 686 675 Sed
726 628 1046 696 postquam
1090 613 1223 691 ipsa
1262 610 1528 690 Dorphii
1571 611 1766 679 editio¹

236 701 487 781 prodiit,
531 698 729 769 nolui,
775 715 962 772 quum
995 704 1308 771 excerptas
1333 693 1411 748 ab
1442 711 1514 748 eo
1547 692 1760 749 lectio—

236 802 342 839 nes
365 782 442 838 ad
466 779 735 837 omnium
752 796 929 833 usum
949 774 1250 853 expositas
1268 773 1559 844 viderem,
1575 793 1757 850 porro

238 881 485 919 onerare
509 872 675 917 notas
704 858 966 927 criticaS‚
1009 856 1074 911 in
1099 854 1356 911 nimiam
1383 855 1608 911 molem
1631 856 1759 913 iam

238 953 662 999 excrescentes
745 936 934 994 Multo
970 936 1151 993 etiam
1190 936 1394 993 minus
1430 953 1468 991 a
1504 945 1613 991 me*
1640 935 1759 992 im-

234 1034 464 1101 petrare
487 1020 680 1100 potui,
723 1030 787 1075 ut
810 1017 1055 1074 somniis
1082 1015 1367 1074 Dunkeri
1395 1016 1605 1074 nescio
1643 1036 1758 1074 cu·-

234 1105 326 1159 ius
349 1104 550 1158 locum
573 1101 637 1156 in
661 1100 802 1156 Var.
832 1098 993 1155 Lect.
1027 1098 1446 1155 concederem.
1524 1096 1758 1155 Prodiit

236 1182 395 1239 enim
418 1181 846 1257 Heidelbergae
872 1179 982 1236 Ao.
1020 1184 1191 1240 1806.
1221 1179 1496 1250 libellus,
1542 1179 1646 1235 cui
1669 1180 1758 1235 ita

231 1262 615 1341 inscriptum:
660 1261 760 1332 ‚,P.
788 1259 1023 1338 Virgilii
1042 1259 1318 1316 Maronis
1344 1258 1642 1339 Georgica
1661 1261 1758 1315 in-

234 1343 305 1398 de
335 1344 408 1399 ab
437 1343 691 1419 Augusti
721 1353 988 1419 tempore
1023 1352 1233 1397 contra
1258 1353 1544 1397 naturam
1568 1340 1757 1397 inter--

229 1424 430 1500 polata
445 1422 709 1478 ducentis
734 1421 1185 1497 quibus‘adhuc
1206 1422 1489 1478 laborant
1506 1422 1654 1478 locis
1678 1441 1755 1479 ex

228 1503 541 1561 Monachii
551 1502 1021 1578 Traghemensis
1041 1502 1376 1580 exemplari
1396 1502 1642 1559 sanitati
1656 1522 1756 1559 re-

229 1584 469 1639 stituere
485 1595 666 1639 tentat
678 1576 876 1638 Editio
894 1582 1048 1640 haec
1062 1584 1520 1662 prob'lematica.
1539 1582 1591 1640 L
1605 1583 1627 1639 i
1641 1585 1677 1640 b
1690 1584 1755 1641 ri

228 1664 457 1741 primi
498 1662 903 1740 specimen.
963 1662 1046 1720 M.
1078 1661 1150 1721 O.
1183 1663 1254 1720 R.
1292 1664 1334 1720 I.
1370 1664 1444 1721 A.
1469 1664 1544 1722 A.
1570 1663 1643 1722 V.
1677 1662 1751 1736 Ο.

230 1743 302 1799 Α.
325 1743 388 1799 N.
412 1744 484 1800 A.
509 1742 578 1799 B.
603 1743 669 1799 L.
698 1743 763 1800 E.
789 1742 857 1800 G.
882 1743 954 1800 D.
978 1744 1053 1801 D.
1080 1744 1162 1801 M.
1184 1745 1257 1801 H.
1282 1743 1366 1802 M.
1435 1745 1751 1804 Ioannes

229 1823 566 1879 Andreas
618 1823 983 1880 Dunker.“
1066 1825 1386 1905 Proposita
1423 1837 1511 1883 est
1552 1827 1750 1885 omnis

229 1903 499 1960 lectionis
523 1903 950 1961 Dunkerianae
976 1906 1289 1964 diversitas
1319 1907 1386 1964 in
1411 1907 1553 1964 Nov.
1578 1907 1750 1966 Diar.

229 1983 311 2039 lit.
354 1983 517 2062 Lips.
559 1991 727 2045 1807.
758 2006 816 2041 n.
854 1991 947 2048 43.
983 2010 1039 2066 p.
1076 1994 1211 2050 684.
1246 2009 1376 2066 sqq.
1459 1988 1605 2046 Feci
1640 1990 1753 2046 ali-

232 2064 466 2137 quoties
493 2066 860 2122 mentionem
884 2068 1109 2126 codicis
1137 2070 1350 2141 Servii,
1385 2070 1492 2146 qui
1513 2070 1578 2126 in
1600 2069 1748 2149 Reg.

229 2141 512 2200 Biblioth.
560 2145 769 2203 Dresd.
816 2162 1183 2223 asservatur,
1247 2150 1558 2208 interdum
1604 2161 1749 2209 cum

232 2224 468 2301 optimis
520 2226 691 2282 codd.
740 2229 1166 2305 conspirantis3
1238 2231 1532 2311 descripsi
1577 2232 1747 2289 hunc

230 2303 359 2380 ipse
401 2305 672 2362 codicem
714 2310 1051 2367 accuratius
1085 2312 1150 2368 in
1187 2312 1414 2369 Diariis
1452 2313 1747 2371 Scholast.

210 2382 569 2465 ,DarmstacL
600 2393 768 2449 1830.
793 2409 850 2444 n.
875 2395 969 2449 24.
1026 2391 1235 2450 Exstat
1260 2393 1325 2449 in
1349 2393 1565 2451 eadem
1586 2393 1744 2451 Bibl.

227 2461 367 2537 Reg.
396 2464 610 2522 Dresd.
640 2470 751 2525 sub
789 2468 864 2525 D.
900 2477 1026 2533 126.
1064 2474 1258 2530 codex
1300 2475 1546 2532 saeculo
1575 2474 1746 2532 XIV.

229 2544 510 2622 scripum,
565 2549 767 2604 omnia
804 2548 1044 2629 Virgilii
1085 2573 1270 2632 opera
1317 2557 1744 2635 complectenS‚

228 2634 359 2679 tum
402 2626 554 2681 alius
598 2629 708 2684 sub
755 2628 828 2685 D.
866 2637 959 2692 81.
1001 2632 1252 2713 Eclogas
1295 2647 1534 2694 tantum
1573 2637 1748 2693 exhi-

228 2704 404 2777 bens3
440 2725 614 2779 quos,
650 2708 699 2763 si
724 2710 868 2784 quid
894 2712 1036 2769 inde
1063 2716 1333 2774 utilitatis
1358 2716 1612 2794 Virgilio
1642 2736 1746 2774 ac-

230 2803 542 2867 cessurum
591 2807 924 2866 sperassem
949 2838 962 2863 ,
1025 2795 1273 2852 minime
1320 2798 1744 2876 neglexissem.

228 2863 394 2921 Ultro
448 2866 601 2923 mihi
665 2872 1064 2930 commodavit
1121 2875 1369 2954 insignis
1422 2878 1747 2936 Henrici
