1768 3320
176 223 242 268 36
427 213 760 262 SPOHNII
816 204 1433 259 PROLEGOMENA

179 340 410 393 ducendi
433 338 632 389 faceret
659 346 989 405 potestatem.
1061 336 1247 382 Mense
1278 329 1420 380 Maio
1449 329 1689 380 Octavia—

177 429 293 473 nus,
321 426 648 477 quamquam
670 409 876 469 invitus,
902 412 1112 454 coactus
1134 410 1316 449 tamen
1335 408 1562 466 propter
1579 402 1689 450 An-

178 482 310 532 tonii
331 479 615 530 Triumviri
638 477 858 542 gloriam
885 474 1167 524 militarem
1191 479 1244 519 et
1273 468 1519 519 savorem
1548 468 1690 536 apud

177 551 395 614 milites,
417 549 697 609 concessit3
734 547 966 611 ideoque
986 546 1108 592 LuC.
1129 540 1393 590 Antonius
1413 538 1605 607 aliique
1630 556 1692 589 ex

178 620 486 672 Antonianis
508 617 758 682 designati
782 615 1072 665 diviserunt
1090 627 1241 676 agros
1263 619 1317 660 et
1342 608 1577 659 colonias
1595 608 1690 659 de-

181 692 455 741 duxerunt.
527 687 634 737 Sed
665 687 770 746 isti,
804 685 947 751 quasi
967 689 1275 748 reparantes
1299 679 1584 742 damnum,
1616 687 1691 728 at-

181 777 286 828 que
318 768 378 809 ut
415 758 675 807 maiorem
696 756 869 818 etiam,
903 769 1063 820 quam
1088 750 1421 813 Octavianus,
1454 749 1691 799 Antonio

181 830 385 896 sibique
413 827 534 894 ipsis
561 827 778 891 gratiam
813 842 840 873 a
858 822 1023 872 milite
1048 820 1403 884 conciliarent,
1428 820 1693 869 maiorem

182 900 339 949 etiam
360 897 615 947 veteranis
631 909 938 945 concessere
960 892 1228 941 licentiam
1242 891 1559 958 (Appiach,
1577 893 1691 954 14).

317 968 450 1017 Hinc
473 966 611 1015 aliud
633 963 1036 1014 lamentantium
1061 970 1115 1011 et
1135 960 1586 1028 conquerentium
1600 974 1692 1024 ge—

181 1054 280 1087 nus
302 1036 442 1103 apud
479 1036 823 1085 Octavianum
854 1033 921 1082 de
954 1032 1384 1082 Antonianorum
1418 1030 1691 1093 divisione,

181 1107 437 1174 iniquiora
456 1105 587 1154 haec
605 1122 717 1154 esse
744 1103 1034 1154 dicentium
1053 1102 1176 1169 ipsis
1200 1100 1691 1168 proscriptionibus,

183 1177 386 1240 Quibus
429 1176 521 1224 etsi
565 1192 727 1241 opem
766 1173 908 1223 ferre
950 1172 1159 1222 studuit·
1189 1172 1533 1236 Octavianus,
1579 1186 1692 1219 non

183 1247 402 1296 omnino
444 1254 622 1294 tamen
666 1245 850 1311 potuit.
944 1245 1059 1292 Iam
1101 1242 1324 1309 quidem
1358 1242 1692 1304 Octavianus,

182 1333 348 1383 quum
381 1314 585 1364 videret
618 1324 671 1364 et
691 1324 859 1363 totam
905 1312 1110 1363 Italiam
1146 1312 1347 1362 turbari
1383 1321 1437 1361 et
1470 1309 1693 1361 infestos

180 1386 276 1434 sibi
310 1384 464 1433 reddi
504 1384 747 1433 omnium
778 1384 998 1447 animos,
1037 1383 1237 1450 quippe
1268 1399 1437 1450 quum
1467 1380 1690 1431 aliorum

180 1470 330 1519 agros
361 1455 472 1521 ipse
510 1455 715 1521 eripere
751 1454 976 1503 deberet
995 1494 1007 1517 ,
1054 1462 1116 1502 ut
1143 1453 1248 1502 suis
1279 1451 1534 1502 militibus
1562 1451 1694 1502 divj-
1738 1511 1748 1517 .

182 1524 354 1585 deret,
392 1523 616 1573 aliorum
639 1525 701 1573 ab
723 1524 1036 1574 Antonianis
1058 1524 1327 1572 immunes
1350 1539 1560 1572 servare
1580 1538 1693 1571 non

181 1602 383 1660 posset,
422 1603 474 1642 et
493 1593 837 1644 nihilominus
863 1603 1083 1644 cunctos
1114 1592 1308 1643 milites
1330 1592 1427 1642 sibi
1458 1591 1556 1642 soli
1594 1592 1693 1641 01)--

182 1664 360 1727 stringi
388 1680 500 1711 non
527 1680 707 1730 posse3
740 1674 1015 1731 praeterea
1043 1680 1173 1714 vero
1197 1662 1543 1727 intelligeret,
1580 1678 1693 1711 non

183 1741 388 1782 tantum
410 1734 601 1797 gratiae
622 1734 685 1784 ab
705 1735 786 1798 iis,
812 1735 1003 1802 quibus
1028 1733 1264 1794 dederit,
1299 1741 1561 1800 quantum
1585 1732 1694 1782 odii

185 1802 249 1851 ab
280 1802 362 1865 iis,
398 1803 587 1868 quibus
634 1804 884 1871 eripuerit
919 1814 1008 1854 aut
1045 1803 1299 1854 recusarit
1320 1844 1333 1866 ,
1392 1819 1694 1869 consequu-

184 1881 389 1933 turum3
429 1888 519 1921 eos
540 1890 693 1938 ver0,
726 1875 814 1941 qui
834 1892 946 1924 non
968 1873 1415 1941 obtemperarint,
1447 1872 1605 1923 armis
1628 1872 1695 1922 ad

186 1942 481 2006 interitum,
529 1945 616 2008 qui
649 1944 862 1994 oderint
899 1954 1104 2008 autem,
1151 1943 1219 1994 ad
1259 1960 1502 1993 amorem
1537 1943 1695 1992 armis

188 2010 322 2075 adigi
344 2027 454 2059 non
473 2029 648 2077 posse3
688 2014 920 2082 denique
939 2024 1022 2079 ut,
1047 2031 1182 2081 quos
1212 2014 1499 2064 Antoniani
1517 2012 1695 2063 laesis-

187 2089 330 2139 sent,
363 2080 427 2128 ad
453 2098 508 2130 se
532 2083 853 2135 traduceret:
898 2085 961 2134 ab
982 2085 1220 2134 instituto
1243 2093 1396 2133 antea
1415 2083 1693 2150 proposito

188 2147 481 2215 paullulum
506 2151 748 2206 discessit.
793 2157 977 2222 Itaque
998 2172 1177 2221 neque
1196 2163 1506 2204 senatorum
1527 2169 1694 2218 agros,

190 2235 368 2285 neque
394 2219 679 2300 mulierum
717 2240 831 2288 eos,
871 2242 1005 2291 quos
1035 2225 1174 2274 dotis
1208 2223 1329 2274 loco
1365 2232 1693 2290 acceperant,

190 2305 367 2354 neque
401 2307 487 2355 qui
526 2292 759 2342 minores
794 2304 991 2357 essent,
1039 2311 1200 2362 quam
1227 2303 1288 2343 ut
1317 2294 1610 2361 promissae
1641 2293 1695 2342 in

192 2357 423 2421 singulos
453 2359 643 2410 milites
672 2364 1019 2428 magnitudini
1044 2363 1381 2429 sufficerent,
1433 2363 1696 2413 distribuit

193 2428 314 2490 (Dio
340 2429 473 2479 Cass
507 2431 611 2494 IIL,
646 2438 739 2496 8.);
779 2433 997 2483 Galliam
1037 2434 1355 2500 Cisalpinam
1394 2434 1695 2499 (regionem

194 2498 639 2564 Transpadanam)
667 2502 719 2550 in
748 2500 994 2553 fraudem
1025 2504 1241 2554 Antonii
1266 2502 1490 2553 liberam
1521 2502 1695 2553 decla-

192 2566 323 2614 ravit
368 2575 419 2614 et
454 2568 627 2618 Italiae
663 2570 963 2622 adscribens
995 2583 1112 2623 turn
1142 2574 1205 2623 ab
1234 2573 1395 2624 Asinii
1424 2573 1695 2637 Pollionis,

194 2633 445 2715 praefecti
479 2637 541 2684 ab
572 2642 828 2705 Antonio,
873 2652 1157 2708 potestate,
1204 2652 1321 2692 tum
1361 2643 1585 2692 omnino
1625 2659 1695 2692 ne

196 2721 278 2784 cui
300 2707 720 2757 Triumvirorum
741 2711 794 2758 in
818 2728 933 2760 eam
954 2713 1032 2761 ius
1060 2722 1210 2776 esset,
1229 2713 1531 2762 immunem
1555 2710 1695 2764 fecit.

196 2777 317 2838 (Dlo
340 2775 591 2839 CassIIL,
618 2783 691 2829 12.
713 2781 928 2845 Appian.
947 2784 1009 2845 V,
1033 2790 1112 2835 22.
1130 2782 1245 2834 coll.
1268 2789 1312 2835 3.
1348 2785 1570 2833 Factum
1589 2781 1696 2831 hoc

194 2859 381 2893 mense
399 2843 570 2909 lulio.)
618 2848 817 2907 Quibus
840 2850 1058 2915 quidem
1077 2853 1238 2902 rebus
1258 2852 1364 2902 hoc
1397 2851 1600 2917 effecit,
1636 2859 1694 2901 ut

200 2914 421 2962 Senatus
455 2915 750 2981 ceterique,
799 2919 989 2982 quibus
1018 2920 1147 2970 nihil
1181 2921 1404 2989 amplius
1437 2921 1697 2988 eripieba-
