1734 3320
123 291 228 344 454
454 290 511 340 P.
555 288 911 340 VIRGILII
945 287 1317 339 MARONIS

123 416 381 470 Inluxisse
403 416 542 483 dies,
580 416 812 467 aliumve
832 411 1082 465 habuisse
1106 423 1360 465 tenorem

128 486 495 540 Crediderim:
530 504 627 538 ver
651 485 786 536 illud
812 494 947 548 erat3
984 502 1081 535 ver
1098 501 1325 551 magnus
1351 481 1539 549 agebat

128 558 315 622 Orbis,
355 567 408 608 et
428 557 670 608 hibernis
697 555 992 624 parcebant
1015 553 1230 606 flatibus
1249 555 1407 606 Euri:

129 632 314 693 Quum
328 629 536 696 primae
550 628 731 678 lucem
745 625 983 694 pecudes
997 625 1241 689 hausere,
1254 626 1542 692 virumque
1554 628 1658 676 340

129 703 331 751 Terrea
357 699 646 768 progenies
672 697 818 748 duris
847 705 1005 764 caput
1031 696 1213 747 extulit
1238 696 1396 760 arviS,

199 797 317 847 341.
352 795 574 844 FERREA

177 934 248 970 339
273 931 420 967 hiberni
436 933 533 967 Euri
548 930 691 973 Medic„
714 929 827 963 minus
844 929 998 975 poetice.
1092 927 1164 966 340
1191 931 1277 962 Cum
1290 928 1435 976 primae
1450 926 1573 961 Heius.
1598 939 1662 961 re-

131 980 229 1026 cepit
246 993 288 1014 ex
305 980 433 1013 Medic.
460 986 497 1013 et
514 978 701 1024 permultis
714 1004 723 1020 ‚
759 977 867 1011 etiam
886 980 1046 1012 Romano
1066 989 1107 1011 ac
1124 975 1288 1010 Mediceo
1306 975 1402 1021 apud
1421 974 1585 1009 Pierium.
1611 975 1664 1020 (et

131 1029 164 1064 5.
183 1030 216 1064 7.
238 1029 292 1063 12.
310 1039 367 1071 ap.
389 1026 539 1061 Potticr.
583 1025 677 1070 Wr.)
729 1028 815 1059 Cum
843 1026 1000 1073 primum
1027 1024 1147 1069 vulgo.
1200 1025 1292 1058 Tum
1312 1025 1474 1071 primum
1495 1021 1662 1059 Arundel.

132 1076 189 1109 ed.
206 1077 296 1109 Ven.
318 1073 421 1117 1472,
445 1075 523 1107 Par.
546 1071 650 1109 1494.
701 1075 788 1106 Cum
813 1074 972 1119 primam
1000 1071 1223 1117 cantabrig„
1249 1070 1346 1117 quod
1371 1077 1409 1104 et
1433 1069 1549 1115 ipsum
1575 1069 1663 1102 ferri

131 1128 266 1168 posset.
317 1124 404 1155 Cum
431 1121 548 1154 lucem
573 1124 731 1167 primum
757 1119 894 1154 Zulich.
989 1118 1058 1155 341
1089 1121 1229 1153 Ter-rea
1247 1119 1446 1165 progenies
1475 1117 1571 1162 apud
1588 1117 1664 1150 La—

132 1169 303 1204 ctantium
327 1170 412 1202 Inst.
434 1169 476 1210 ΙΙ,
504 1170 549 1203 10
568 1168 641 1212 legi
667 1167 740 1201 iam
765 1167 903 1201 Pierius
927 1166 1076 1200 notavit.
1124 1166 1182 1201 sic
1205 1165 1335 1199 Medic.
1363 1177 1385 1199 a
1410 1178 1455 1198 m.
1477 1177 1547 1198 sec.
1574 1165 1686 1210 (ter—⁸

133 1229 199 1251 rea
218 1222 272 1250 est
292 1215 406 1249 altera
424 1215 577 1249 Medicei
597 1215 727 1256 lectio3
762 1223 887 1248 terrea
908 1213 1015 1247 etiam
1034 1215 1088 1249 11.
1115 1212 1211 1259 apud
1227 1212 1395 1253 Pottier.;
1430 1212 1556 1247 eodem
1577 1223 1665 1257 spe-

133 1270 226 1305 ctat,
261 1269 301 1296 ut
327 1263 420 1297 vidit
448 1262 619 1305 Vossius,
650 1261 866 1307 Philargyrii
889 1261 1101 1306 explicatio:
1126 1259 1253 1304 „Quia
1272 1259 1445 1294 creditum
1475 1266 1530 1293 est
1549 1258 1664 1304 primo

132 1310 295 1344 homines
320 1323 339 1344 e
363 1317 496 1344 terra
519 1316 625 1344 natos
640 1336 649 1352 ,
675 1322 696 1343 a
716 1322 784 1355 qua
804 1309 910 1343 humo
932 1308 1093 1342 homines
1115 1307 1367 1342 existimabant
1382 1306 1533 1340 dictos.“
1567 1306 1663 1350 Wr.)

132 1359 335 1392 Probarunt
362 1357 401 1391 id
427 1357 495 1391 viri
524 1357 625 1391 docti
650 1369 708 1402 ap.
727 1358 855 1398 Burm.‚
890 1363 927 1390 et
949 1355 1043 1389 inter
1069 1356 1136 1389 hos
1155 1354 1305 1389 Bentlei.
1330 1354 1375 1388 ad
1395 1355 1521 1388 Horat.
1549 1353 1665 1399 Epod.

133 1407 176 1448 ΙΙ,
204 1406 266 1446 185
290 1411 474 1450 receptum
505 1404 596 1439 adeo
629 1410 684 1438 est
712 1404 751 1437 in
785 1404 871 1437 edit.
890 1403 1119 1448 Cuningham.
1147 1404 1363 1436 Burmannus
1382 1414 1460 1435 eam
1474 1401 1667 1447 lectionem

133 1452 336 1499 impugnat,
359 1452 458 1486 forte
478 1458 599 1486 tamen
620 1451 835 1497 argumentis
864 1463 990 1496 parum
1008 1450 1159 1484 idoneis.
1208 1449 1353 1484 Scilicet
1371 1449 1467 1495 quod
1486 1448 1524 1482 in
1538 1449 1667 1494 vulga-
1707 1448 1713 1450 ”

133 1507 190 1542 ta,
215 1503 375 1542 Ferrea,
412 1499 677 1545 reprehendere
703 1498 840 1545 possis,
865 1505 920 1533 est
948 1498 1037 1540 hoc,
1071 1498 1168 1543 quod
1194 1497 1238 1531 ab
1270 1497 1306 1530 h.
1332 1496 1376 1538 1.,
1408 1496 1469 1529 ubi
1486 1496 1531 1530 de
1552 1496 1667 1542 prima

134 1547 317 1581 hominum
334 1546 468 1593 stirpe,
503 1547 665 1592 adeoque
683 1546 727 1580 de
750 1559 856 1581 aurea
880 1552 998 1580 aetate
1031 1545 1169 1591 agitur,
1204 1544 1320 1579 aliena
1336 1550 1411 1586 est,
1447 1550 1483 1577 et
1499 1544 1545 1578 ad
1564 1549 1668 1578 aeta-

134 1601 208 1628 tem
227 1594 399 1628 seriorem
414 1621 422 1636 ,
447 1595 602 1628 ferream
621 1594 771 1636 dictam,
796 1599 938 1638 spectat
955 1605 1051 1640 gens
1060 1591 1215 1639 ferrea,
1251 1587 1443 1636 σιδήρειον
1461 1588 1571 1636 γένος
1589 1592 1668 1624 He·-

136 1641 250 1685 siodi,
277 1654 387 1687 genus
406 1641 588 1675 hominum
604 1642 777 1675 ferreum:
803 1641 849 1675 ad
878 1640 975 1675 cuius
1001 1639 1238 1674 imitationem
1258 1638 1391 1672 dictum
1417 1645 1472 1672 est
1491 1638 1536 1672 de
1555 1641 1669 1684 Spar-

136 1689 184 1723 tis
203 1689 240 1722 in
258 1689 409 1724 Boeotia
432 1696 492 1723 aut
510 1689 547 1722 in
568 1688 740 1722 Colchide
754 1715 763 1731 ,
797 1688 861 1734 'qui
883 1701 960 1722 cum
985 1687 1089 1721 armis
1120 1699 1162 1720 ex
1181 1693 1279 1720 terra
1297 1685 1367 1719 orti
1395 1692 1495 1727 sunt5
1521 1685 1668 1731 proprie

136 1737 292 1778 diceres,
326 1736 436 1770 fuisse
457 1748 533 1770 eam
555 1735 723 1783 ferream
745 1737 974 1782 progeniem.
1021 1734 1134 1779 Igitur
1165 1745 1256 1768 nunc
1277 1733 1323 1766 ad
1349 1745 1428 1766 eum
1448 1745 1588 1767 sensum
1605 1745 1669 1767 re-

137 1784 367 1826 currendum,
391 1782 610 1830 utferreum
633 1782 775 1816 omnino
795 1783 842 1816 sit
862 1783 1002 1815 durum:
1042 1794 1118 1815 cum
1136 1792 1275 1827 quoque
1296 1780 1447 1814 alterum
1467 1780 1670 1815 adiunctum

137 1831 209 1874 sit,
233 1831 340 1865 duris
362 1832 476 1865 arvis.
525 1829 695 1863 Defendit
723 1830 901 1874 vulgatam
930 1829 1037 1863 etiam
1057 1830 1171 1862 Burm.
1194 1827 1374 1862 Secundus
1402 1827 1447 1861 ad
1473 1828 1668 1873 Antholog.

136 1879 216 1912 Lat.
239 1890 274 1923 p.
300 1878 378 1913 166.
426 1878 559 1911 Fateor
581 1883 700 1910 tamen
718 1877 775 1910 vel
803 1877 853 1910 sic
873 1889 929 1909 me
955 1876 1196 1921 praelaturum
1226 1874 1336 1908 fuisse
1366 1876 1523 1918 Ter-rea,
1559 1876 1668 1909 modo

138 1926 184 1959 de
204 1936 268 1958 usu
285 1925 383 1959 vocis
402 1924 491 1957 mihi
512 1924 635 1957 melius
658 1930 858 1964 constaret;
890 1936 992 1966 nam,
1022 1923 1119 1968 quod
1149 1924 1375 1969 Terrigenas
1402 1922 1571 1956 Lucretio
1599 1922 1671 1957 dici

138 1972 211 2014 ais,
236 1971 391 2005 nondum
419 1971 610 2013 satisfacit,
635 1978 676 2003 ut
707 1978 743 2004 et
773 1979 896 2004 terrea
917 1972 1118 2017 progenies
1145 1969 1299 2010 dicatur3
1335 1980 1401 2002 nec
1428 1970 1619 2004 auctoritas
1651 1982 1670 2003 e

140 2018 333 2053 Columella
353 2025 428 2061 est,
461 2027 621 2052 terreum
647 2018 717 2051 dici
739 2030 805 2063 pro
825 2024 1016 2051 terrenum.
1053 2016 1317 2063 (auctoritatem
1342 2015 1533 2050 conciliant
1559 2029 1671 2051 voca-

140 2066 226 2101 bulo
247 2074 393 2100 terreus
410 2066 569 2100 Oudend.
592 2065 637 2099 ad
655 2066 816 2099 Frontin.
836 2066 898 2108 VI,
925 2067 956 2106 1,
981 2065 1039 2100 31.
1059 2077 1079 2099 a
1098 2066 1298 2098 Burmanno
1310 2089 1320 2106 ,
1346 2069 1383 2096 et
1400 2062 1495 2097 idem
1516 2065 1562 2098 ad
1579 2067 1671 2098 Sue-

141 2121 213 2148 ton.
235 2112 345 2158 Calig.
368 2114 422 2149 19.
446 2120 481 2147 et
499 2112 766 2151 Tzschuckad
788 2114 910 2158 Pomp.
927 2112 1011 2146 Mel.
1030 2114 1057 2154 Ι,
1082 2113 1115 2155 9,
1141 2111 1174 2148 4.
1196 2123 1217 2145 a
1234 2109 1357 2144 Iahnio
1377 2109 1525 2145 laudati.
1574 2114 1671 2145 Ter-

141 2173 207 2195 rea
224 2160 260 2194 h.
283 2160 308 2194 l.
328 2166 540 2195 revocarunt
567 2159 715 2195 Vossius
737 2167 772 2194 et
790 2159 952 2203 Iahnius,
986 2171 1075 2206 quos
1097 2158 1297 2205 sequendos
1328 2156 1534 2192 existimavi.
1574 2158 1671 2204 Wr.)

140 2209 252 2242 Porro
281 2208 416 2241 durum
446 2216 560 2255 caput
586 2208 716 2241 Moret.
739 2219 797 2254 qu.
822 2206 932 2242 Goth.
961 2219 1040 2252 pr.;
1075 2214 1111 2242 et
1129 2207 1179 2241 sic
1199 2212 1286 2241 vett.
1307 2204 1387 2239 edd.
1410 2206 1506 2250 apud
1527 2206 1671 2241 Martin-

143 2257 247 2302 agris
265 2255 389 2290 Franc.
439 2256 552 2289 armis
573 2254 711 2289 Bodlei-

143 2380 238 2413 ante
254 2373 464 2413 Maronem
481 2373 625 2425 aliquis
645 2373 705 2412 ita
723 2379 882 2417 statue-

142 2433 219 2481 rit,
249 2432 411 2482 nescio;
450 2432 588 2484 potuit
615 2438 738 2483 poeta
764 2432 808 2470 in
828 2431 882 2470 il-

143 2490 218 2530 lud
247 2490 488 2543 phantasma
521 2490 698 2528 incidere
721 2520 732 2539 ‚
782 2489 883 2528 dum

144 2562 286 2588 versus
319 2547 579 2586 Lucretianos
616 2560 882 2600 recognosce—

144 2607 217 2645 bat
250 2607 298 2656 V,
328 2608 413 2648 778
434 2619 542 2658 seqq.
594 2605 720 2654 Quod
736 2612 881 2658 poetae

145 2664 295 2717 fingere
322 2664 458 2702 licuit:
497 2663 578 2702 hoc
603 2664 670 2702 alii
698 2664 882 2716 disputa-

146 2722 266 2762 tionis
301 2721 550 2774 theologicae
590 2728 714 2774 caput
750 2722 882 2760 facere

148 2781 234 2820 ausi
253 2785 372 2829 sunt,
404 2793 504 2818 num
526 2792 624 2819 vere
650 2793 703 2817 an
732 2786 881 2818 auctu-

148 2853 245 2878 mno
271 2837 449 2877 mundus
481 2836 697 2876 exordium
724 2836 883 2876 habue-

148 2898 215 2937 rit.
274 2896 377 2936 Vide
397 2909 437 2936 v.
460 2909 494 2934 c.
517 2895 687 2934 Simson.
707 2894 884 2933 Chroni-

150 2970 228 2995 con
255 2969 318 3008 pr.
356 2953 488 2993 Multa
518 2953 647 2991 Cerda
678 2959 720 2991 et
743 2953 810 2991 alii
832 2952 884 2991 ad

148 3013 191 3053 h.
211 3014 238 3053 l.
269 3013 466 3062 afferunt,
507 3024 610 3063 quae
633 3010 685 3049 ad
715 3011 885 3050 alteram

150 3071 417 3125 vulgatiorem
435 3075 620 3123 spectant
641 3069 884 3122 opinionem,

939 2371 1014 2411 etsi
1033 2384 1126 2410 cum
1144 2371 1214 2410 illa
1231 2370 1369 2424 priore
1390 2371 1671 2411 coniunctam:

936 2430 1070 2484 prima
1098 2429 1243 2469 mundi
1268 2435 1400 2468 aetate
1428 2436 1674 2483 perpetuum

938 2502 1012 2528 ver
1031 2488 1241 2527 affulsisse:
1271 2487 1382 2526 unde
1401 2488 1511 2526 nasci
1531 2488 1673 2527 debuit

936 2546 1180 2599 phantasma
1197 2545 1395 2598 paradisi,
1427 2546 1571 2585 aetatis
1596 2560 1673 2585 au·-

938 2618 1051 2654 reae‚
1092 2603 1243 2656 vigoris
1274 2602 1488 2642 hominum
1529 2618 1673 2643 recen-

938 2662 1042 2701 tium
1059 2661 1246 2701 iuvenilis
1257 2691 1268 2711 ‚
1300 2667 1339 2699 et
1357 2674 1460 2713 quae
1477 2662 1555 2701 alia
1577 2668 1675 2702 sunt

939 2720 1002 2759 his
1021 2720 1176 2758 similia.
1197 2721 1403 2758 crescentis
1419 2721 1576 2771 mundi,
1597 2735 1673 2774 pro

939 2778 1121 2830 vulgari,
1153 2778 1363 2816 nascentis.
1434 2781 1530 2821 337.
1561 2787 1673 2817 teno-

940 2850 1023 2874 rem
1048 2850 1124 2888 pro
1153 2842 1393 2888 tempestate
1422 2836 1548 2887 dixit,
1581 2851 1674 2876 cum

939 2893 1126 2946 proprie,
1156 2893 1190 2932 si
1207 2893 1259 2932 ad
1279 2900 1438 2948 tempus
1457 2895 1672 2945 reseratur,

942 2952 994 2990 sit
1021 2950 1273 2990 continuatio
1305 2953 1439 3004 aliqua
1466 2953 1672 3006 temporiS‚

941 3022 1066 3061 eaque
1084 3010 1312 3061 aequabilis.
1359 3011 1451 3050 Non
1471 3011 1588 3051 aliam
1603 3024 1673 3050 re-

940 3081 1034 3107 rum
1070 3068 1366 3120 conditionem,
1425 3069 1538 3109 aliud
1581 3075 1673 3109 tum
1727 3121 1734 3127 ἡ
