1768 3320
175 220 241 267 68

508 214 563 262 Ρ.
599 208 948 262 VIRGILII
991 201 1361 255 MARONIS

175 343 288 391 Nec
313 337 451 388 mala
476 338 633 388 vicini
660 334 870 403 pecoris
899 330 1136 394 contagia
1153 327 1398 379 laedent.-

177 413 470 462 Fortunate
489 423 672 471 senex,
707 405 795 454 hic
814 405 953 454 inter
969 399 1190 449 flumina
1209 406 1337 447 nota

225 527 267 562 51
294 526 380 560 Non
398 523 697 566 Schol.1uven.11,
716 521 772 557 81.

180 583 243 608 ινα
259 573 366 608 Goth.
385 584 454 606 sec.

182 668 272 706 cula
289 666 355 704 hie
375 680 432 705 vs,
453 665 519 708 52.
557 664 608 702 Et
628 675 753 714 quum
773 673 793 697 e
815 659 909 699 vul-

181 725 265 778 gari
289 723 444 762 ratione
477 721 606 774 oratio
640 720 695 758 sic
719 724 820 756 esset
843 717 910 755 in·-

183 781 407 821 stituenda:
436 779 526 819 Non
551 785 598 816 tu
614 777 779 815 exulans
796 789 818 812 a
835 788 910 827 pa·-

188 847 301 879 terno
328 851 424 879 rure
457 836 579 889 gregis
605 835 666 874 tui
695 833 911 887 perniciem

183 897 337 938 videbis
347 911 358 947 ;
378 895 447 934 sed
463 895 529 933 hic
539 893 619 932 tuis
635 891 779 931 frueris
799 904 911 929 com-

184 955 313 996 modis
341 966 520 992 securus:
557 950 713 1003 poetica
738 955 779 987 et
796 949 839 988 vi
870 953 912 987 et

187 1013 299 1065 copia
315 1012 373 1050 ita
391 1009 594 1061 insigniter
614 1007 714 1046 haec
735 1007 913 1045 adorna-

186 1071 247 1110 vit
265 1068 470 1121 Virgilius,
511 1073 559 1105 ut
588 1066 700 1105 locus
720 1064 808 1115 hio,
846 1070 912 1103 te-

189 1128 349 1167 nerrimi
377 1126 538 1164 affectus
568 1123 838 1176 plenissimuS,
869 1122 912 1160 in

187 1185 321 1239 paucis
359 1183 491 1222 suavis
522 1183 574 1220 sit
618 1196 664 1220 ac
697 1180 912 1219 iucundus.

188 1244 293 1283 Hinc
333 1242 451 1280 etiam
482 1245 618 1293 patet,
683 1245 792 1278 recte
820 1244 914 1291 post

187 1314 246 1340 vs.
290 1299 357 1341 49.
408 1304 605 1351 punctum
643 1297 750 1350 poni.
823 1295 913 1336 Vid.

188 1358 308 1396 etiam
329 1356 437 1396 Voss.
502 1352 619 1409 lVr.)

245 1415 312 1457 52.
353 1414 546 1452 Flumina
569 1420 664 1450 nola
683 1411 853 1450 Mincius
875 1416 916 1449 et

187 1472 338 1522 Padus3
362 1485 533 1523 quorum
546 1476 782 1524 prospectus
801 1482 852 1507 ex
869 1482 915 1508 eo

187 1530 276 1570 loco
305 1543 387 1568 esse
406 1528 557 1582 potuit:
599 1528 731 1567 nescio
762 1528 917 1577 saltem,

190 1602 242 1627 an
276 1588 326 1625 de
356 1587 437 1625 situ
455 1585 604 1625 horum
628 1600 836 1638 agrorum,
868 1586 917 1624 de

191 1646 336 1696 quibus
364 1643 432 1682 hie
452 1644 593 1695 agitur,
623 1644 717 1681 satis
739 1649 894 1682 constet
907 1658 918 1694 3

191 1702 371 1751 Mincius,
391 1715 442 1739 ex
460 1701 551 1740 lacu
561 1702 715 1739 Benaco
733 1702 803 1740 ubi
815 1716 914 1754 pro-

194 1760 320 1809 cessit,
352 1773 434 1798 non
450 1760 566 1810 longe
586 1773 607 1796 a
623 1759 790 1798 Mantua
805 1760 915 1799 lacus

193 1817 242 1857 fit
263 1817 469 1868 quinquies
490 1817 595 1855 mille
605 1831 917 1869 passuum,mox

195 1875 443 1926 aliquantum
471 1888 699 1927 progressus
728 1875 837 1914 Pado
877 1889 918 1914 se

193 1933 332 1984 iungit,
390 1931 592 1971 Iucundus
624 1947 720 1972 vero
744 1934 809 1972 ille
828 1940 918 1971 tra-

195 1996 284 2029 ctus
310 1995 350 2027 et
375 1989 503 2028 bonus
521 1991 686 2042 pascuis.
716 2005 755 2030 v.
776 1992 917 2045 Georg.

195 2047 251 2097 H,
297 2049 389 2089 198.
422 2050 514 2089 199.
571 2047 633 2086 Ab
671 2049 754 2087 aliis
781 2055 918 2089 tamen

195 2104 362 2143 flumina
403 2104 452 2142 de
493 2107 778 2158 campestribus
820 2108 919 2148 rivis

195 2162 309 2200 istius
323 2162 400 2200 loci
415 2163 539 2214 accipi
553 2164 681 2204 video.
741 2166 919 2205 Subiun-

196 2225 348 2272 guntur
370 2233 462 2258 sane
476 2221 637 2272 jbtztes;
683 2222 832 2262 durum
852 2230 919 2262 ta-

197 2275 290 2315 men
311 2277 435 2315 altera
457 2291 506 2316 ex
521 2285 657 2330 parte,
693 2280 737 2325 ,in
758 2282 918 2334 regione

196 2334 305 2373 intra
314 2334 466 2373 Padum
486 2337 721 2376 etMincium
739 2339 814 2377 sita
821 2341 917 2391 fla-

198 2394 310 2430 mina
344 2393 377 2430 si
404 2401 694 2445 memorentur,
743 2396 793 2434 de
820 2398 918 2437 rivis

198 2449 343 2501 potiuS,
365 2463 484 2501 quam
501 2451 550 2489 de
567 2452 642 2491 illis
659 2454 820 2506 proprie
835 2455 917 2494 flu-

197 2507 370 2545 minibus
398 2507 512 2546 djctis
541 2522 622 2547 esse
648 2511 917 2562 cogitandum.

201 2561 455 2617 (Flumina
479 2573 610 2616 nota,
641 2581 691 2606 ex
706 2576 918 2621 poetarum

197 2621 387 2673 loquendi·
421 2624 595 2673 ratione,
644 2639 725 2664 non
750 2635 919 2679 possunt

197 2691 279 2717 esse
302 2679 399 2729 alia,
437 2694 556 2731 quam
585 2682 637 2719 ad
656 2697 757 2734 quae
782 2686 919 2724 venire

197 2737 382 2789 Tityrus,
422 2738 474 2776 ad
502 2752 601 2790 quae
627 2753 782 2791 gregem
808 2757 920 2781 com-

195 2794 342 2847 pellere
358 2793 522 2846 solebat,
532 2810 625 2845 non,
640 2798 691 2836 ad
704 2813 804 2849 quae
820 2814 919 2852 pro-

196 2858 355 2905 spectus
371 2858 532 2892 tantum
551 2861 662 2906 patet
673 2870 683 2904 ;
703 2864 918 2897 consuetu—

196 2908 299 2948 dinis
331 2910 436 2948 enim
478 2912 776 2964 frequentisque
809 2928 917 2965 ηεαδ,

194 2973 315 3019 atque
338 2968 434 3007 inde
463 2975 575 3008 ortae
594 2970 794 3020 caritatis,
841 2986 918 3011 no·-

843 519 902 554 Ne
923 517 1022 552 mala
1032 535 1076 543 —
1087 514 1242 550 laedant
1257 512 1406 558 Charis,
1423 512 1526 548 male.
1582 511 1630 548 52
1639 512 1701 547 in—

967 658 1120 697 tionem
1146 657 1320 696 sustinet
1339 655 1420 697 hoc
1442 654 1700 704 vocabulum,

967 723 1015 755 ut
1030 715 1128 754 Aen.
1145 716 1199 766 Π,
1229 715 1348 758 256.;
1379 713 1551 765 „Litora
1576 719 1702 752 nota

967 775 1154 827 petens.“
1212 773 1284 823 III,
1317 773 1431 815 657.:
1471 771 1613 822 „inter
1628 783 1702 822 pe-

969 832 1091 870 cudes
1109 844 1149 869 se
1165 836 1397 870 moventem
1405 830 1613 869 Pastorem
1621 828 1702 867 Po—

968 889 1206 943 lyphemum
1218 895 1259 928 et
1272 889 1396 927 litora
1413 902 1475 928 no
1486 893 1539 927 ta
1556 893 1702 940 peten-

966 954 1062 987 tem.
1081 949 1105 969 “
1162 947 1251 998 VH,
1284 946 1399 990 500.:
1435 945 1703 998 „quadrupes

968 1012 1095 1045 nota
1123 1005 1234 1044 intra
1258 1010 1369 1044 tecta
1392 1003 1551 1056 refugit.
1563 1005 1588 1026 “
1632 1003 1702 1040 Ge.

968 1064 1006 1114 I,
1046 1066 1162 1106 363:
1227 1068 1497 1116 „notasque
1536 1060 1704 1114 paludes

970 1121 1125 1160 Deserit
1141 1143 1200 1151 --
1225 1121 1358 1160 ardea.
1369 1123 1393 1143 “
1451 1119 1569 1159 Subit
1583 1119 1705 1158 etiam

970 1180 1231 1219 Homericum
1271 1178 1377 1218 illud
1420 1175 1543 1231 ἤθεα.
1622 1177 1703 1216 Csr.

970 1244 1181 1291 praeterea
1198 1237 1297 1276 Aen.
1315 1237 1371 1287 11,
1402 1235 1518 1278 401.:
1548 1237 1704 1286 „Scan-

974 1297 1079 1335 dunt
1115 1309 1256 1335 rursus
1301 1308 1450 1346 equum
1488 1300 1529 1333 et
1579 1299 1705 1335 nota

976 1354 1213 1393 conduntur
1241 1353 1285 1392 in
1304 1353 1407 1392 alvo.
1421 1353 1446 1374 “
1476 1351 1552 1402 VI,
1586 1350 1703 1394 689:

973 1413 1139 1463 „Datur
1166 1425 1238 1451 ora
1251 1410 1379 1461 tueri,
1409 1409 1531 1460 Nate,
1563 1415 1637 1448 tua
1663 1414 1706 1447 et

973 1476 1064 1510 not
1077 1484 1124 1508 as
1142 1469 1282 1508 audire
1301 1475 1342 1508 et
1358 1468 1530 1507 reddere
1545 1469 1705 1507 voces.“

973 1528 1065 1568 Vid.
1107 1528 1212 1580 Eleg.
1249 1527 1301 1566 ad
1327 1526 1483 1566 Messal.
1514 1540 1602 1579 pag.
1634 1528 1703 1567 22.

973 1587 1057 1625 Iam
1075 1599 1174 1626 vero
1201 1585 1274 1625 vix
1291 1585 1456 1625 videtur
1475 1584 1510 1623 is
1523 1584 1621 1622 situs
1640 1583 1705 1622 lo-

975 1658 1117 1683 corum
1144 1643 1286 1693 fuisse,
1330 1649 1383 1682 ut
1407 1642 1559 1694 Virgilii
1583 1654 1705 1694 prae-

975 1703 1088 1742 dium
1121 1701 1174 1740 ad
1211 1700 1459 1740 confluentes
1482 1699 1629 1754 kMincii
1663 1704 1706 1737 et

974 1761 1074 1800 Padi
1101 1772 1292 1812 quaerere
1319 1759 1450 1798 liceat.
1518 1757 1574 1797 At
1599 1757 1705 1796 enim

976 1818 1076 1870 quid
1092 1818 1280 1870 impedit,
1311 1815 1525 1868 quominus
1553 1815 1603 1854 de
1620 1829 1704 1855 uno

975 1876 1122 1916 Mincio
1150 1876 1261 1927 loqui
1284 1880 1448 1928 poetam
1471 1873 1705 1913 existimes?

975 1935 1041 1973 Sic
1076 1934 1293 1974 flumina
1337 1932 1388 1972 de
1422 1946 1506 1971 uno
1538 1931 1706 1971 flumine

974 1992 1122 2046 passim
1148 1991 1258 2044 apud
1281 1989 1489 2044 Virgilium
1501 2005 1512 2041 3
1540 1995 1590 2028 ut
1607 1990 1705 2042 flu,-

975 2053 1088 2088 mina
1104 2047 1588 2097 ThermodontisAen.XI‚
1608 2047 1704 2090 659.

974 2108 1106 2147 Hebri
1129 2108 1225 2157 XII,
1265 2109 1362 2149 331.
1401 2106 1538 2145 adhuc
1562 2107 1705 2157 ignota

970 2166 1368 2218 precaturflumim,
1398 2170 1500 2217 puta
1515 2163 1703 2213 Tiberim,

976 2225 1066 2274 VII,
1122 2226 1215 2265 138.
1274 2223 1354 2261 Sed
1379 2228 1499 2275 negat
1529 2220 1704 2271 Vossius,

975 2282 1170 2320 Mincium
1194 2280 1426 2333 significari,
1477 2280 1547 2332 qui
1570 2279 1705 2318 lacum

974 2340 1030 2379 ibi
1045 2339 1212 2388 efficiat,
1241 2352 1263 2376 a
1281 2353 1361 2390 quo
1390 2337 1608 2377 abhorreat
1622 2337 1705 2376 ssu-

975 2398 1092 2436 minis
1111 2397 1367 2437 vocabulum.
1386 2395 1442 2436 At
1459 2402 1567 2435 certe
1581 2394 1706 2449 ipsius

975 2456 1111 2495 Mincii
1135 2468 1285 2494 nomen
1308 2455 1414 2494 infra
1447 2454 1595 2506 legitur
1621 2453 1705 2492 Ecl.

975 2514 1058 2564 VII,
1082 2516 1146 2556 13.
1156 2528 1166 2564 3
1196 2519 1285 2552 tum
1302 2527 1387 2552 non
1403 2513 1462 2552 ita
1478 2517 1638 2551 constat
1655 2510 1705 2549 de

977 2586 1166 2624 agrorum
1177 2571 1312 2623 Virgil.
1332 2571 1424 2620 situ,
1453 2576 1502 2609 ut
1518 2583 1594 2623 pro
1613 2581 1704 2608 cer-

974 2636 1019 2668 to
1045 2629 1149 2668 illud
1185 2629 1384 2667 affirmare
1410 2629 1546 2677 liceat,
1595 2626 1705 2679 quod

977 2687 1186 2726 contendit
1202 2686 1377 2726 Vossius.
1413 2685 1494 2724 Sed
1509 2691 1560 2725 ut
1576 2685 1705 2724 fatea-

976 2759 1089 2795 mur,
1129 2745 1285 2784 incerta
1308 2743 1408 2782 haec
1424 2757 1528 2793 esse,
1567 2748 1706 2782 manet

975 2809 1112 2842 tamen
1142 2802 1375 2852 difficultas,
1416 2801 1469 2840 ad
1488 2815 1609 2853 quam
1625 2800 1704 2839 mi-

975 2860 1075 2899 reris
1113 2860 1311 2898 neminem
1344 2860 1615 2912 interpretum
1641 2858 1705 2896 os·-

975 2918 1157 2957 fendisse.
1215 2918 1326 2967 Quid
1343 2918 1449 2956 enim
1467 2916 1562 2956 hoc:
1593 2915 1705 2966 „sri—

975 2988 1046 3026 gus
1073 2982 1236 3028 captare
1274 2976 1412 3015 inter
1448 2974 1616 3014 flumina
1656 2978 1704 3011 et
