1768 3320
162 237 260 284 198
479 232 536 282 P.
590 230 954 281 VIRGILII
1000 225 1376 277 MARONIS

160 373 207 410 T.
242 357 341 407 Hic
359 353 540 420 soem,
580 364 634 406 et
655 355 844 405 taedae
871 353 1121 420 pingues,
1157 350 1246 400 hic
1269 350 1538 418 plurimus
1556 352 1690 418 ignis
1742 411 1744 414 f

162 429 419 494 Semper,
460 435 512 476 et
538 425 756 476 adsidua
778 433 959 491 postes
983 419 1210 485 fuligine
1232 421 1382 486 nigri.
1621 425 1689 475 50

159 498 259 548 Hic
284 506 494 546 tantum
514 498 721 546 Boreae
747 508 993 545 curamus
1014 488 1238 556 frigora,
1287 499 1551 558 quantum

161 571 267 619 Aut
285 584 580 617 numerum
608 567 790 632 lupus,
830 572 919 614 aut
940 561 1200 611 torrentia
1220 559 1446 611 flumina
1464 561 1619 629 ripas,

234 654 277 690 c,
316 639 468 687 Stant
494 646 546 687 et
574 635 828 702 iuniperi,
868 641 921 682 et
945 639 1220 681 castaneae
1240 631 1505 693 hirsutae3

208 778 254 816 49
280 787 317 813 et
332 779 516 825 plurimus
536 777 676 821 Menag.
701 787 755 820 pr.
805 775 871 820 (De
894 772 1015 818 positu
1035 770 1196 806 adverbii
1214 783 1356 818 semper
1379 770 1450 806 vid.
1468 771 1626 806 Huschk.
1646 773 1693 807 ad

163 826 296 861 Tibull.
314 827 373 868 111,
399 828 428 867 1,
446 825 478 859 2.
496 824 605 867 'Wr.)
682 824 727 858 51
756 823 855 856 Hinc
875 829 1021 854 tantam
1039 819 1152 854 Servii
1172 825 1336 864 tempore
1355 818 1544 853 nonnullos
1562 819 1692 866 legisse

164 874 311 918 colligas
343 885 361 906 e
388 870 526 905 scholio
560 871 604 904 ad
630 882 662 903 v.
686 867 745 905 49.
840 869 887 904 53
911 869 1012 901 Hunc
1035 879 1174 901 versum
1200 866 1364 911 sequenti
1388 866 1531 900 subiicit
1559 867 1693 901 Moreti

164 928 277 967 quart.
326 923 372 954 At
395 920 519 952 doctus
538 918 743 958 Britannus,
770 915 828 961 qui
849 927 931 949 mox
952 914 1147 959 Corydonis
1171 912 1317 947 amicam
1335 912 1537 958 Phyllidem
1555 914 1694 949 laudari

163 968 371 1003 meminerat
392 979 422 999 v.
441 966 486 1001 63
499 991 508 1007 ‚
540 977 584 998 ne
602 976 693 998 nunc
714 963 783 1008 ipsi
809 963 920 997 amica
943 961 1114 1007 eripiatur
1133 973 1153 994 a
1173 960 1354 1006 Thyrside
1374 972 1408 994 v.
1428 960 1475 996 59
1488 987 1497 1003 ,
1530 973 1692 996 versuum

164 1015 325 1050 ordinem
342 1013 499 1046 mutabat
511 1038 519 1053 ‚
551 1018 587 1045 et
607 1018 690 1056 post
717 1023 750 1044 v.
770 1011 817 1053 52
846 1009 1057 1043 subiiciebat
1077 1007 1315 1041 tetrastichon
1334 1007 1495 1044 57—60
1524 1015 1560 1042 et
1576 1009 1694 1055 Cory..

164 1062 251 1096 doni
271 1061 471 1100 asserebat3
497 1059 645 1092 alterum
664 1069 769 1091 vero:
796 1060 908 1092 Stant
926 1065 963 1090 et
978 1057 1148 1110 iuniperi,
1171 1054 1356 1100 Thyrsidi.
1390 1056 1444 1088 Ita
1462 1067 1548 1089 vero
1569 1056 1694 1102 Thyr-

165 1109 219 1143 sin
241 1115 339 1142 tanto
359 1106 578 1140 manifestius
596 1105 854 1139 inconstantiae
875 1116 975 1137 reum
992 1103 1080 1136 faeit
1091 1129 1099 1145 ,
1126 1101 1186 1147 qui
1203 1101 1298 1136 intra
1317 1113 1450 1147 paucos
1466 1114 1587 1137 versus
1604 1103 1694 1138 Ale-

164 1156 255 1191 xidis
278 1162 314 1188 et
334 1153 490 1199 Lycidae
508 1165 662 1187 amorem
685 1152 885 1198 profitetur.
934 1149 1081 1185 Scilicet
1099 1148 1260 1194 fugiebat
1278 1149 1391 1183 virum
1410 1148 1572 1194 doctum,
1598 1151 1695 1197 quod

165 1216 272 1249 supra
289 1201 495 1242 monuimus,
518 1213 591 1234 non
611 1212 653 1233 ex
678 1211 917 1245 sua‘persona
937 1204 1100 1243 pastores
1123 1197 1219 1250 haee
1241 1208 1392 1250 camere,-
1405 1196 1469 1251 sed
1490 1209 1567 1231 esse
1586 1210 1695 1243 parva

166 1250 320 1285 carmina
347 1249 384 1281 in
410 1248 563 1281 medium
592 1247 711 1281 allata.
762 1247 813 1292 (si
842 1246 926 1292 quid
953 1251 1123 1280 mutatum
1148 1243 1259 1286 vehs,
1294 1254 1500 1277 concinnior
1527 1245 1696 1279 existeret

166 1298 267 1339 ordo,
286 1297 317 1330 si
338 1295 548 1329 tetrasticha
562 1294 733 1331 53—56.
755 1301 791 1328 et
810 1294 993 1335 65—68.‚
1016 1298 1092 1325 tum
1110 1290 1280 1345 57·—6o.
1301 1297 1338 1324 et
1360 1290 1528 1328 61—64.
1545 1292 1615 1326 sibi
1632 1305 1695 1326 re-

165 1344 392 1389 sponderent.
448 1343 553 1384 Quod
577 1355 638 1376 cur
665 1348 841 1385 statuam,
873 1340 979 1374 facile
1008 1338 1233 1383 intelligitur.
1289 1339 1423 1372 Verum
1451 1350 1499 1373 ne.
1527 1339 1694 1374 continuo

166 1390 431 1436 transponenda
446 1389 662 1433 iudicemus,
687 1396 786 1424 vetat
804 1389 942 1435 reliqua
963 1385 1215 1432 oppositorum
1232 1385 1338 1419 ratio.
1370 1385 1468 1431 W’r.)

166 1510 250 1549 corz·
266 1508 479 1561 defendite,
500 1507 542 1547 h.
554 1508 732 1548 calorem
754 1522 801 1547 ac
814 1508 899 1548 vim

167 1567 260 1606 solis
298 1567 342 1605 in
380 1566 551 1605 solstitio
590 1567 825 1617 constituti,
868 1581 898 1605 s.

168 1624 399 1677 simpliciter
414 1655 424 1675 ‚
473 1624 615 1664 aestivi
636 1655 646 1675 ‚
696 1640 719 1664 a
753 1638 900 1678 pecore

167 1682 395 1737 prohibete.
438 1682 582 1722 Horat.
625 1683 701 1723 Od.
733 1684 769 1734 l,'
785 1686 851 1733 17,
872 1686 897 1725 3

170 1743 341 1781 Faunus
369 1742 534 1792 igneam
562 1741 743 1794 defendit
762 1750 900 1780 aesta-

171 1808 251 1838 tem
279 1799 447 1850 capellis
473 1805 547 1837 etc.
580 1800 659 1839 Cic.
691 1801 777 1839 Cat.
808 1799 902 1839 mai.

172 1857 227 1901 53
247 1871 328 1896 uva
344 1859 485 1896 vestita
496 1860 711 1909 pampinis
726 1873 797 1896 nec·
813 1872 903 1896 mo-

172 1915 262 1953 dico
281 1923 412 1965 tepore
430 1923 537 1953 caret
550 1945 560 1966 ,
595 1924 632 1954 et
647 1918 793 1954 nimios
810 1917 906 1955 solis

173 1972 351 2025 defendit
393 1973 563 2012 ardores.
629 1974 695 2013 Sic
738 1971 877 2029 ἀρκεῖν
891 2006 903 2023 ,

174 2030 363 2083 ἐπαρκεῖν
385 2060 396 2080 ,
457 2028 630 2082 ἀμύνειν
651 2062 662 2082 ,
723 2029 878 2083 ἀλέξειν
893 2063 904 2082 ,

175 2084 375 2129 eil-cimem-
434 2088 532 2127 Mox
563 2103 603 2129 v.
632 2089 688 2132 48
730 2100 902 2142 turgere,

175 2143 312 2202 ὀργᾷν.
355 2145 603 2201 Ornamenta
621 2147 742 2187 huius
763 2163 906 2188 versus

176 2203 294 2243 avide
314 2211 475 2257 arrepta
496 2212 591 2246 sunt
625 2207 674 2245 ab
699 2208 784 2246 aliis
805 2220 907 2260 poe-

175 2262 248 2312 tis,
279 2262 424 2302 Ovidio
446 2269 487 2301 et
507 2264 555 2303 al.

234 2317 302 2362 49.
341 2321 482 2359 taedae
502 2352 512 2371 ,
549 2322 655 2374 ligna
676 2354 687 2373 ‚
734 2336 756 2361 e
782 2323 908 2376 picea,

163 2390 250 2416 ⁴seu.
276 2377 386 2430 pinu,
450 2379 597 2419 Versus
643 2394 694 2420 ex
737 2381 908 2421 Theocr.

177 2435 250 2485 XI,
273 2435 341 2478 51.
401 2436 469 2478 50.
493 2447 629 2488 postes
635 2440 822 2492 ficligine
839 2441 908 2478 ni-

175 2494 269 2546 gri,
312 2500 456 2546 utpote
478 2495 521 2534 in
547 2510 725 2549 paupere
743 2498 906 2549 tugurio

180 2550 265 2589 sine
283 2550 529 2609 καπνοδόκῃ.
593 2555 660 2597 51.
690 2556 753 2594 Ex
772 2555 907 2594 Theo-

181 2608 422 2659 crit.Id.IX,
446 2613 510 2652 12.
532 2614 583 2653 13
604 2618 645 2651 et
668 2616 733 2655 19.
750 2617 820 2655 20.
838 2616 907 2655 21.

181 2666 250 2710 52.
280 2681 490 2705 numerum
516 2670 655 2721 lupas,
693 2677 742 2709 ut
763 2685 909 2710 nume-

178 2730 272 2764 rato
318 2726 454 2778 pecori
491 2733 643 2778 pareat.
694 2727 911 2781 (numerus

111 2795 116 2799 ·
182 2794 275 2821 eum
303 2796 386 2821 non
412 2783 602 2823 deterret.
645 2787 711 2825 W
709 2785 790 2842 ch.)
849 2787 912 2825 Ita

181 2853 259 2879 nec
281 2847 398 2879 curat
412 2841 522 2894 ripas
544 2848 704 2881 torrens
717 2873 727 2892 ,
766 2844 910 2894 quibus

183 2899 359 2938 coerceri
375 2898 566 2950 debebat;
608 2913 683 2939 nec
702 2900 754 2939 ad
776 2902 910 2941 focum

185 2962 304 2996 curat
321 2956 445 3009 frigus
461 2964 612 3011 pastor.

240 3014 297 3057 53
310 3036 360 3044 -
378 3015 447 3058 56.
479 3015 669 3068 Corydon
682 3012 762 3054 hoc
779 3015 911 3068 eloqui

956 1505 1070 1546 vult:
1111 1517 1195 1543 esse
1224 1503 1390 1556 quidem
1423 1505 1508 1546 eius
1543 1506 1624 1546 loci
1650 1520 1698 1546 ac

956 1562 1111 1603 montis
1131 1562 1463 1602 iucundissimam
1492 1571 1696 1616 naturam,

958 1636 1052 1661 cum
1071 1621 1124 1660 sit
1142 1619 1354 1660 arboribus
1375 1623 1554 1662 consitus
1571 1624 1698 1676 iisque

957 1681 1122 1732 frugum
1157 1679 1306 1732 plenis;
1351 1686 1394 1719 at
1421 1680 1603 1720 Alexidis
1624 1682 1698 1721 ab-

958 1738 1088 1777 sentia
1118 1751 1277 1777 omnem
1305 1737 1426 1777 istam
1436 1753 1583 1779 ⁴:rerum
1602 1754 1698 1779 sua-

960 1797 1133 1836 vitatem
1160 1796 1381 1835 obscurari.
1431 1798 1550 1836 Stant
1569 1798 1699 1851 simpl.

963 1860 1024 1893 est
1052 1859 1160 1893 sunt.
1222 1851 1367 1908 (Stant
1400 1857 1570 1909 amplius
1600 1857 1701 1909 quid

963 1912 1163 1965 significat
1177 1911 1220 1950 h.
1240 1912 1280 1961 1.,
1313 1926 1435 1964 quam
1454 1923 1571 1962 sant;
1604 1929 1700 1954 nam

964 1984 1016 2010 ex
1035 1971 1171 2010 verbis
1203 1983 1262 2009 vs·
1292 1970 1360 2014 55.
1395 1975 1568 2022 „omnia
1592 1987 1700 2012 nunc·

963 2028 1094 2067 rident
1109 2031 1136 2051 ‘⁴
1183 2035 1375 2081 apparet,
1423 2031 1520 2069 anni
1540 2037 1700 2084 tempus

961 2087 1143 2126 indicare
1190 2087 1366 2126 voluisse
1430 2083 1699 2142 Corydonem.

962 2145 1071 2186 Hinc
1100 2152 1209 2183 stant
1233 2146 1409 2197 iuniperi
1425 2155 1463 2185 et
1485 2155 1701 2186 castaneae

964 2204 1092 2243 valet:
1123 2203 1336 2254 fructibus,
1365 2204 1498 2244 baccis
1522 2204 1572 2255 et·
1587 2205 1702 2244 echi-

965 2262 1027 2301 nis
1046 2261 1231 2300 horrent.
1291 2262 1358 2301 Sic
1378 2270 1482 2301 stare
1506 2276 1622 2316 saepe
1651 2264 1703 2303 de

963 2333 1010 2360 re
1037 2319 1207 2359 horrida
1235 2326 1308 2358 aut
1337 2320 1484 2373 rigida:
1522 2321 1621 2362 Aen.
1652 2322 1701 2372 H,

966 2381 1085 2420 333:
1115 2383 1247 2428 „stat
1275 2378 1374 2417 ferri
1390 2379 1493 2418 acies
1507 2393 1702 2420 mucrone

966 2450 1147 2475 corusco.
1160 2438 1184 2458 “
1239 2435 1313 2487 VI,
1350 2438 1468 2480 652:
1509 2440 1704 2489 „Stant

965 2502 1078 2533 terra
1115 2494 1272 2533 defixae
1307 2493 1459 2535 hastae.
1470 2497 1494 2518 “
1534 2496 1603 2536 Ge.
1635 2497 1702 2547 111,

966 2555 1083 2595 368:
1124 2554 1308 2603 „Stant
1331 2553 1572 2593 circumfusa
1598 2569 1703 2608 pru-

964 2611 1042 2650 inis
1064 2611 1245 2663 Corpora
1269 2625 1413 2665 magna
1440 2613 1578 2652 boum.
1591 2615 1615 2635 “
1646 2613 1704 2652 sic

970 2669 1091 2707 etiam
1120 2669 1361 2721 aliquoties:
1402 2677 1703 2721 „steterunt

970 2740 1120 2766 comae.
1137 2729 1162 2749 “
1204 2729 1270 2768 W
1269 2726 1317 2782 r.)
1378 2728 1577 2782 Expressa
1606 2735 1704 2768 sunt

968 2785 1206 2824 Theocritea
1231 2785 1335 2836 Vm,
1354 2785 1407 2828 41
1426 2809 1484 2818 —
1500 2786 1568 2830 49.
1598 2787 1702 2827 conf.

967 2858 1056 2896 sup.
1081 2843 1164 2882 Ecl.
1190 2843 1250 2894 V,
1281 2847 1336 2886 32
1367 2858 1425 2896 sq.
1492 2845 1577 2884 Iam
1606 2845 1703 2884 satis

966 2901 1169 2941 monitum
1190 2932 1201 2952 ‚
1250 2901 1294 2941 in
1338 2901 1401 2941 his
1447 2903 1702 2953 carminibus,

968 2972 1070 3010 quae
1097 2972 1171 3013 per
1199 2960 1355 3000 alterna
1385 2960 1587 3012 eduntur,
1618 2961 1702 3000 sin-

970 3017 1072 3068 gulis
1091 3018 1340 3058 tetrastichis
1364 3018 1538 3073 singulas
1558 3031 1702 3072 easque
