1768 3320
134 184 319 220 Lxxx1v
560 168 707 218 TIB.
758 167 867 217 CL.
912 163 1232 229 DONATI

103 315 126 350 8
255 298 322 338 ΙΠ.
354 296 514 346 Quibus
544 296 666 336 rebus
689 309 783 335 cum
807 301 900 334 ante
930 293 1028 333 alios
1058 290 1260 332 eruditior
1282 289 1535 344 peritiorque
1558 296 1674 343 esset,

138 372 179 398 se
198 359 242 398 in
260 357 414 396 Urbem
434 355 607 395 contulit
617 386 629 406 ,
661 354 904 406 statimque,
936 351 1118 404 magistri
1139 348 1290 390 stabuli
1311 362 1512 402 equorum
1530 347 1676 403 Augu-

139 417 193 457 sti
220 415 438 456 amicitiam
474 421 640 464 nactus,
681 413 831 452 multos
863 411 1077 462 variosque
1114 408 1280 447 morbos
1309 407 1535 447 incidentes
1563 407 1677 461 equis

105 475 313 521 9curavit.
371 472 426 511 At
453 473 521 511 ille
549 472 593 511 in
624 471 852 510 mercedem
881 468 1042 521 singulis
1072 467 1213 506 diebus
1243 480 1369 520 panes
1396 466 1589 519 Virgilio,
1626 471 1677 506 ut

86 544 129 579 10
140 534 212 574 uni
243 547 295 572 ex
320 531 570 581 stabulariis,
613 530 702 569 dari
727 529 854 568 iussit.
914 528 1070 566 Interea
1096 540 1119 564 a
1135 525 1384 565 Crotoniatis
1406 525 1545 579 pullus
1570 524 1676 577 equi,

139 591 266 637 mirae
283 589 592 644 pulcritudinis,
624 587 782 627 Caesari
804 586 912 625 dono
941 586 1019 624 suit
1041 584 1204 623 missus:
1235 584 1305 636 qui
1323 584 1506 624 omnium
1522 583 1676 623 iudicio

140 665 251 705 spem
270 648 542 703 portendebat
558 646 726 686 virtutis
754 652 794 684 et
813 644 1025 683 celeritatis
1040 643 1270 683 immensae.
1328 642 1454 684 Hunc
1480 657 1573 682 cum
1597 642 1676 682 ad-

141 694 338 763 spexisset
360 706 497 756 Maro,
540 705 729 758 magistro
768 703 916 742 stabuli
951 701 1074 752 dixit,
1115 707 1261 740 natum
1291 714 1376 741 esse
1405 714 1458 742 ex
1485 701 1678 741 morbosa

142 781 267 820 equa,
300 774 340 804 et
359 778 433 804 nec
456 764 611 804 viribus
642 763 865 803 valiturum
890 775 964 800 nec
993 760 1215 799 celeritate:
1244 759 1369 813 idque
1394 774 1539 801 verum
1554 759 1678 818 fuisse

141 826 356 865 inventum
388 829 459 862 est.
529 821 654 871 Quod
693 835 785 860 cum
823 820 1012 872 magister
1051 819 1202 858 stabuli
1232 818 1419 872 Augusto
1456 819 1676 870 recitasset,

88 889 129 922 11
143 883 344 937 duplicari
373 882 447 934 ipsi
476 881 519 920 in
548 879 774 919 mercedem
798 891 922 931 panes
954 877 1084 917 iussit.
1146 878 1247 916 Cum
1273 878 1371 917 item
1398 891 1450 917 ex
1482 877 1677 931 Hispania

142 942 324 995 Augusto
353 952 470 979 canes
501 938 608 978 dono
633 938 917 987 mitterentur,
958 942 999 975 et
1026 943 1216 989 parentes
1250 950 1393 976 eorum
1413 936 1520 976 dixit
1538 936 1677 990 Virgi-

142 1001 243 1051 lius,
275 1006 315 1038 et
336 998 538 1048 animum,
569 996 892 1047 celeritatemque
910 995 1108 1035 futuram.
1169 995 1264 1045 Quo
1292 995 1474 1049 cognito,
1507 995 1678 1035 mandat

141 1060 293 1098 iterum
317 1056 480 1108 Virgilio
501 1069 622 1109 panes
645 1053 855 1107 duplicari.
1179 1075 1183 1078 ·

89 1119 133 1153 12
257 1116 323 1155 IV.
354 1114 564 1153 Dubitavit
592 1112 822 1166 Augustus,
864 1111 1077 1151 Octaviine
1109 1111 1218 1151 filius
1245 1117 1369 1163 esset,
1412 1125 1465 1151 an
1491 1111 1675 1152 alterius:

143 1175 265 1226 idque
289 1174 497 1212 Maronem
528 1172 684 1226 aperire
716 1184 833 1224 posse
864 1171 1089 1210 arbitratus
1117 1176 1199 1222 est,
1237 1171 1334 1224 quia
1357 1184 1506 1210 canum
1525 1177 1567 1210 et
1584 1170 1678 1224 equi

89 1237 132 1275 13
144 1239 335 1272 naturam
366 1237 631 1284 parentesque
659 1235 866 1282 cognorat.
934 1229 1092 1268 Amotis
1127 1229 1254 1282 igitur
1282 1229 1470 1269 omnibus
1498 1229 1675 1280 arbitris,

143 1292 259 1331 illum
278 1291 320 1329 in
345 1290 585 1343 penitiorem
605 1294 763 1342 partem
784 1288 929 1327 domus
948 1294 1092 1339 vocat,
1123 1294 1165 1327 et
1182 1289 1314 1328 solum
1333 1294 1469 1342 rogat,
1501 1302 1554 1328 an
1575 1288 1679 1328 sciat

145 1349 328 1402 quisnam
351 1354 463 1399 esset,
493 1354 533 1386 et
552 1361 671 1400 quam
693 1347 745 1386 ad
761 1347 1013 1386 felicitandos
1035 1346 1220 1386 homines
1237 1347 1476 1387 facultatem
1493 1346 1678 1387 haberet.

90 1409 134 1446 14
144 1409 260 1447 ,Novi
272 1437 283 1457 ,
316 1406 450 1458 inquit
466 1406 580 1445 Maro
596 1437 606 1457 ,
639 1415 674 1445 te
698 1406 851 1444 Caesar
867 1406 1074 1458 Auguste,
1106 1414 1144 1444 et
1154 1405 1287 1458 ferme
1307 1421 1486 1459 aequam
1501 1421 1595 1445 cum
1614 1405 1678 1445 dis

145 1464 437 1504 immortalibus
459 1473 703 1517 potestatem
734 1463 879 1502 habere
893 1494 904 1514 ,
951 1473 1019 1515 ut,
1062 1479 1181 1518 quem
1211 1466 1296 1515 vis,
1325 1464 1673 1518 filicemsacias.

145 1525 207 1563 Eo
227 1525 363 1562 animo
392 1537 508 1573 sam,
542 1523 754 1576 respondit
776 1523 940 1573 Caesar,
975 1532 1039 1574 ut,
1071 1526 1108 1563 si
1135 1538 1275 1563 veram
1293 1538 1371 1575 pm
1390 1531 1540 1576 rogatu
1558 1523 1679 1562 dixe-

144 1585 200 1620 ris
214 1611 225 1631 ,
260 1581 420 1620 beatum
452 1590 488 1620 te
503 1581 752 1634 felicemque
779 1582 959 1620 reddam.
1030 1582 1222 1632 Utinam,
1266 1582 1323 1621 ait
1341 1581 1479 1633 Maro,
1511 1584 1679 1621 interro-

91 1651 133 1687 15
144 1641 265 1692 ganti
287 1639 359 1678 tibi
376 1654 470 1678 vera
489 1639 618 1679 dicere
637 1654 784 1693 queam
797 1641 812 1677 Ι
845 1641 962 1679 Tunc
981 1638 1205 1693 Augustus:
1236 1642 1395 1680 Putant
1413 1641 1493 1680 alii
1513 1646 1577 1680 me
1596 1655 1679 1680 na·-

147 1708 231 1737 tam
270 1698 439 1736 Octavio
455 1714 466 1735 :
508 1699 678 1750 quidam
705 1701 966 1751 suspicantur
990 1700 1075 1738 alio
1106 1714 1170 1737 me
1192 1701 1379 1752 genitum
1403 1701 1503 1740 viro.
1560 1699 1678 1740 Maro

148 1755 381 1806 subridens,
413 1757 579 1806 Facile,
612 1756 767 1809 inquit,
808 1759 846 1795 si
876 1760 1039 1809 impune
1068 1759 1308 1811 licenterque
1336 1773 1443 1811 quae
1469 1761 1595 1798 sentio
1613 1760 1678 1798 lo-

148 1816 221 1867 qui
249 1813 358 1852 iubes
376 1844 386 1862 ,
419 1814 465 1852 id
489 1815 640 1853 dicam.
702 1815 890 1854 Affirmat
923 1817 1066 1855 Caesar
1093 1816 1381 1868 iureiurando,
1412 1817 1573 1858 nullum
1595 1817 1679 1857 eius

150 1872 307 1911 dictum
335 1885 449 1925 aegre
477 1873 679 1925 laturum,
719 1874 843 1913 immo
869 1889 952 1914 non
988 1874 1064 1915 nisi
1092 1875 1292 1915 donatum
1323 1875 1374 1915 ab
1405 1888 1452 1915 eo
1474 1876 1679 1916 discessu-

151 1976 181 2021 5.
197 1976 255 2011 79.
279 1977 347 2010 Ios.
364 1976 520 2022 Scaliger
540 1977 584 2010 ad
603 1977 779 2012 catalecta
788 1978 877 2013 Vir-

151 2022 247 2068 gilii,
282 2023 319 2056 in
349 2023 442 2056 Cirin
473 2037 526 2069 pr.
570 2033 607 2058 et
638 2025 803 2059 Heinsius
833 2027 878 2060 de

937 1978 1060 2014 codice
1086 1979 1305 2026 Gnelpherb.
1332 1979 1577 2015 bibliothecae
1606 1979 1678 2015 Vi-

936 2034 975 2060 ta
1012 2027 1158 2072 Virgilii
1198 2034 1276 2061 erat
1308 2028 1487 2074 praefixa,
1534 2027 1573 2061 in
1610 2034 1679 2073 qua

151 2074 279 2116 Satyra
298 2070 421 2104 Horat.
448 2071 511 2105 lib.
533 2073 576 2114 11,
607 2086 642 2118 p.
662 2074 708 2108 98
728 2073 834 2107 etiam
859 2086 878 2107 a

153 2119 255 2151 Catio
290 2118 434 2152 Insubro
468 2119 719 2166 philosophiae
746 2121 878 2167 Epicu-

150 2176 234 2198 reae
255 2171 394 2208 gustum
423 2167 599 2212 accepisse
623 2168 764 2209 volunt3
791 2180 879 2202 con-

150 2211 287 2245 iectura
321 2224 363 2245 ex
392 2224 433 2246 eo
463 2214 588 2256 ducta,
623 2215 717 2260 quod
743 2215 801 2249 hic
829 2217 879 2250 M.

153 2258 269 2292 Catius
287 2259 465 2294 Miltiades
483 2262 627 2295 Insuber
640 2289 649 2305 ,
678 2269 714 2295 et
733 2275 774 2296 ex
792 2263 881 2309 Epi-

152 2305 227 2340 curi
246 2312 342 2339 secta
361 2307 614 2353 philosophus,
649 2321 690 2343 eo
718 2316 882 2356 tempore

152 2352 346 2386 Mediolani
364 2353 458 2388 vixit.
504 2356 695 2390 Meminere
717 2357 789 2390 eius
810 2357 881 2392 Cic.

153 2400 198 2434 ad
225 2399 304 2434 Div.
336 2401 418 2442 XV,
455 2403 498 2437 16
518 2409 554 2436 et
580 2405 634 2439 19.
664 2405 790 2438 Horat.
809 2408 882 2439 Sat.

153 2449 196 2490 Il,
224 2447 248 2483 4
266 2459 320 2492 pr.
356 2448 427 2481 Sed
446 2449 525 2483 vide
543 2451 701 2496 Baylium
721 2453 881 2486 Diction.

152 2494 190 2528 h.
221 2507 253 2528 v.
288 2501 324 2527 et
351 2496 504 2530 Masson,
529 2497 612 2531 Vita
643 2500 768 2532 Horat.
800 2512 882 2544 pag.

150 2542 209 2577 28.
259 2543 312 2574 Μ.
332 2544 485 2576 Furiam
511 2543 726 2579 Bibae—ulum
757 2553 883 2580 orato-

152 2601 226 2622 rem
245 2596 280 2622 et
296 2595 461 2634 poetam,
492 2591 586 2625 cuius
605 2605 724 2626 versus
747 2593 884 2639 aliquot

152 2639 296 2670 Sueton.
312 2636 440 2670 recitat
457 2638 510 2671 Ill.
531 2640 720 2673 Grammat.
743 2642 798 2683 11,
824 2641 883 2674 in-

152 2690 207 2716 ter
227 2683 370 2732 Virgilii
401 2690 437 2717 et
456 2686 544 2719 Vari
565 2686 754 2731 magistros
780 2695 882 2722 retu-

151 2730 227 2763 lere
257 2729 330 2764 alii.
353 2730 425 2764 vid.
447 2732 554 2766 Arisii
580 2734 751 2767 Cremona
778 2734 883 2768 litte-

151 2783 230 2811 rata
258 2778 303 2811 T.
339 2778 375 2820 1,
400 2790 482 2824 pag.
514 2782 569 2816 17.
599 2782 657 2816 28.
706 2782 882 2826 Legerant

152 2823 316 2858 nimirum
335 2824 592 2872 inHieronymi
609 2828 739 2862 Chron.
755 2830 883 2863 Euseb.

152 2871 199 2905 ad
221 2871 360 2918 Olymp.
390 2874 478 2916 169,
506 2875 530 2910 3
562 2875 622 2919 (U.
654 2875 690 2908 C.
716 2875 798 2920 652)
831 2879 883 2910 Μ.

149 2919 290 2953 Furias
300 2927 416 2966 poeta
436 2931 676 2968 cognomento
689 2921 886 2957 Bibaculus

150 2969 349 3001 Cremonae
396 2969 575 3003 nascitur.
644 2971 683 3002 In
722 2970 884 3005 Gudiano

935 2081 1047 2120 poeta
1069 2075 1164 2120 apud
1189 2075 1363 2123 Epidium
1391 2082 1572 2110 oratorem
1601 2087 1680 2109 cum

937 2123 1085 2156 Caesare
1113 2126 1273 2168 Augusto
1297 2122 1475 2157 studuisse
1499 2134 1679 2157 memora-

937 2177 1003 2203 tur.
1053 2174 1144 2204 Sane
1171 2170 1321 2215 Epidius
1339 2170 1532 2205 Antonium
1549 2178 1584 2205 et
1602 2173 1679 2205 Au-

939 2223 1076 2262 gustum
1109 2218 1273 2252 docuisse
1300 2230 1357 2265 ap.
1386 2221 1533 2253 Sueton.
1560 2218 1679 2252 tradi-

939 2271 998 2298 tur
1015 2265 1060 2298 de
1080 2266 1231 2299 Rhetor.
1250 2267 1312 2301 IV.

941 2360 961 2405 ᾗ
987 2313 1040 2396 ἓξ
1069 2314 1216 2347 Balista
1241 2325 1260 2346 e
1283 2313 1406 2348 Phoca
1435 2313 1509 2348 vid.
1538 2312 1604 2347 inf.
1632 2312 1681 2348 ad

986 2408 1150 2441 Ceterum
1174 2419 1247 2442 non
1265 2407 1452 2451 definiam,
1477 2419 1523 2442 an
1551 2418 1680 2441 narra-
1721 2411 1724 2414 '

939 2453 1031 2488 tioni
1055 2455 1136 2489 huic
1172 2456 1217 2489 de
1244 2456 1443 2491 medicinae
1471 2461 1509 2489 et
1533 2455 1681 2489 mathe-
1744 2457 1754 2460 ”

940 2514 1020 2536 scos
1039 2503 1166 2536 studiis
1183 2503 1342 2538 Maronis
1365 2502 1502 2549 aliquid
1520 2502 1598 2537 veri
1620 2502 1681 2536 in-

942 2549 1001 2582 sit.
1050 2550 1178 2584 Videri
1198 2558 1318 2596 potest
1346 2563 1389 2586 ea
1417 2562 1495 2585 esse
1515 2550 1680 2597 profecta

941 2609 961 2630 a
980 2598 1186 2641 monachis,
1212 2599 1271 2644 qui
1302 2598 1339 2632 in
1373 2598 1507 2633 artibus
1534 2597 1681 2632 mathe—

941 2644 1078 2678 maticis
1109 2646 1155 2679 ad
1181 2643 1360 2691 γοήτειαν
1384 2645 1553 2680 adhibitis
1576 2651 1612 2678 et
1642 2644 1681 2678 in

939 2692 1115 2726 medicina
1142 2706 1310 2728 summam
1338 2693 1509 2728 scientiae
1527 2692 1681 2740 positam

940 2738 1212 2774 arbitrabantur.
1455 2779 1461 2784 ,

990 2787 1020 2831 §.
1041 2788 1181 2823 8—18.
1218 2788 1325 2822 Unde
1351 2786 1575 2834 ineptissima
1592 2798 1680 2821 nar-

942 2833 1035 2867 ratio
1055 2834 1286 2879 profluxerit,
1324 2847 1429 2870 nemo
1448 2835 1554 2870 facile
1579 2845 1682 2869 asse-

943 2887 1090 2925 quatur3
1116 2882 1183 2915 nisi
1195 2883 1290 2917 forte
1311 2895 1395 2917 cura
1414 2894 1594 2929 equorum,
1618 2893 1682 2916 ca·-

944 2939 1024 2960 num
1058 2937 1092 2963 et
1130 2930 1305 2975 pecudum
1334 2932 1466 2976 Georg.
1506 2931 1554 2963 111
1584 2928 1680 2963 libro

942 2975 1077 3010 tradita
1104 2989 1214 3022 nugas
1242 2977 1308 3012 has
1328 2978 1584 3013 monachorum
1600 2975 1682 3012 ani-
