<?xml version="1.0" encoding="UTF-8"?>
<!DOCTYPE html PUBLIC "-//W3C//DTD XHTML 1.0 Transitional//EN"
    "http://www.w3.org/TR/xhtml1/DTD/xhtml1-transitional.dtd">
<html xmlns="http://www.w3.org/1999/xhtml" xml:lang="en" lang="en">
 <head>
  <title>
</title>
<meta http-equiv="Content-Type" content="text/html;charset=utf-8" />
  <meta name='ocr-system' content='tesseract 3.04.00' />
  <meta name='ocr-capabilities' content='ocr_page ocr_carea ocr_par ocr_line ocrx_word'/>
</head>
<body>
  <div class='ocr_page' id='page_1' title='image "./publiusvirgilius01virguoft_0584.png"; bbox 0 0 1734 3320; ppageno 0'>
   <div class='ocr_carea' id='block_1_1' title="bbox 211 214 315 264">
    <p class='ocr_par' dir='ltr' id='par_1_1' title="bbox 211 214 315 264">
     <span class='ocr_line' id='line_1_1' title="bbox 211 214 315 264; baseline 0.01 -1"><span class='ocrx_word' id='word_1_1' title='bbox 211 214 315 264; x_wconf 83' lang='lat'><strong>414</strong></span> 
     </span>
    </p>
   </div>
   <div class='ocr_carea' id='block_1_2' title="bbox 558 211 1427 270">
    <p class='ocr_par' dir='ltr' id='par_1_2' title="bbox 558 211 1427 270">
     <span class='ocr_line' id='line_1_2' title="bbox 558 211 1427 270; baseline 0.009 -9"><span class='ocrx_word' id='word_1_2' title='bbox 558 212 614 263; x_wconf 93' lang='grc' dir='ltr'><strong>Ρ.</strong></span> <span class='ocrx_word' id='word_1_3' title='bbox 664 211 1011 266; x_wconf 89' lang='lat' dir='ltr'><strong>VIRGILII</strong></span> <span class='ocrx_word' id='word_1_4' title='bbox 1054 215 1427 270; x_wconf 87' lang='lat' dir='ltr'><strong>MARONIS</strong></span> 
     </span>
    </p>
   </div>
   <div class='ocr_carea' id='block_1_3' title="bbox 204 338 1734 624">
    <p class='ocr_par' dir='ltr' id='par_1_3' title="bbox 204 338 1734 624">
     <span class='ocr_line' id='line_1_3' title="bbox 206 338 1734 411; baseline 0.007 -23"><span class='ocrx_word' id='word_1_5' title='bbox 206 338 579 406; x_wconf 89' lang='lat' dir='ltr'><strong>Balsamaque,</strong></span> <span class='ocrx_word' id='word_1_6' title='bbox 618 349 671 390; x_wconf 88' lang='lat' dir='ltr'><strong>et</strong></span> <span class='ocrx_word' id='word_1_7' title='bbox 689 340 878 392; x_wconf 84' lang='lat' dir='ltr'>baccas</span> <span class='ocrx_word' id='word_1_8' title='bbox 907 359 1127 411; x_wconf 79' lang='lat' dir='ltr'><strong>semper</strong></span> <span class='ocrx_word' id='word_1_9' title='bbox 1150 342 1459 396; x_wconf 84' lang='lat' dir='ltr'><strong>frondentis</strong></span> <span class='ocrx_word' id='word_1_10' title='bbox 1493 347 1734 399; x_wconf 80' lang='lat' dir='ltr'><strong>acanthi?</strong></span> 
     </span>
     <span class='ocr_line' id='line_1_4' title="bbox 209 409 1734 479; baseline 0.007 -20"><span class='ocrx_word' id='word_1_11' title='bbox 209 409 354 474; x_wconf 83' lang='lat' dir='ltr'>Quid</span> <span class='ocrx_word' id='word_1_12' title='bbox 373 426 601 460; x_wconf 89' lang='lat' dir='ltr'><strong>nemora</strong></span> <span class='ocrx_word' id='word_1_13' title='bbox 620 411 968 479; x_wconf 81' lang='lat' dir='ltr'><strong>Aethiopum,</strong></span> <span class='ocrx_word' id='word_1_14' title='bbox 1004 413 1159 464; x_wconf 90' lang='lat' dir='ltr'><strong>molli</strong></span> <span class='ocrx_word' id='word_1_15' title='bbox 1181 417 1423 466; x_wconf 81' lang='lat' dir='ltr'><strong>canentia</strong></span> <span class='ocrx_word' id='word_1_16' title='bbox 1442 416 1598 470; x_wconf 88' lang='lat' dir='ltr'><strong>lana?</strong></span> <span class='ocrx_word' id='word_1_17' title='bbox 1639 424 1734 472; x_wconf 72' lang='lat'><strong>120</strong></span> 
     </span>
     <span class='ocr_line' id='line_1_5' title="bbox 204 480 1511 550; baseline 0.005 -18"><span class='ocrx_word' id='word_1_18' title='bbox 204 480 528 549; x_wconf 88' lang='lat' dir='ltr'><strong>Velleraque</strong></span> <span class='ocrx_word' id='word_1_19' title='bbox 546 490 608 532; x_wconf 88' lang='lat' dir='ltr'><strong>ut</strong></span> <span class='ocrx_word' id='word_1_20' title='bbox 628 480 773 532; x_wconf 89' lang='lat' dir='ltr'><strong>foliis</strong></span> <span class='ocrx_word' id='word_1_21' title='bbox 805 483 1094 550; x_wconf 81' lang='lat' dir='ltr'><strong>depectant</strong></span> <span class='ocrx_word' id='word_1_22' title='bbox 1115 487 1298 536; x_wconf 90' lang='lat' dir='ltr'><strong>tenuia</strong></span> <span class='ocrx_word' id='word_1_23' title='bbox 1319 489 1511 539; x_wconf 84' lang='lat' dir='ltr'><strong>Seres?</strong></span> 
     </span>
     <span class='ocr_line' id='line_1_6' title="bbox 204 553 1501 624; baseline 0.005 -22"><span class='ocrx_word' id='word_1_24' title='bbox 204 553 311 602; x_wconf 92' lang='lat' dir='ltr'><strong>Aut</strong></span> <span class='ocrx_word' id='word_1_25' title='bbox 337 568 474 619; x_wconf 88' lang='lat' dir='ltr'><strong>quos</strong></span> <span class='ocrx_word' id='word_1_26' title='bbox 497 553 719 603; x_wconf 80' lang='lat' dir='ltr'><strong>Oceano</strong></span> <span class='ocrx_word' id='word_1_27' title='bbox 750 555 980 621; x_wconf 85' lang='lat' dir='ltr'><strong>propior</strong></span> <span class='ocrx_word' id='word_1_28' title='bbox 999 556 1136 620; x_wconf 85' lang='lat' dir='ltr'><strong>gerit</strong></span> <span class='ocrx_word' id='word_1_29' title='bbox 1156 556 1310 606; x_wconf 84' lang='lat' dir='ltr'><strong>India</strong></span> <span class='ocrx_word' id='word_1_30' title='bbox 1333 556 1501 624; x_wconf 84' lang='lat' dir='ltr'><strong>lucOS,</strong></span> 
     </span>
    </p>
   </div>
   <div class='ocr_carea' id='block_1_4' title="bbox 252 656 1734 705">
    <p class='ocr_par' dir='ltr' id='par_1_4' title="bbox 252 656 1734 705">
     <span class='ocr_line' id='line_1_7' title="bbox 252 656 1734 705; baseline 0.005 -15"><span class='ocrx_word' id='word_1_31' title='bbox 252 658 320 693; x_wconf 87' lang='grc'><strong>119</strong></span> <span class='ocrx_word' id='word_1_32' title='bbox 342 656 453 691; x_wconf 86' lang='lat' dir='ltr'><strong>bacas</strong></span> <span class='ocrx_word' id='word_1_33' title='bbox 480 657 551 691; x_wconf 84' lang='lat' dir='ltr'><strong>alii.</strong></span> <span class='ocrx_word' id='word_1_34' title='bbox 600 659 776 692; x_wconf 80' lang='lat' dir='ltr'><strong>Balsama</strong></span> <span class='ocrx_word' id='word_1_35' title='bbox 803 659 892 705; x_wconf 80' lang='lat' dir='ltr'><strong>quid</strong></span> <span class='ocrx_word' id='word_1_36' title='bbox 921 658 1052 693; x_wconf 82' lang='lat' dir='ltr'><strong>baccas</strong></span> <span class='ocrx_word' id='word_1_37' title='bbox 1080 671 1167 694; x_wconf 84' lang='lat' dir='ltr'><strong>unus</strong></span> <span class='ocrx_word' id='word_1_38' title='bbox 1194 662 1332 704; x_wconf 87' lang='lat' dir='ltr'><strong>Mead.;</strong></span> <span class='ocrx_word' id='word_1_39' title='bbox 1366 670 1405 697; x_wconf 89' lang='lat' dir='ltr'><strong>ut</strong></span> <span class='ocrx_word' id='word_1_40' title='bbox 1433 662 1501 697; x_wconf 87' lang='lat' dir='ltr'><strong>sit:</strong></span> <span class='ocrx_word' id='word_1_41' title='bbox 1535 663 1734 697; x_wconf 76' lang='lat' dir='ltr'><strong>Balsama?</strong></span> 
     </span>
    </p>
   </div>
   <div class='ocr_carea' id='block_1_5' title="bbox 202 703 1734 803">
    <p class='ocr_par' dir='ltr' id='par_1_5' title="bbox 202 703 1734 803">
     <span class='ocr_line' id='line_1_8' title="bbox 202 703 959 750; baseline 0.003 -13"><span class='ocrx_word' id='word_1_42' title='bbox 202 705 311 750; x_wconf 85' lang='lat' dir='ltr'><strong>quid,</strong></span> <span class='ocrx_word' id='word_1_43' title='bbox 346 703 486 738; x_wconf 84' lang='lat' dir='ltr'><strong>baccas.</strong></span> <span class='ocrx_word' id='word_1_44' title='bbox 535 706 713 750; x_wconf 84' lang='lat' dir='ltr'><strong>Ingratum</strong></span> <span class='ocrx_word' id='word_1_45' title='bbox 745 712 863 739; x_wconf 88' lang='lat' dir='ltr'><strong>tamen</strong></span> <span class='ocrx_word' id='word_1_46' title='bbox 889 706 959 748; x_wconf 89' lang='lat' dir='ltr'><strong>sic,</strong></span> 
     </span>
     <span class='ocr_line' id='line_1_9' title="bbox 501 752 1734 803; baseline 0.002 -16"><span class='ocrx_word' id='word_1_47' title='bbox 501 753 571 787; x_wconf 79' lang='lat'><strong>120</strong></span> <span class='ocrx_word' id='word_1_48' title='bbox 603 752 771 786; x_wconf 82' lang='lat' dir='ltr'><strong>albantia</strong></span> <span class='ocrx_word' id='word_1_49' title='bbox 791 752 893 786; x_wconf 83' lang='lat' dir='ltr'><strong>Leid.</strong></span> <span class='ocrx_word' id='word_1_50' title='bbox 919 765 1018 786; x_wconf 90' lang='lat' dir='ltr'><strong>unus.</strong></span> <span class='ocrx_word' id='word_1_51' title='bbox 1063 754 1238 801; x_wconf 86' lang='lat' dir='ltr'><strong>depectat</strong></span> <span class='ocrx_word' id='word_1_52' title='bbox 1270 756 1333 790; x_wconf 81' lang='lat' dir='ltr'><strong>alii</strong></span> <span class='ocrx_word' id='word_1_53' title='bbox 1367 757 1462 803; x_wconf 85' lang='lat' dir='ltr'><strong>apud</strong></span> <span class='ocrx_word' id='word_1_54' title='bbox 1482 756 1659 800; x_wconf 82' lang='lat' dir='ltr'><strong>Servium,</strong></span> <span class='ocrx_word' id='word_1_55' title='bbox 1695 764 1734 790; x_wconf 86' lang='lat' dir='ltr'><strong>ut</strong></span> 
     </span>
    </p>
   </div>
   <div class='ocr_carea' id='block_1_6' title="bbox 201 751 404 797">
    <p class='ocr_par' dir='ltr' id='par_1_6' title="bbox 201 751 404 797">
     <span class='ocr_line' id='line_1_10' title="bbox 201 751 404 797; baseline 0.005 -13"><span class='ocrx_word' id='word_1_56' title='bbox 201 751 368 785; x_wconf 83' lang='lat' dir='ltr'><strong>Cantabri</strong></span> <span class='ocrx_word' id='word_1_57' title='bbox 371 764 404 797; x_wconf 85' lang='lat' dir='ltr'><strong>g.</strong></span> 
     </span>
    </p>
   </div>
   <div class='ocr_carea' id='block_1_7' title="bbox 1007 707 1734 756">
    <p class='ocr_par' dir='ltr' id='par_1_7' title="bbox 1007 707 1734 756">
     <span class='ocr_line' id='line_1_11' title="bbox 1007 707 1734 756; baseline 0.006 -16"><span class='ocrx_word' id='word_1_58' title='bbox 1007 707 1104 752; x_wconf 91' lang='lat' dir='ltr'><strong>quod</strong></span> <span class='ocrx_word' id='word_1_59' title='bbox 1136 715 1190 741; x_wconf 88' lang='lat' dir='ltr'><strong>ter</strong></span> <span class='ocrx_word' id='word_1_60' title='bbox 1219 709 1314 743; x_wconf 86' lang='lat' dir='ltr'><strong>redit</strong></span> <span class='ocrx_word' id='word_1_61' title='bbox 1346 711 1452 754; x_wconf 85' lang='lat' dir='ltr'><strong>Quid.</strong></span> <span class='ocrx_word' id='word_1_62' title='bbox 1495 722 1564 756; x_wconf 87' lang='lat' dir='ltr'><strong>que</strong></span> <span class='ocrx_word' id='word_1_63' title='bbox 1590 710 1692 744; x_wconf 84' lang='lat' dir='ltr'><strong>abest</strong></span> <span class='ocrx_word' id='word_1_64' title='bbox 1714 723 1734 744; x_wconf 86' lang='lat' dir='ltr'><strong>a</strong></span> 
     </span>
    </p>
   </div>
   <div class='ocr_carea' id='block_1_8' title="bbox 201 799 1733 851">
    <p class='ocr_par' dir='ltr' id='par_1_8' title="bbox 201 799 1733 851">
     <span class='ocr_line' id='line_1_12' title="bbox 201 799 1733 851; baseline 0.004 -19"><span class='ocrx_word' id='word_1_65' title='bbox 201 801 313 833; x_wconf 81' lang='lat' dir='ltr'><strong>Seres</strong></span> <span class='ocrx_word' id='word_1_66' title='bbox 328 811 394 844; x_wconf 76' lang='lat' dir='ltr'><strong>pro</strong></span> <span class='ocrx_word' id='word_1_67' title='bbox 411 801 481 833; x_wconf 87' lang='lat' dir='ltr'><strong>Ser</strong></span> <span class='ocrx_word' id='word_1_68' title='bbox 497 799 556 833; x_wconf 84' lang='lat' dir='ltr'><strong>sit.</strong></span> <span class='ocrx_word' id='word_1_69' title='bbox 583 800 780 847; x_wconf 81' lang='lat' dir='ltr'><strong>depectent</strong></span> <span class='ocrx_word' id='word_1_70' title='bbox 798 800 889 833; x_wconf 88' lang='lat' dir='ltr'><strong>alter</strong></span> <span class='ocrx_word' id='word_1_71' title='bbox 905 800 1076 834; x_wconf 84' lang='lat' dir='ltr'><strong>Rottend.</strong></span> <span class='ocrx_word' id='word_1_72' title='bbox 1110 802 1326 849; x_wconf 71' lang='lat' dir='ltr'><strong>despectant</strong></span> <span class='ocrx_word' id='word_1_73' title='bbox 1353 803 1436 838; x_wconf 88' lang='lat' dir='ltr'><strong>duo.</strong></span> <span class='ocrx_word' id='word_1_74' title='bbox 1472 812 1509 838; x_wconf 85' lang='lat' dir='ltr'><strong>et</strong></span> <span class='ocrx_word' id='word_1_75' title='bbox 1520 803 1632 851; x_wconf 86' lang='lat' dir='ltr'><strong>foliis</strong></span> <span class='ocrx_word' id='word_1_76' title='bbox 1651 804 1733 838; x_wconf 93' lang='lat' dir='ltr'><strong>duo.</strong></span> 
     </span>
    </p>
   </div>
   <div class='ocr_carea' id='block_1_9' title="bbox 202 847 1089 894">
    <p class='ocr_par' dir='ltr' id='par_1_9' title="bbox 202 847 1089 894">
     <span class='ocr_line' id='line_1_13' title="bbox 202 847 1089 894; baseline -0.001 -11"><span class='ocrx_word' id='word_1_77' title='bbox 202 848 271 882; x_wconf 76' lang='lat'><strong>122</strong></span> <span class='ocrx_word' id='word_1_78' title='bbox 291 847 446 894; x_wconf 86' lang='lat' dir='ltr'><strong>proprio</strong></span> <span class='ocrx_word' id='word_1_79' title='bbox 466 848 572 880; x_wconf 87' lang='lat' dir='ltr'><strong>Voss.</strong></span> <span class='ocrx_word' id='word_1_80' title='bbox 598 859 619 880; x_wconf 90' lang='lat' dir='ltr'><strong>a</strong></span> <span class='ocrx_word' id='word_1_81' title='bbox 651 859 696 880; x_wconf 89' lang='lat' dir='ltr'><strong>m.</strong></span> <span class='ocrx_word' id='word_1_82' title='bbox 726 859 818 888; x_wconf 90' lang='lat' dir='ltr'><strong>sec.‚</strong></span> <span class='ocrx_word' id='word_1_83' title='bbox 843 847 939 880; x_wconf 82' lang='lat' dir='ltr'><strong>forte</strong></span> <span class='ocrx_word' id='word_1_84' title='bbox 965 860 1007 881; x_wconf 87' lang='lat' dir='ltr'><strong>ex</strong></span> <span class='ocrx_word' id='word_1_85' title='bbox 1025 859 1089 891; x_wconf 85' lang='lat' dir='ltr'><strong>eo,</strong></span> 
     </span>
    </p>
   </div>
   <div class='ocr_carea' id='block_1_10' title="bbox 1123 849 1734 894">
    <p class='ocr_par' dir='ltr' id='par_1_10' title="bbox 1123 849 1734 894">
     <span class='ocr_line' id='line_1_14' title="bbox 1123 849 1734 894; baseline 0.007 -12"><span class='ocrx_word' id='word_1_86' title='bbox 1123 849 1219 894; x_wconf 92' lang='lat' dir='ltr'><strong>quod</strong></span> <span class='ocrx_word' id='word_1_87' title='bbox 1244 858 1296 885; x_wconf 84' lang='lat' dir='ltr'><strong>est</strong></span> <span class='ocrx_word' id='word_1_88' title='bbox 1321 850 1360 884; x_wconf 86' lang='lat' dir='ltr'><strong>in</strong></span> <span class='ocrx_word' id='word_1_89' title='bbox 1377 851 1515 885; x_wconf 80' lang='lat' dir='ltr'><strong>duobus</strong></span> <span class='ocrx_word' id='word_1_90' title='bbox 1535 851 1682 886; x_wconf 82' lang='lat' dir='ltr'><strong>Martini</strong></span> <span class='ocrx_word' id='word_1_91' title='bbox 1700 859 1734 886; x_wconf 88' lang='lat' dir='ltr'><strong>et</strong></span> 
     </span>
    </p>
   </div>
   <div class='ocr_carea' id='block_1_11' title="bbox 201 893 1366 943">
    <p class='ocr_par' dir='ltr' id='par_1_11' title="bbox 201 893 1366 943">
     <span class='ocr_line' id='line_1_15' title="bbox 201 893 1366 943; baseline 0.004 -16"><span class='ocrx_word' id='word_1_92' title='bbox 201 893 256 927; x_wconf 88' lang='lat' dir='ltr'><strong>ed.</strong></span> <span class='ocrx_word' id='word_1_93' title='bbox 276 894 448 928; x_wconf 89' lang='lat' dir='ltr'><strong>Nuremb.</strong></span> <span class='ocrx_word' id='word_1_94' title='bbox 475 894 675 941; x_wconf 82' lang='lat' dir='ltr'><strong>proprior,</strong></span> <span class='ocrx_word' id='word_1_95' title='bbox 703 893 766 939; x_wconf 89' lang='lat' dir='ltr'><strong>(ut</strong></span> <span class='ocrx_word' id='word_1_96' title='bbox 783 894 913 929; x_wconf 87' lang='lat' dir='ltr'><strong>Medic.</strong></span> <span class='ocrx_word' id='word_1_97' title='bbox 945 894 1041 940; x_wconf 85' lang='lat' dir='ltr'><strong>Wr.)</strong></span> <span class='ocrx_word' id='word_1_98' title='bbox 1079 896 1232 931; x_wconf 85' lang='lat' dir='ltr'><strong>sollenni</strong></span> <span class='ocrx_word' id='word_1_99' title='bbox 1250 898 1366 943; x_wconf 87' lang='lat' dir='ltr'><strong>lapsu.</strong></span> 
     </span>
    </p>
   </div>
   <div class='ocr_carea' id='block_1_12' title="bbox 195 965 937 1195">
    <p class='ocr_par' dir='ltr' id='par_1_12' title="bbox 195 965 937 1195">
     <span class='ocr_line' id='line_1_16' title="bbox 204 965 932 1018; baseline 0 -12"><span class='ocrx_word' id='word_1_100' title='bbox 204 969 328 1010; x_wconf 83' lang='lat'><strong>1639.</strong></span> <span class='ocrx_word' id='word_1_101' title='bbox 354 965 466 1009; x_wconf 83' lang='lat'><strong>1640</strong></span> <span class='ocrx_word' id='word_1_102' title='bbox 496 966 600 1005; x_wconf 88' lang='lat' dir='ltr'><strong>liber</strong></span> <span class='ocrx_word' id='word_1_103' title='bbox 619 968 733 1005; x_wconf 83' lang='lat' dir='ltr'><strong>Petri</strong></span> <span class='ocrx_word' id='word_1_104' title='bbox 751 967 932 1018; x_wconf 74' lang='lat' dir='ltr'><strong>Castelli,</strong></span> 
     </span>
     <span class='ocr_line' id='line_1_17' title="bbox 197 1023 937 1079; baseline 0.001 -15"><span class='ocrx_word' id='word_1_105' title='bbox 197 1026 427 1065; x_wconf 85' lang='lat' dir='ltr'><strong>Balsamum</strong></span> <span class='ocrx_word' id='word_1_106' title='bbox 461 1025 738 1064; x_wconf 79' lang='lat' dir='ltr'><strong>examinatum</strong></span> <span class='ocrx_word' id='word_1_107' title='bbox 767 1023 937 1079; x_wconf 87' lang='lat' dir='ltr'><strong>(Messa-</strong></span> 
     </span>
     <span class='ocr_line' id='line_1_18' title="bbox 201 1081 936 1138; baseline -0.003 -14"><span class='ocrx_word' id='word_1_108' title='bbox 201 1097 278 1124; x_wconf 88' lang='lat' dir='ltr'><strong>nae</strong></span> <span class='ocrx_word' id='word_1_109' title='bbox 302 1081 448 1138; x_wconf 84' lang='lat'><strong>1640),</strong></span> <span class='ocrx_word' id='word_1_110' title='bbox 484 1089 525 1122; x_wconf 86' lang='lat' dir='ltr'><strong>et</strong></span> <span class='ocrx_word' id='word_1_111' title='bbox 553 1086 617 1123; x_wconf 91' lang='lat' dir='ltr'><strong>Io.</strong></span> <span class='ocrx_word' id='word_1_112' title='bbox 652 1084 803 1136; x_wconf 74' lang='lat' dir='ltr'><strong>Georg.</strong></span> <span class='ocrx_word' id='word_1_113' title='bbox 832 1086 877 1125; x_wconf 91' lang='lat' dir='ltr'><em>V</em></span> <span class='ocrx_word' id='word_1_114' title='bbox 874 1085 936 1123; x_wconf 83' lang='lat' dir='ltr'><strong>ol-</strong></span> 
     </span>
     <span class='ocr_line' id='line_1_19' title="bbox 195 1142 935 1195; baseline 0.001 -14"><span class='ocrx_word' id='word_1_115' title='bbox 195 1143 338 1181; x_wconf 80' lang='lat' dir='ltr'><strong>kamer</strong></span> <span class='ocrx_word' id='word_1_116' title='bbox 353 1142 611 1195; x_wconf 86' lang='lat' dir='ltr'><strong>Opobalsami</strong></span> <span class='ocrx_word' id='word_1_117' title='bbox 628 1142 836 1181; x_wconf 86' lang='lat' dir='ltr'><strong>orientalis</strong></span> <span class='ocrx_word' id='word_1_118' title='bbox 860 1156 935 1182; x_wconf 84' lang='lat' dir='ltr'><strong>ex-</strong></span> 
     </span>
    </p>
   </div>
   <div class='ocr_carea' id='block_1_13' title="bbox 117 1199 932 1253">
    <p class='ocr_par' dir='ltr' id='par_1_13' title="bbox 117 1199 932 1253">
     <span class='ocr_line' id='line_1_20' title="bbox 117 1199 932 1253; baseline 0.001 -14"><span class='ocrx_word' id='word_1_119' title='bbox 117 1242 124 1247; x_wconf 68' lang='grc'>,</span> <span class='ocrx_word' id='word_1_120' title='bbox 195 1214 314 1240; x_wconf 88' lang='lat' dir='ltr'><strong>amen</strong></span> <span class='ocrx_word' id='word_1_121' title='bbox 346 1199 479 1251; x_wconf 89' lang='lat'><strong>1644,</strong></span> <span class='ocrx_word' id='word_1_122' title='bbox 505 1200 549 1239; x_wconf 90' lang='lat' dir='ltr'><strong>in</strong></span> <span class='ocrx_word' id='word_1_123' title='bbox 587 1200 734 1253; x_wconf 83' lang='lat' dir='ltr'><strong>quibus</strong></span> <span class='ocrx_word' id='word_1_124' title='bbox 764 1201 816 1240; x_wconf 87' lang='lat' dir='ltr'><strong>ad</strong></span> <span class='ocrx_word' id='word_1_125' title='bbox 845 1200 887 1241; x_wconf 90' lang='lat' dir='ltr'><strong>h.</strong></span> <span class='ocrx_word' id='word_1_126' title='bbox 906 1201 932 1240; x_wconf 95' lang='lat' dir='ltr'><strong>l.</strong></span> 
     </span>
    </p>
   </div>
   <div class='ocr_carea' id='block_1_14' title="bbox 178 1259 936 3068">
    <p class='ocr_par' dir='ltr' id='par_1_14' title="bbox 180 1259 936 2834">
     <span class='ocr_line' id='line_1_21' title="bbox 192 1259 936 1313; baseline 0 -15"><span class='ocrx_word' id='word_1_127' title='bbox 192 1260 342 1313; x_wconf 87' lang='lat' dir='ltr'><strong>passim</strong></span> <span class='ocrx_word' id='word_1_128' title='bbox 362 1265 625 1312; x_wconf 88' lang='lat' dir='ltr'><strong>provocatur.</strong></span> <span class='ocrx_word' id='word_1_129' title='bbox 685 1259 819 1299; x_wconf 84' lang='lat' dir='ltr'><strong>Verba</strong></span> <span class='ocrx_word' id='word_1_130' title='bbox 849 1260 936 1313; x_wconf 88' lang='lat' dir='ltr'><strong>ipsa</strong></span> 
     </span>
     <span class='ocr_line' id='line_1_22' title="bbox 193 1318 935 1370; baseline 0 -12"><span class='ocrx_word' id='word_1_131' title='bbox 193 1318 354 1370; x_wconf 88' lang='lat' dir='ltr'><strong>vulgari</strong></span> <span class='ocrx_word' id='word_1_132' title='bbox 374 1318 558 1357; x_wconf 86' lang='lat' dir='ltr'><strong>oratione</strong></span> <span class='ocrx_word' id='word_1_133' title='bbox 587 1319 644 1358; x_wconf 90' lang='lat' dir='ltr'><strong>sic</strong></span> <span class='ocrx_word' id='word_1_134' title='bbox 673 1318 935 1358; x_wconf 80' lang='lat' dir='ltr'><strong>efferrentur:</strong></span> 
     </span>
     <span class='ocr_line' id='line_1_23' title="bbox 192 1376 935 1417; baseline 0 -1"><span class='ocrx_word' id='word_1_135' title='bbox 192 1390 244 1417; x_wconf 91' lang='lat' dir='ltr'><strong>ne</strong></span> <span class='ocrx_word' id='word_1_136' title='bbox 288 1390 510 1416; x_wconf 85' lang='lat' dir='ltr'><strong>memorem</strong></span> <span class='ocrx_word' id='word_1_137' title='bbox 546 1376 705 1417; x_wconf 82' lang='lat' dir='ltr'><strong>arbores</strong></span> <span class='ocrx_word' id='word_1_138' title='bbox 746 1378 935 1417; x_wconf 82' lang='lat' dir='ltr'><strong>odoratas</strong></span> 
     </span>
     <span class='ocr_line' id='line_1_24' title="bbox 192 1435 934 1476; baseline 0.003 -3"><span class='ocrx_word' id='word_1_139' title='bbox 192 1435 385 1475; x_wconf 78' lang='lat' dir='ltr'><strong>sudantes</strong></span> <span class='ocrx_word' id='word_1_140' title='bbox 405 1435 606 1475; x_wconf 80' lang='lat' dir='ltr'><strong>balsamo.</strong></span> <span class='ocrx_word' id='word_1_141' title='bbox 670 1437 750 1476; x_wconf 88' lang='lat' dir='ltr'><strong>Pro</strong></span> <span class='ocrx_word' id='word_1_142' title='bbox 773 1436 934 1475; x_wconf 87' lang='lat' dir='ltr'><strong>arbori-</strong></span> 
     </span>
     <span class='ocr_line' id='line_1_25' title="bbox 190 1493 928 1546; baseline -0.003 -12"><span class='ocrx_word' id='word_1_143' title='bbox 190 1494 268 1534; x_wconf 87' lang='lat' dir='ltr'><strong>bus</strong></span> <span class='ocrx_word' id='word_1_144' title='bbox 291 1494 397 1534; x_wconf 77' lang='lat' dir='ltr'><strong>dixit</strong></span> <span class='ocrx_word' id='word_1_145' title='bbox 415 1495 550 1546; x_wconf 75' lang='lat' dir='ltr'><strong>ligna.</strong></span> <span class='ocrx_word' id='word_1_146' title='bbox 613 1493 724 1534; x_wconf 91' lang='lat' dir='ltr'><strong>Alias</strong></span> <span class='ocrx_word' id='word_1_147' title='bbox 745 1495 928 1546; x_wconf 83' lang='lat' dir='ltr'><strong>exsudat,</strong></span> 
     </span>
     <span class='ocr_line' id='line_1_26' title="bbox 190 1552 931 1604; baseline -0.001 -13"><span class='ocrx_word' id='word_1_148' title='bbox 190 1553 377 1604; x_wconf 77' lang='lat' dir='ltr'><strong>desudat,</strong></span> <span class='ocrx_word' id='word_1_149' title='bbox 394 1552 633 1593; x_wconf 81' lang='lat' dir='ltr'><strong>balsamum.</strong></span> <span class='ocrx_word' id='word_1_150' title='bbox 668 1555 763 1596; x_wconf 90' lang='lat'><strong>119.</strong></span> <span class='ocrx_word' id='word_1_151' title='bbox 784 1553 931 1592; x_wconf 79' lang='lat' dir='ltr'><strong>Acan-</strong></span> 
     </span>
     <span class='ocr_line' id='line_1_27' title="bbox 191 1609 930 1666; baseline 0.001 -16"><span class='ocrx_word' id='word_1_152' title='bbox 191 1611 284 1650; x_wconf 77' lang='lat' dir='ltr'><strong>thus</strong></span> <span class='ocrx_word' id='word_1_153' title='bbox 311 1610 354 1651; x_wconf 88' lang='grc'><strong>11.</strong></span> <span class='ocrx_word' id='word_1_154' title='bbox 379 1611 406 1651; x_wconf 88' lang='lat' dir='ltr'><strong>l.</strong></span> <span class='ocrx_word' id='word_1_155' title='bbox 442 1625 528 1651; x_wconf 89' lang='lat' dir='ltr'><strong>non</strong></span> <span class='ocrx_word' id='word_1_156' title='bbox 553 1610 705 1651; x_wconf 88' lang='lat' dir='ltr'><strong>herbae</strong></span> <span class='ocrx_word' id='word_1_157' title='bbox 744 1609 818 1666; x_wconf 90' lang='lat' dir='ltr'><strong>(ut</strong></span> <span class='ocrx_word' id='word_1_158' title='bbox 845 1611 930 1651; x_wconf 90' lang='lat' dir='ltr'><strong>Ecl.</strong></span> 
     </span>
     <span class='ocr_line' id='line_1_28' title="bbox 188 1668 931 1725; baseline 0 -16"><span class='ocrx_word' id='word_1_159' title='bbox 188 1669 255 1720; x_wconf 93' lang='grc' dir='ltr'><strong>ΠΙ,</strong></span> <span class='ocrx_word' id='word_1_160' title='bbox 275 1668 331 1713; x_wconf 85' lang='grc'><strong>45</strong></span> <span class='ocrx_word' id='word_1_161' title='bbox 362 1676 404 1709; x_wconf 86' lang='lat' dir='ltr'><strong>et</strong></span> <span class='ocrx_word' id='word_1_162' title='bbox 429 1668 520 1725; x_wconf 78' lang='lat' dir='ltr'><strong>aL),</strong></span> <span class='ocrx_word' id='word_1_163' title='bbox 551 1670 622 1709; x_wconf 89' lang='lat' dir='ltr'><strong>sed</strong></span> <span class='ocrx_word' id='word_1_164' title='bbox 650 1670 831 1721; x_wconf 83' lang='lat' dir='ltr'><strong>arboris,</strong></span> <span class='ocrx_word' id='word_1_165' title='bbox 859 1683 931 1723; x_wconf 86' lang='lat' dir='ltr'><strong>ge-</strong></span> 
     </span>
     <span class='ocr_line' id='line_1_29' title="bbox 187 1730 929 1782; baseline 0.001 -15"><span class='ocrx_word' id='word_1_166' title='bbox 187 1741 291 1778; x_wconf 75' lang='lat' dir='ltr'><strong>nuS‚</strong></span> <span class='ocrx_word' id='word_1_167' title='bbox 320 1741 397 1767; x_wconf 89' lang='lat' dir='ltr'><strong>nec</strong></span> <span class='ocrx_word' id='word_1_168' title='bbox 424 1734 564 1767; x_wconf 89' lang='lat' dir='ltr'><strong>tamen</strong></span> <span class='ocrx_word' id='word_1_169' title='bbox 587 1730 681 1768; x_wconf 90' lang='lat' dir='ltr'><strong>satis</strong></span> <span class='ocrx_word' id='word_1_170' title='bbox 707 1735 929 1782; x_wconf 81' lang='lat' dir='ltr'><strong>comperto,</strong></span> 
     </span>
     <span class='ocr_line' id='line_1_30' title="bbox 187 1785 929 1840; baseline 0 -15"><span class='ocrx_word' id='word_1_171' title='bbox 187 1785 378 1826; x_wconf 77' lang='lat' dir='ltr'><strong>habetur.</strong></span> <span class='ocrx_word' id='word_1_172' title='bbox 420 1787 545 1840; x_wconf 89' lang='lat' dir='ltr'><strong>Spina</strong></span> <span class='ocrx_word' id='word_1_173' title='bbox 563 1793 624 1826; x_wconf 90' lang='lat' dir='ltr'><strong>est</strong></span> <span class='ocrx_word' id='word_1_174' title='bbox 646 1802 718 1827; x_wconf 89' lang='lat' dir='ltr'><strong>seu</strong></span> <span class='ocrx_word' id='word_1_175' title='bbox 736 1786 929 1840; x_wconf 85' lang='lat' dir='ltr'><strong>Aegyptia</strong></span> 
     </span>
     <span class='ocr_line' id='line_1_31' title="bbox 188 1844 929 1896; baseline 0.001 -13"><span class='ocrx_word' id='word_1_176' title='bbox 188 1858 260 1885; x_wconf 88' lang='lat' dir='ltr'><strong>seu</strong></span> <span class='ocrx_word' id='word_1_177' title='bbox 287 1844 483 1896; x_wconf 88' lang='lat' dir='ltr'><strong>Arabica,</strong></span> <span class='ocrx_word' id='word_1_178' title='bbox 524 1859 620 1884; x_wconf 86' lang='lat' dir='ltr'><strong>nam</strong></span> <span class='ocrx_word' id='word_1_179' title='bbox 644 1852 686 1885; x_wconf 85' lang='lat' dir='ltr'><strong>et</strong></span> <span class='ocrx_word' id='word_1_180' title='bbox 715 1845 793 1884; x_wconf 90' lang='lat' dir='ltr'><strong>hae</strong></span> <span class='ocrx_word' id='word_1_181' title='bbox 819 1845 929 1885; x_wconf 86' lang='lat' dir='ltr'><strong>inter</strong></span> 
     </span>
     <span class='ocr_line' id='line_1_32' title="bbox 187 1903 927 1955; baseline 0 -13"><span class='ocrx_word' id='word_1_182' title='bbox 187 1915 229 1942; x_wconf 88' lang='lat' dir='ltr'><strong>se</strong></span> <span class='ocrx_word' id='word_1_183' title='bbox 260 1903 464 1955; x_wconf 83' lang='lat' dir='ltr'><strong>diversae3</strong></span> <span class='ocrx_word' id='word_1_184' title='bbox 501 1904 757 1944; x_wconf 88' lang='lat' dir='ltr'><strong>communius</strong></span> <span class='ocrx_word' id='word_1_185' title='bbox 795 1919 927 1943; x_wconf 79' lang='lat' dir='ltr'><strong>aean—-</strong></span> 
     </span>
     <span class='ocr_line' id='line_1_33' title="bbox 187 1961 929 2015; baseline 0.001 -15"><span class='ocrx_word' id='word_1_186' title='bbox 187 1961 273 2012; x_wconf 79' lang='lat' dir='ltr'><strong>tha,</strong></span> <span class='ocrx_word' id='word_1_187' title='bbox 304 1962 473 2015; x_wconf 86' lang='lat' dir='ltr'><strong>vulgare</strong></span> <span class='ocrx_word' id='word_1_188' title='bbox 493 1976 642 2001; x_wconf 90' lang='lat' dir='ltr'><strong>nomen</strong></span> <span class='ocrx_word' id='word_1_189' title='bbox 662 1965 825 2012; x_wconf 85' lang='lat' dir='ltr'><strong>acacia,</strong></span> <span class='ocrx_word' id='word_1_190' title='bbox 846 1977 929 2001; x_wconf 92' lang='lat' dir='ltr'><strong>un-</strong></span> 
     </span>
     <span class='ocr_line' id='line_1_34' title="bbox 187 2019 925 2074; baseline 0.003 -15"><span class='ocrx_word' id='word_1_191' title='bbox 187 2020 239 2059; x_wconf 87' lang='lat' dir='ltr'><strong>de</strong></span> <span class='ocrx_word' id='word_1_192' title='bbox 257 2021 411 2074; x_wconf 86' lang='lat' dir='ltr'><strong>gummi</strong></span> <span class='ocrx_word' id='word_1_193' title='bbox 429 2019 650 2061; x_wconf 82' lang='lat' dir='ltr'><strong>Arabicum</strong></span> <span class='ocrx_word' id='word_1_194' title='bbox 663 2021 795 2074; x_wconf 81' lang='lat' dir='ltr'><strong>colligi</strong></span> <span class='ocrx_word' id='word_1_195' title='bbox 812 2021 925 2061; x_wconf 88' lang='lat' dir='ltr'><strong>solet.</strong></span> 
     </span>
     <span class='ocr_line' id='line_1_35' title="bbox 184 2078 925 2134; baseline 0.001 -16"><span class='ocrx_word' id='word_1_196' title='bbox 184 2079 272 2119; x_wconf 85' lang='lat' dir='ltr'><strong>vid.</strong></span> <span class='ocrx_word' id='word_1_197' title='bbox 299 2079 433 2134; x_wconf 87' lang='lat' dir='ltr'><strong>Alpin.</strong></span> <span class='ocrx_word' id='word_1_198' title='bbox 464 2094 497 2118; x_wconf 88' lang='lat' dir='ltr'><strong>c.</strong></span> <span class='ocrx_word' id='word_1_199' title='bbox 526 2079 718 2133; x_wconf 87' lang='lat' dir='ltr'><strong>Wesling.</strong></span> <span class='ocrx_word' id='word_1_200' title='bbox 758 2094 799 2133; x_wconf 84' lang='lat' dir='ltr'><strong>p.</strong></span> <span class='ocrx_word' id='word_1_201' title='bbox 830 2078 925 2122; x_wconf 85' lang='lat'><strong>164.</strong></span> 
     </span>
     <span class='ocr_line' id='line_1_36' title="bbox 183 2137 925 2189; baseline 0 -12"><span class='ocrx_word' id='word_1_202' title='bbox 183 2137 357 2178; x_wconf 90' lang='lat' dir='ltr'><strong>Bauhin.</strong></span> <span class='ocrx_word' id='word_1_203' title='bbox 376 2137 472 2178; x_wconf 87' lang='lat' dir='ltr'><strong>hist.</strong></span> <span class='ocrx_word' id='word_1_204' title='bbox 489 2138 620 2177; x_wconf 87' lang='lat' dir='ltr'><strong>Plant.</strong></span> <span class='ocrx_word' id='word_1_205' title='bbox 640 2139 753 2178; x_wconf 89' lang='lat' dir='ltr'><strong>Tom.</strong></span> <span class='ocrx_word' id='word_1_206' title='bbox 773 2138 803 2188; x_wconf 94' lang='lat' dir='ltr'><strong>I,</strong></span> <span class='ocrx_word' id='word_1_207' title='bbox 821 2137 863 2177; x_wconf 93' lang='lat' dir='ltr'><strong>P.</strong></span> <span class='ocrx_word' id='word_1_208' title='bbox 877 2138 925 2189; x_wconf 89' lang='lat'><strong>11,</strong></span> 
     </span>
     <span class='ocr_line' id='line_1_37' title="bbox 184 2195 923 2250; baseline 0.003 -16"><span class='ocrx_word' id='word_1_209' title='bbox 184 2211 273 2249; x_wconf 84' lang='lat' dir='ltr'><strong>pag.</strong></span> <span class='ocrx_word' id='word_1_210' title='bbox 296 2196 380 2240; x_wconf 88' lang='lat'><strong>426</strong></span> <span class='ocrx_word' id='word_1_211' title='bbox 397 2210 482 2249; x_wconf 91' lang='lat' dir='ltr'><strong>sqq.</strong></span> <span class='ocrx_word' id='word_1_212' title='bbox 526 2197 577 2236; x_wconf 90' lang='lat' dir='ltr'><strong>de</strong></span> <span class='ocrx_word' id='word_1_213' title='bbox 603 2197 734 2237; x_wconf 86' lang='lat' dir='ltr'><strong>Plant.</strong></span> <span class='ocrx_word' id='word_1_214' title='bbox 754 2195 923 2250; x_wconf 84' lang='lat' dir='ltr'><strong>Aegypt.</strong></span> 
     </span>
     <span class='ocr_line' id='line_1_38' title="bbox 183 2255 925 2295; baseline 0 -2"><span class='ocrx_word' id='word_1_215' title='bbox 183 2269 296 2294; x_wconf 90' lang='lat' dir='ltr'><strong>nunc</strong></span> <span class='ocrx_word' id='word_1_216' title='bbox 315 2258 488 2294; x_wconf 87' lang='lat' dir='ltr'><strong>mimosa</strong></span> <span class='ocrx_word' id='word_1_217' title='bbox 506 2257 673 2294; x_wconf 81' lang='lat' dir='ltr'><strong>nilotica</strong></span> <span class='ocrx_word' id='word_1_218' title='bbox 690 2256 805 2295; x_wconf 89' lang='lat' dir='ltr'><strong>Linn.</strong></span> <span class='ocrx_word' id='word_1_219' title='bbox 835 2255 925 2294; x_wconf 91' lang='lat' dir='ltr'><strong>Ha-</strong></span> 
     </span>
     <span class='ocr_line' id='line_1_39' title="bbox 182 2313 921 2367; baseline 0.001 -15"><span class='ocrx_word' id='word_1_220' title='bbox 182 2313 254 2352; x_wconf 89' lang='lat' dir='ltr'><strong>bet</strong></span> <span class='ocrx_word' id='word_1_221' title='bbox 268 2314 432 2366; x_wconf 89' lang='lat' dir='ltr'><strong>quidem</strong></span> <span class='ocrx_word' id='word_1_222' title='bbox 449 2327 496 2352; x_wconf 87' lang='lat' dir='ltr'><strong>ea</strong></span> <span class='ocrx_word' id='word_1_223' title='bbox 512 2314 634 2353; x_wconf 89' lang='lat' dir='ltr'><strong>arbor</strong></span> <span class='ocrx_word' id='word_1_224' title='bbox 644 2314 820 2367; x_wconf 85' lang='lat' dir='ltr'><strong>siliquas,</strong></span> <span class='ocrx_word' id='word_1_225' title='bbox 838 2328 921 2353; x_wconf 89' lang='lat' dir='ltr'><strong>non</strong></span> 
     </span>
     <span class='ocr_line' id='line_1_40' title="bbox 182 2371 922 2420; baseline 0.001 -10"><span class='ocrx_word' id='word_1_226' title='bbox 182 2371 357 2420; x_wconf 83' lang='lat' dir='ltr'><strong>baccas;</strong></span> <span class='ocrx_word' id='word_1_227' title='bbox 399 2372 470 2411; x_wconf 90' lang='lat' dir='ltr'><strong>sed</strong></span> <span class='ocrx_word' id='word_1_228' title='bbox 497 2372 622 2411; x_wconf 88' lang='lat' dir='ltr'><strong>bacca</strong></span> <span class='ocrx_word' id='word_1_229' title='bbox 649 2373 835 2412; x_wconf 84' lang='lat' dir='ltr'><strong>latiorem</strong></span> <span class='ocrx_word' id='word_1_230' title='bbox 866 2373 922 2411; x_wconf 90' lang='lat' dir='ltr'><strong>si-</strong></span> 
     </span>
     <span class='ocr_line' id='line_1_41' title="bbox 181 2429 921 2482; baseline 0.003 -14"><span class='ocrx_word' id='word_1_231' title='bbox 181 2429 417 2482; x_wconf 86' lang='lat' dir='ltr'><strong>gnificatum</strong></span> <span class='ocrx_word' id='word_1_232' title='bbox 435 2430 571 2470; x_wconf 87' lang='lat' dir='ltr'><strong>habet.</strong></span> <span class='ocrx_word' id='word_1_233' title='bbox 611 2429 782 2470; x_wconf 87' lang='lat' dir='ltr'><strong>Arboris</strong></span> <span class='ocrx_word' id='word_1_234' title='bbox 798 2430 921 2470; x_wconf 79' lang='lat' dir='ltr'><strong>hujus</strong></span> 
     </span>
     <span class='ocr_line' id='line_1_42' title="bbox 181 2489 920 2543; baseline 0.004 -17"><span class='ocrx_word' id='word_1_235' title='bbox 181 2502 279 2527; x_wconf 88' lang='lat' dir='ltr'><strong>usus</strong></span> <span class='ocrx_word' id='word_1_236' title='bbox 320 2489 443 2528; x_wconf 86' lang='lat' dir='ltr'><strong>etiam</strong></span> <span class='ocrx_word' id='word_1_237' title='bbox 465 2490 509 2528; x_wconf 88' lang='lat' dir='ltr'><strong>in</strong></span> <span class='ocrx_word' id='word_1_238' title='bbox 541 2490 795 2543; x_wconf 84' lang='lat' dir='ltr'><strong>sculptilibus</strong></span> <span class='ocrx_word' id='word_1_239' title='bbox 830 2490 920 2529; x_wconf 81' lang='lat' dir='ltr'><strong>suit.</strong></span> 
     </span>
     <span class='ocr_line' id='line_1_43' title="bbox 181 2546 922 2601; baseline 0.004 -17"><span class='ocrx_word' id='word_1_240' title='bbox 181 2547 360 2586; x_wconf 87' lang='lat' dir='ltr'><strong>Caesaris</strong></span> <span class='ocrx_word' id='word_1_241' title='bbox 379 2546 613 2601; x_wconf 85' lang='lat' dir='ltr'><strong>triumphus</strong></span> <span class='ocrx_word' id='word_1_242' title='bbox 632 2548 827 2587; x_wconf 88' lang='lat' dir='ltr'><strong>Ponticus</strong></span> <span class='ocrx_word' id='word_1_243' title='bbox 853 2562 922 2601; x_wconf 89' lang='lat' dir='ltr'><strong>ap-</strong></span> 
     </span>
     <span class='ocr_line' id='line_1_44' title="bbox 180 2605 918 2658; baseline 0.003 -15"><span class='ocrx_word' id='word_1_244' title='bbox 180 2612 374 2658; x_wconf 83' lang='lat' dir='ltr'><strong>paratum</strong></span> <span class='ocrx_word' id='word_1_245' title='bbox 424 2620 475 2645; x_wconf 86' lang='lat' dir='ltr'><strong>ex</strong></span> <span class='ocrx_word' id='word_1_246' title='bbox 522 2605 697 2645; x_wconf 86' lang='lat' dir='ltr'><strong>acantho</strong></span> <span class='ocrx_word' id='word_1_247' title='bbox 753 2606 918 2646; x_wconf 81' lang='lat' dir='ltr'><strong>habuit:</strong></span> 
     </span>
     <span class='ocr_line' id='line_1_45' title="bbox 180 2663 918 2717; baseline 0 -14"><span class='ocrx_word' id='word_1_248' title='bbox 180 2663 317 2703; x_wconf 87' lang='lat' dir='ltr'><strong>Vellei.</strong></span> <span class='ocrx_word' id='word_1_249' title='bbox 346 2665 405 2715; x_wconf 90' lang='lat' dir='ltr'><strong>II,</strong></span> <span class='ocrx_word' id='word_1_250' title='bbox 435 2665 514 2714; x_wconf 90' lang='lat'><strong>56,</strong></span> <span class='ocrx_word' id='word_1_251' title='bbox 547 2667 586 2706; x_wconf 80' lang='lat'><strong>2.</strong></span> <span class='ocrx_word' id='word_1_252' title='bbox 647 2665 704 2703; x_wconf 90' lang='lat' dir='ltr'><strong>De</strong></span> <span class='ocrx_word' id='word_1_253' title='bbox 738 2664 918 2717; x_wconf 81' lang='lat' dir='ltr'><strong>agrifolio</strong></span> 
     </span>
     <span class='ocr_line' id='line_1_46' title="bbox 180 2722 918 2775; baseline 0.001 -14"><span class='ocrx_word' id='word_1_254' title='bbox 180 2723 355 2775; x_wconf 83' lang='lat' dir='ltr'><strong>cogitare</strong></span> <span class='ocrx_word' id='word_1_255' title='bbox 394 2737 479 2762; x_wconf 87' lang='lat' dir='ltr'><strong>non</strong></span> <span class='ocrx_word' id='word_1_256' title='bbox 517 2722 645 2773; x_wconf 81' lang='lat' dir='ltr'><strong>licet3</strong></span> <span class='ocrx_word' id='word_1_257' title='bbox 691 2723 918 2762; x_wconf 84' lang='lat' dir='ltr'><strong>laudantur</strong></span> 
     </span>
     <span class='ocr_line' id='line_1_47' title="bbox 180 2781 742 2834; baseline 0 -14"><span class='ocrx_word' id='word_1_258' title='bbox 180 2781 288 2820; x_wconf 86' lang='lat' dir='ltr'><strong>enim</strong></span> <span class='ocrx_word' id='word_1_259' title='bbox 311 2781 475 2834; x_wconf 86' lang='lat' dir='ltr'><strong>plantae</strong></span> <span class='ocrx_word' id='word_1_260' title='bbox 496 2782 742 2833; x_wconf 86' lang='lat' dir='ltr'><strong>peregrinae.</strong></span> 
     </span>
    </p>

    <p class='ocr_par' dir='ltr' id='par_1_15' title="bbox 178 2838 917 3068">
     <span class='ocr_line' id='line_1_48' title="bbox 241 2838 916 2888; baseline -0.001 -6"><span class='ocrx_word' id='word_1_261' title='bbox 241 2842 334 2882; x_wconf 90' lang='lat'><strong>120.</strong></span> <span class='ocrx_word' id='word_1_262' title='bbox 375 2840 476 2879; x_wconf 89' lang='lat' dir='ltr'><strong>Plin.</strong></span> <span class='ocrx_word' id='word_1_263' title='bbox 508 2838 631 2888; x_wconf 87' lang='lat' dir='ltr'><strong>XIX,</strong></span> <span class='ocrx_word' id='word_1_264' title='bbox 663 2841 707 2888; x_wconf 91' lang='lat'><strong>1,</strong></span> <span class='ocrx_word' id='word_1_265' title='bbox 738 2853 768 2878; x_wconf 77' lang='lat' dir='ltr'><strong>s,</strong></span> <span class='ocrx_word' id='word_1_266' title='bbox 785 2841 812 2880; x_wconf 91' lang='lat'><strong>2</strong></span> <span class='ocrx_word' id='word_1_267' title='bbox 830 2853 870 2878; x_wconf 90' lang='lat' dir='ltr'><strong>n.</strong></span> <span class='ocrx_word' id='word_1_268' title='bbox 889 2841 916 2881; x_wconf 81' lang='grc'><strong>3</strong></span> 
     </span>
     <span class='ocr_line' id='line_1_49' title="bbox 180 2897 917 2950; baseline -0.003 -14"><span class='ocrx_word' id='word_1_269' title='bbox 180 2899 373 2950; x_wconf 86' lang='lat' dir='ltr'><strong>Superior</strong></span> <span class='ocrx_word' id='word_1_270' title='bbox 394 2912 498 2950; x_wconf 87' lang='lat' dir='ltr'><strong>pars</strong></span> <span class='ocrx_word' id='word_1_271' title='bbox 526 2897 710 2948; x_wconf 81' lang='lat' dir='ltr'><strong>Aegypti</strong></span> <span class='ocrx_word' id='word_1_272' title='bbox 739 2898 783 2934; x_wconf 87' lang='lat' dir='ltr'><strong>in</strong></span> <span class='ocrx_word' id='word_1_273' title='bbox 802 2897 917 2935; x_wconf 90' lang='lat' dir='ltr'><strong>Ara-</strong></span> 
     </span>
     <span class='ocr_line' id='line_1_50' title="bbox 178 2954 912 3009; baseline -0.003 -15"><span class='ocrx_word' id='word_1_274' title='bbox 178 2956 290 2995; x_wconf 82' lang='lat' dir='ltr'><strong>biam</strong></span> <span class='ocrx_word' id='word_1_275' title='bbox 332 2970 500 3009; x_wconf 70' lang='lat' dir='ltr'><strong>vergens</strong></span> <span class='ocrx_word' id='word_1_276' title='bbox 535 2956 676 3007; x_wconf 79' lang='lat' dir='ltr'><strong>gignit</strong></span> <span class='ocrx_word' id='word_1_277' title='bbox 699 2954 912 3005; x_wconf 78' lang='lat' dir='ltr'><strong>fruticem,</strong></span> 
     </span>
     <span class='ocr_line' id='line_1_51' title="bbox 179 3012 912 3068; baseline -0.003 -15"><span class='ocrx_word' id='word_1_278' title='bbox 179 3029 298 3068; x_wconf 82' lang='lat' dir='ltr'><strong>quem</strong></span> <span class='ocrx_word' id='word_1_279' title='bbox 333 3015 468 3068; x_wconf 77' lang='lat' dir='ltr'><strong>aliqui</strong></span> <span class='ocrx_word' id='word_1_280' title='bbox 505 3012 723 3066; x_wconf 86' lang='lat' dir='ltr'><strong>gossypion</strong></span> <span class='ocrx_word' id='word_1_281' title='bbox 750 3021 912 3063; x_wconf 70' lang='lat' dir='ltr'><strong>vocant,</strong></span> 
     </span>
    </p>
   </div>
   <div class='ocr_carea' id='block_1_15' title="bbox 969 968 1733 3066">
    <p class='ocr_par' dir='ltr' id='par_1_16' title="bbox 981 968 1733 1138">
     <span class='ocr_line' id='line_1_52' title="bbox 993 968 1733 1023; baseline 0.005 -17"><span class='ocrx_word' id='word_1_282' title='bbox 993 968 1133 1019; x_wconf 85' lang='lat' dir='ltr'><strong>plures</strong></span> <span class='ocrx_word' id='word_1_283' title='bbox 1154 970 1284 1023; x_wconf 82' lang='lat' dir='ltr'><strong>xylon</strong></span> <span class='ocrx_word' id='word_1_284' title='bbox 1297 1000 1309 1020; x_wconf 92' lang='lat'><strong>,</strong></span> <span class='ocrx_word' id='word_1_285' title='bbox 1352 979 1390 1010; x_wconf 81' lang='lat' dir='ltr'><strong>et</strong></span> <span class='ocrx_word' id='word_1_286' title='bbox 1418 970 1508 1010; x_wconf 83' lang='lat' dir='ltr'><strong>ideo</strong></span> <span class='ocrx_word' id='word_1_287' title='bbox 1530 971 1619 1010; x_wconf 85' lang='lat' dir='ltr'><strong>lina</strong></span> <span class='ocrx_word' id='word_1_288' title='bbox 1639 971 1733 1010; x_wconf 87' lang='lat' dir='ltr'><strong>inde</strong></span> 
     </span>
     <span class='ocr_line' id='line_1_53' title="bbox 981 1026 1732 1081; baseline 0.007 -17"><span class='ocrx_word' id='word_1_289' title='bbox 981 1026 1112 1078; x_wconf 82' lang='lat' dir='ltr'><strong>sacta</strong></span> <span class='ocrx_word' id='word_1_290' title='bbox 1164 1028 1319 1081; x_wconf 78' lang='lat' dir='ltr'><strong>xylina.</strong></span> <span class='ocrx_word' id='word_1_291' title='bbox 1384 1029 1534 1069; x_wconf 86' lang='lat' dir='ltr'><strong>Parata</strong></span> <span class='ocrx_word' id='word_1_292' title='bbox 1590 1042 1642 1069; x_wconf 86' lang='lat' dir='ltr'><strong>ex</strong></span> <span class='ocrx_word' id='word_1_293' title='bbox 1684 1043 1732 1069; x_wconf 89' lang='lat' dir='ltr'><strong>ea</strong></span> 
     </span>
     <span class='ocr_line' id='line_1_54' title="bbox 993 1084 1149 1138; baseline 0.006 -15"><span class='ocrx_word' id='word_1_294' title='bbox 993 1084 1149 1138; x_wconf 83' lang='lat' dir='ltr'><strong>byssus,</strong></span> 
     </span>
    </p>

    <p class='ocr_par' dir='ltr' id='par_1_17' title="bbox 979 1143 1732 2599">
     <span class='ocr_line' id='line_1_55' title="bbox 1055 1143 1732 1197; baseline 0.001 -13"><span class='ocrx_word' id='word_1_295' title='bbox 1055 1145 1151 1186; x_wconf 89' lang='lat'><strong>121.</strong></span> <span class='ocrx_word' id='word_1_296' title='bbox 1183 1143 1368 1197; x_wconf 87' lang='lat' dir='ltr'><strong>Vulgaris</strong></span> <span class='ocrx_word' id='word_1_297' title='bbox 1403 1145 1500 1183; x_wconf 86' lang='lat' dir='ltr'><strong>olim</strong></span> <span class='ocrx_word' id='word_1_298' title='bbox 1523 1158 1651 1197; x_wconf 87' lang='lat' dir='ltr'><strong>usque</strong></span> <span class='ocrx_word' id='word_1_299' title='bbox 1677 1146 1732 1186; x_wconf 86' lang='lat' dir='ltr'><strong>ad</strong></span> 
     </span>
     <span class='ocr_line' id='line_1_56' title="bbox 991 1201 1730 1256; baseline 0.005 -16"><span class='ocrx_word' id='word_1_300' title='bbox 991 1201 1092 1254; x_wconf 90' lang='lat' dir='ltr'><strong>Imp.</strong></span> <span class='ocrx_word' id='word_1_301' title='bbox 1115 1202 1326 1242; x_wconf 79' lang='lat' dir='ltr'><strong>Iustiniani</strong></span> <span class='ocrx_word' id='word_1_302' title='bbox 1346 1209 1552 1256; x_wconf 84' lang='lat' dir='ltr'><strong>tempora,</strong></span> <span class='ocrx_word' id='word_1_303' title='bbox 1584 1204 1730 1256; x_wconf 83' lang='lat' dir='ltr'><strong>quibus</strong></span> 
     </span>
     <span class='ocr_line' id='line_1_57' title="bbox 992 1260 1728 1314; baseline 0.003 -15"><span class='ocrx_word' id='word_1_304' title='bbox 992 1260 1172 1313; x_wconf 90' lang='lat' dir='ltr'><strong>primum</strong></span> <span class='ocrx_word' id='word_1_305' title='bbox 1219 1261 1454 1312; x_wconf 86' lang='lat' dir='ltr'><strong>vermiculi,</strong></span> <span class='ocrx_word' id='word_1_306' title='bbox 1503 1275 1605 1314; x_wconf 88' lang='lat' dir='ltr'><strong>quos</strong></span> <span class='ocrx_word' id='word_1_307' title='bbox 1654 1276 1728 1302; x_wconf 90' lang='lat' dir='ltr'><strong>nos</strong></span> 
     </span>
     <span class='ocr_line' id='line_1_58' title="bbox 993 1318 1729 1371; baseline 0.005 -15"><span class='ocrx_word' id='word_1_308' title='bbox 993 1318 1200 1371; x_wconf 77' lang='lat' dir='ltr'><strong>bombyces</strong></span> <span class='ocrx_word' id='word_1_309' title='bbox 1236 1333 1452 1370; x_wconf 85' lang='lat' dir='ltr'><strong>vocamus,</strong></span> <span class='ocrx_word' id='word_1_310' title='bbox 1494 1320 1729 1360; x_wconf 78' lang='lat' dir='ltr'><strong>Constanti-</strong></span> 
     </span>
     <span class='ocr_line' id='line_1_59' title="bbox 992 1377 1726 1431; baseline 0.003 -15"><span class='ocrx_word' id='word_1_311' title='bbox 992 1378 1161 1430; x_wconf 89' lang='lat' dir='ltr'><strong>nopolin</strong></span> <span class='ocrx_word' id='word_1_312' title='bbox 1183 1377 1310 1417; x_wconf 84' lang='lat' dir='ltr'><strong>adlati</strong></span> <span class='ocrx_word' id='word_1_313' title='bbox 1329 1383 1443 1429; x_wconf 89' lang='lat' dir='ltr'><strong>sunt,</strong></span> <span class='ocrx_word' id='word_1_314' title='bbox 1475 1378 1611 1431; x_wconf 89' lang='lat' dir='ltr'><strong>opinio</strong></span> <span class='ocrx_word' id='word_1_315' title='bbox 1635 1379 1726 1430; x_wconf 77' lang='lat' dir='ltr'><strong>fuit,</strong></span> 
     </span>
     <span class='ocr_line' id='line_1_60' title="bbox 993 1436 1728 1490; baseline 0.004 -16"><span class='ocrx_word' id='word_1_316' title='bbox 993 1437 1130 1487; x_wconf 85' lang='lat' dir='ltr'><strong>Seres,</strong></span> <span class='ocrx_word' id='word_1_317' title='bbox 1170 1436 1350 1476; x_wconf 86' lang='lat' dir='ltr'><strong>Indicam</strong></span> <span class='ocrx_word' id='word_1_318' title='bbox 1384 1442 1567 1490; x_wconf 87' lang='lat' dir='ltr'><strong>gentem,</strong></span> <span class='ocrx_word' id='word_1_319' title='bbox 1616 1438 1728 1477; x_wconf 83' lang='lat' dir='ltr'><strong>Seri-</strong></span> 
     </span>
     <span class='ocr_line' id='line_1_61' title="bbox 993 1495 1727 1548; baseline 0.004 -15"><span class='ocrx_word' id='word_1_320' title='bbox 993 1508 1087 1534; x_wconf 92' lang='lat' dir='ltr'><strong>cum</strong></span> <span class='ocrx_word' id='word_1_321' title='bbox 1118 1495 1176 1534; x_wconf 81' lang='lat' dir='ltr'><strong>ita</strong></span> <span class='ocrx_word' id='word_1_322' title='bbox 1208 1508 1380 1548; x_wconf 89' lang='lat' dir='ltr'><strong>parare,</strong></span> <span class='ocrx_word' id='word_1_323' title='bbox 1429 1501 1480 1535; x_wconf 88' lang='lat' dir='ltr'><strong>ut</strong></span> <span class='ocrx_word' id='word_1_324' title='bbox 1513 1501 1673 1536; x_wconf 80' lang='lat' dir='ltr'><strong>textam</strong></span> <span class='ocrx_word' id='word_1_325' title='bbox 1702 1510 1727 1535; x_wconf 86' lang='lat' dir='ltr'><strong>a</strong></span> 
     </span>
     <span class='ocr_line' id='line_1_62' title="bbox 987 1553 1726 1607; baseline 0.003 -15"><span class='ocrx_word' id='word_1_326' title='bbox 987 1553 1252 1606; x_wconf 85' lang='lat' dir='ltr'><strong>bombycibus</strong></span> <span class='ocrx_word' id='word_1_327' title='bbox 1270 1553 1501 1607; x_wconf 87' lang='lat' dir='ltr'><strong>lanuginem</strong></span> <span class='ocrx_word' id='word_1_328' title='bbox 1522 1566 1575 1594; x_wconf 82' lang='lat' dir='ltr'><strong>ex</strong></span> <span class='ocrx_word' id='word_1_329' title='bbox 1590 1561 1726 1594; x_wconf 83' lang='lat' dir='ltr'><strong>certa-</strong></span> 
     </span>
     <span class='ocr_line' id='line_1_63' title="bbox 987 1606 1724 1666; baseline 0.003 -15"><span class='ocrx_word' id='word_1_330' title='bbox 987 1624 1081 1651; x_wconf 85' lang='lat' dir='ltr'><strong>rum</strong></span> <span class='ocrx_word' id='word_1_331' title='bbox 1103 1612 1298 1652; x_wconf 83' lang='lat' dir='ltr'><strong>arborum</strong></span> <span class='ocrx_word' id='word_1_332' title='bbox 1316 1606 1425 1652; x_wconf 82' lang='lat' dir='ltr'><strong>foliis</strong></span> <span class='ocrx_word' id='word_1_333' title='bbox 1448 1612 1724 1666; x_wconf 83' lang='lat' dir='ltr'><strong>depecterent.</strong></span> 
     </span>
     <span class='ocr_line' id='line_1_64' title="bbox 987 1670 1724 1721; baseline 0.003 -13"><span class='ocrx_word' id='word_1_334' title='bbox 987 1670 1089 1710; x_wconf 90' lang='lat' dir='ltr'><strong>Plin.</strong></span> <span class='ocrx_word' id='word_1_335' title='bbox 1106 1670 1173 1721; x_wconf 90' lang='lat' dir='ltr'><strong>VI,</strong></span> <span class='ocrx_word' id='word_1_336' title='bbox 1197 1674 1263 1720; x_wconf 88' lang='lat'><strong>17,</strong></span> <span class='ocrx_word' id='word_1_337' title='bbox 1289 1685 1318 1712; x_wconf 76' lang='lat' dir='ltr'><strong>s·</strong></span> <span class='ocrx_word' id='word_1_338' title='bbox 1345 1674 1403 1713; x_wconf 89' lang='lat'><strong>20</strong></span> <span class='ocrx_word' id='word_1_339' title='bbox 1445 1671 1558 1710; x_wconf 81' lang='lat' dir='ltr'><strong>Seres</strong></span> <span class='ocrx_word' id='word_1_340' title='bbox 1573 1672 1724 1711; x_wconf 83' lang='lat' dir='ltr'><strong>lanicio</strong></span> 
     </span>
     <span class='ocr_line' id='line_1_65' title="bbox 987 1729 1724 1783; baseline 0.003 -16"><span class='ocrx_word' id='word_1_341' title='bbox 987 1729 1188 1768; x_wconf 71' lang='lat' dir='ltr'><strong>silvarum</strong></span> <span class='ocrx_word' id='word_1_342' title='bbox 1211 1729 1363 1768; x_wconf 77' lang='lat' dir='ltr'><strong>nobiles</strong></span> <span class='ocrx_word' id='word_1_343' title='bbox 1372 1729 1592 1782; x_wconf 73' lang='lat' dir='ltr'><strong>perfusam</strong></span> <span class='ocrx_word' id='word_1_344' title='bbox 1611 1744 1724 1783; x_wconf 83' lang='lat' dir='ltr'><strong>aqua</strong></span> 
     </span>
     <span class='ocr_line' id='line_1_66' title="bbox 987 1787 1723 1840; baseline 0.003 -15"><span class='ocrx_word' id='word_1_345' title='bbox 987 1787 1236 1839; x_wconf 82' lang='lat' dir='ltr'><strong>depectentes</strong></span> <span class='ocrx_word' id='word_1_346' title='bbox 1263 1787 1484 1840; x_wconf 82' lang='lat' dir='ltr'><strong>frondium</strong></span> <span class='ocrx_word' id='word_1_347' title='bbox 1519 1789 1723 1828; x_wconf 79' lang='lat' dir='ltr'><strong>canitiem.</strong></span> 
     </span>
     <span class='ocr_line' id='line_1_67' title="bbox 986 1844 1724 1889; baseline 0 -5"><span class='ocrx_word' id='word_1_348' title='bbox 986 1844 1071 1884; x_wconf 84' lang='lat' dir='ltr'><strong>vid.</strong></span> <span class='ocrx_word' id='word_1_349' title='bbox 1109 1846 1274 1885; x_wconf 86' lang='lat' dir='ltr'><strong>Salmas.</strong></span> <span class='ocrx_word' id='word_1_350' title='bbox 1302 1845 1356 1885; x_wconf 90' lang='lat' dir='ltr'><strong>ad</strong></span> <span class='ocrx_word' id='word_1_351' title='bbox 1382 1846 1507 1885; x_wconf 90' lang='lat' dir='ltr'><strong>Solin.</strong></span> <span class='ocrx_word' id='word_1_352' title='bbox 1539 1860 1574 1886; x_wconf 87' lang='lat' dir='ltr'><strong>c.</strong></span> <span class='ocrx_word' id='word_1_353' title='bbox 1605 1849 1659 1889; x_wconf 86' lang='lat'><strong>63</strong></span> <span class='ocrx_word' id='word_1_354' title='bbox 1683 1852 1724 1885; x_wconf 90' lang='lat' dir='ltr'><strong>et</strong></span> 
     </span>
     <span class='ocr_line' id='line_1_68' title="bbox 988 1903 1720 1944; baseline 0.001 -2"><span class='ocrx_word' id='word_1_355' title='bbox 988 1903 1038 1943; x_wconf 86' lang='lat' dir='ltr'><strong>al.</strong></span> <span class='ocrx_word' id='word_1_356' title='bbox 1078 1904 1208 1943; x_wconf 88' lang='lat' dir='ltr'><strong>Cerda</strong></span> <span class='ocrx_word' id='word_1_357' title='bbox 1230 1903 1284 1942; x_wconf 88' lang='lat' dir='ltr'><strong>ad</strong></span> <span class='ocrx_word' id='word_1_358' title='bbox 1304 1903 1347 1943; x_wconf 89' lang='grc'><strong>11.</strong></span> <span class='ocrx_word' id='word_1_359' title='bbox 1371 1903 1399 1944; x_wconf 92' lang='lat' dir='ltr'><strong>l.</strong></span> <span class='ocrx_word' id='word_1_360' title='bbox 1437 1903 1587 1944; x_wconf 79' lang='lat' dir='ltr'><strong>Nostro</strong></span> <span class='ocrx_word' id='word_1_361' title='bbox 1610 1909 1720 1943; x_wconf 87' lang='lat' dir='ltr'><strong>tem-</strong></span> 
     </span>
     <span class='ocr_line' id='line_1_69' title="bbox 984 1962 1721 2016; baseline -0.001 -16"><span class='ocrx_word' id='word_1_362' title='bbox 984 1975 1084 2015; x_wconf 87' lang='lat' dir='ltr'><strong>pore</strong></span> <span class='ocrx_word' id='word_1_363' title='bbox 1103 1976 1197 2002; x_wconf 90' lang='lat' dir='ltr'><strong>cum</strong></span> <span class='ocrx_word' id='word_1_364' title='bbox 1221 1962 1270 2000; x_wconf 90' lang='lat' dir='ltr'><strong>de</strong></span> <span class='ocrx_word' id='word_1_365' title='bbox 1301 1962 1438 2002; x_wconf 89' lang='lat' dir='ltr'><strong>Serico</strong></span> <span class='ocrx_word' id='word_1_366' title='bbox 1463 1969 1556 2001; x_wconf 84' lang='lat' dir='ltr'><strong>tum</strong></span> <span class='ocrx_word' id='word_1_367' title='bbox 1576 1962 1626 2016; x_wconf 76' lang='lat' dir='ltr'><strong>de</strong></span> <span class='ocrx_word' id='word_1_368' title='bbox 1646 1964 1721 2002; x_wconf 81' lang='lat' dir='ltr'><strong>Se..</strong></span> 
     </span>
     <span class='ocr_line' id='line_1_70' title="bbox 982 2020 1720 2074; baseline 0.001 -15"><span class='ocrx_word' id='word_1_369' title='bbox 982 2020 1098 2060; x_wconf 87' lang='lat' dir='ltr'><strong>ribus</strong></span> <span class='ocrx_word' id='word_1_370' title='bbox 1115 2021 1245 2060; x_wconf 85' lang='lat' dir='ltr'><strong>multa</strong></span> <span class='ocrx_word' id='word_1_371' title='bbox 1264 2021 1493 2060; x_wconf 81' lang='lat' dir='ltr'><strong>accuratius</strong></span> <span class='ocrx_word' id='word_1_372' title='bbox 1512 2021 1720 2074; x_wconf 82' lang='lat' dir='ltr'><strong>disputata</strong></span> 
     </span>
     <span class='ocr_line' id='line_1_71' title="bbox 984 2085 1719 2132; baseline 0.003 -15"><span class='ocrx_word' id='word_1_373' title='bbox 984 2085 1081 2118; x_wconf 81' lang='lat' dir='ltr'><strong>sunt</strong></span> <span class='ocrx_word' id='word_1_374' title='bbox 1095 2109 1107 2130; x_wconf 94' lang='lat'><strong>,</strong></span> <span class='ocrx_word' id='word_1_375' title='bbox 1156 2092 1278 2132; x_wconf 87' lang='lat' dir='ltr'><strong>quam</strong></span> <span class='ocrx_word' id='word_1_376' title='bbox 1317 2086 1430 2131; x_wconf 86' lang='lat' dir='ltr'><strong>ante;</strong></span> <span class='ocrx_word' id='word_1_377' title='bbox 1478 2085 1719 2132; x_wconf 84' lang='lat' dir='ltr'><strong>constatque</strong></span> 
     </span>
     <span class='ocr_line' id='line_1_72' title="bbox 982 2137 1716 2191; baseline 0.001 -15"><span class='ocrx_word' id='word_1_378' title='bbox 982 2150 1067 2176; x_wconf 90' lang='lat' dir='ltr'><strong>non</strong></span> <span class='ocrx_word' id='word_1_379' title='bbox 1092 2152 1223 2177; x_wconf 89' lang='lat' dir='ltr'><strong>unum</strong></span> <span class='ocrx_word' id='word_1_380' title='bbox 1252 2151 1335 2177; x_wconf 88' lang='lat' dir='ltr'><strong>esse</strong></span> <span class='ocrx_word' id='word_1_381' title='bbox 1362 2137 1565 2178; x_wconf 83' lang='lat' dir='ltr'><strong>vermium</strong></span> <span class='ocrx_word' id='word_1_382' title='bbox 1579 2151 1716 2191; x_wconf 85' lang='lat' dir='ltr'><strong>genus,</strong></span> 
     </span>
     <span class='ocr_line' id='line_1_73' title="bbox 983 2196 1716 2236; baseline 0.003 -2"><span class='ocrx_word' id='word_1_383' title='bbox 983 2209 1058 2235; x_wconf 90' lang='lat' dir='ltr'><strong>nec</strong></span> <span class='ocrx_word' id='word_1_384' title='bbox 1093 2197 1264 2235; x_wconf 89' lang='lat' dir='ltr'><strong>eandem</strong></span> <span class='ocrx_word' id='word_1_385' title='bbox 1293 2196 1416 2236; x_wconf 83' lang='lat' dir='ltr'><strong>fuisse</strong></span> <span class='ocrx_word' id='word_1_386' title='bbox 1441 2197 1559 2236; x_wconf 86' lang='lat' dir='ltr'><strong>serici</strong></span> <span class='ocrx_word' id='word_1_387' title='bbox 1586 2197 1716 2236; x_wconf 90' lang='lat' dir='ltr'><strong>confi-</strong></span> 
     </span>
     <span class='ocr_line' id='line_1_74' title="bbox 983 2254 1715 2295; baseline 0.001 -2"><span class='ocrx_word' id='word_1_388' title='bbox 983 2254 1115 2294; x_wconf 90' lang='lat' dir='ltr'><strong>ciendi</strong></span> <span class='ocrx_word' id='word_1_389' title='bbox 1145 2255 1359 2294; x_wconf 89' lang='lat' dir='ltr'><strong>rationem.</strong></span> <span class='ocrx_word' id='word_1_390' title='bbox 1427 2254 1532 2295; x_wconf 88' lang='lat' dir='ltr'><strong>Vide</strong></span> <span class='ocrx_word' id='word_1_391' title='bbox 1575 2255 1715 2294; x_wconf 84' lang='lat' dir='ltr'><strong>saltem</strong></span> 
     </span>
     <span class='ocr_line' id='line_1_75' title="bbox 980 2312 1716 2365; baseline -0.003 -14"><span class='ocrx_word' id='word_1_392' title='bbox 980 2312 1255 2365; x_wconf 84' lang='lat' dir='ltr'><strong>Mannertum,</strong></span> <span class='ocrx_word' id='word_1_393' title='bbox 1273 2313 1455 2353; x_wconf 82' lang='lat' dir='ltr'><strong>breviter</strong></span> <span class='ocrx_word' id='word_1_394' title='bbox 1468 2313 1597 2353; x_wconf 85' lang='lat' dir='ltr'><strong>multa</strong></span> <span class='ocrx_word' id='word_1_395' title='bbox 1607 2327 1716 2353; x_wconf 88' lang='lat' dir='ltr'><strong>com-</strong></span> 
     </span>
     <span class='ocr_line' id='line_1_76' title="bbox 979 2370 1715 2425; baseline 0.001 -14"><span class='ocrx_word' id='word_1_396' title='bbox 979 2372 1167 2425; x_wconf 83' lang='lat' dir='ltr'><strong>plexum,</strong></span> <span class='ocrx_word' id='word_1_397' title='bbox 1199 2370 1425 2425; x_wconf 85' lang='lat' dir='ltr'><strong>Geograph.</strong></span> <span class='ocrx_word' id='word_1_398' title='bbox 1441 2378 1525 2411; x_wconf 82' lang='lat' dir='ltr'><strong>ant.</strong></span> <span class='ocrx_word' id='word_1_399' title='bbox 1547 2371 1636 2412; x_wconf 86' lang='lat' dir='ltr'><strong>Vol.</strong></span> <span class='ocrx_word' id='word_1_400' title='bbox 1658 2372 1715 2412; x_wconf 90' lang='lat' dir='ltr'><strong>IV</strong></span> 
     </span>
     <span class='ocr_line' id='line_1_77' title="bbox 981 2429 1712 2485; baseline 0.003 -17"><span class='ocrx_word' id='word_1_401' title='bbox 981 2436 1084 2469; x_wconf 82' lang='lat' dir='ltr'><strong>extr.</strong></span> <span class='ocrx_word' id='word_1_402' title='bbox 1105 2429 1250 2485; x_wconf 83' lang='lat' dir='ltr'><strong>(Extat</strong></span> <span class='ocrx_word' id='word_1_403' title='bbox 1268 2443 1430 2483; x_wconf 88' lang='lat' dir='ltr'><strong>quoque</strong></span> <span class='ocrx_word' id='word_1_404' title='bbox 1443 2429 1712 2470; x_wconf 86' lang='lat' dir='ltr'><strong>BrotierDiss.</strong></span> 
     </span>
     <span class='ocr_line' id='line_1_78' title="bbox 980 2488 1712 2529; baseline 0.003 -2"><span class='ocrx_word' id='word_1_405' title='bbox 980 2488 1022 2527; x_wconf 91' lang='lat' dir='ltr'><strong>in</strong></span> <span class='ocrx_word' id='word_1_406' title='bbox 1034 2491 1096 2528; x_wconf 87' lang='lat' dir='ltr'><em>M</em></span> <span class='ocrx_word' id='word_1_407' title='bbox 1092 2491 1257 2528; x_wconf 84' lang='lat' dir='ltr'><strong>e&#39;moires</strong></span> <span class='ocrx_word' id='word_1_408' title='bbox 1271 2490 1321 2527; x_wconf 86' lang='lat' dir='ltr'><strong>de</strong></span> <span class='ocrx_word' id='word_1_409' title='bbox 1338 2490 1367 2527; x_wconf 85' lang='lat' dir='ltr'><strong>l’</strong></span> <span class='ocrx_word' id='word_1_410' title='bbox 1378 2488 1512 2528; x_wconf 84' lang='lat' dir='ltr'><strong>Acad.</strong></span> <span class='ocrx_word' id='word_1_411' title='bbox 1526 2488 1568 2526; x_wconf 88' lang='lat' dir='ltr'><strong>d.</strong></span> <span class='ocrx_word' id='word_1_412' title='bbox 1584 2489 1712 2529; x_wconf 79' lang='lat' dir='ltr'><strong>Inscr.</strong></span> 
     </span>
     <span class='ocr_line' id='line_1_79' title="bbox 980 2547 1231 2599; baseline 0.004 -13"><span class='ocrx_word' id='word_1_413' title='bbox 980 2547 1052 2586; x_wconf 92' lang='lat' dir='ltr'><strong>To.</strong></span> <span class='ocrx_word' id='word_1_414' title='bbox 1070 2547 1231 2599; x_wconf 88' lang='lat' dir='ltr'><strong>XLVI.)</strong></span> 
     </span>
    </p>

    <p class='ocr_par' dir='ltr' id='par_1_18' title="bbox 969 2602 1711 3066">
     <span class='ocr_line' id='line_1_80' title="bbox 1038 2602 1711 2654; baseline -0.004 -7"><span class='ocrx_word' id='word_1_415' title='bbox 1038 2608 1120 2647; x_wconf 91' lang='lat'><strong>122</strong></span> <span class='ocrx_word' id='word_1_416' title='bbox 1136 2627 1196 2634; x_wconf 86' lang='lat'><strong>--</strong></span> <span class='ocrx_word' id='word_1_417' title='bbox 1216 2603 1311 2647; x_wconf 89' lang='lat'><strong>125.</strong></span> <span class='ocrx_word' id='word_1_418' title='bbox 1341 2604 1442 2643; x_wconf 91' lang='lat' dir='ltr'><strong>Plin.</strong></span> <span class='ocrx_word' id='word_1_419' title='bbox 1459 2602 1546 2654; x_wconf 90' lang='lat' dir='ltr'><strong>VII,</strong></span> <span class='ocrx_word' id='word_1_420' title='bbox 1567 2606 1596 2646; x_wconf 92' lang='lat'><strong>2</strong></span> <span class='ocrx_word' id='word_1_421' title='bbox 1625 2605 1711 2644; x_wconf 90' lang='lat' dir='ltr'><strong>Ar-</strong></span> 
     </span>
     <span class='ocr_line' id='line_1_81' title="bbox 976 2659 1710 2717; baseline -0.001 -16"><span class='ocrx_word' id='word_1_422' title='bbox 976 2662 1086 2701; x_wconf 85' lang='lat' dir='ltr'><strong>bores</strong></span> <span class='ocrx_word' id='word_1_423' title='bbox 1117 2663 1281 2716; x_wconf 83' lang='lat' dir='ltr'><strong>quidem</strong></span> <span class='ocrx_word' id='word_1_424' title='bbox 1310 2659 1369 2716; x_wconf 90' lang='lat' dir='ltr'><strong>(in</strong></span> <span class='ocrx_word' id='word_1_425' title='bbox 1398 2660 1532 2717; x_wconf 86' lang='lat' dir='ltr'><strong>India)</strong></span> <span class='ocrx_word' id='word_1_426' title='bbox 1572 2670 1710 2701; x_wconf 85' lang='lat' dir='ltr'><strong>tantae</strong></span> 
     </span>
     <span class='ocr_line' id='line_1_82' title="bbox 969 2720 1710 2773; baseline 0 -14"><span class='ocrx_word' id='word_1_427' title='bbox 969 2723 1224 2773; x_wconf 85' lang='lat' dir='ltr'><strong>proceritatis</strong></span> <span class='ocrx_word' id='word_1_428' title='bbox 1241 2720 1477 2771; x_wconf 83' lang='lat' dir='ltr'><strong>traduntur,</strong></span> <span class='ocrx_word' id='word_1_429' title='bbox 1511 2728 1557 2759; x_wconf 85' lang='lat' dir='ltr'><strong>ut</strong></span> <span class='ocrx_word' id='word_1_430' title='bbox 1575 2722 1710 2773; x_wconf 79' lang='lat' dir='ltr'><strong>sagit-</strong></span> 
     </span>
     <span class='ocr_line' id='line_1_83' title="bbox 973 2776 1709 2832; baseline 0 -15"><span class='ocrx_word' id='word_1_431' title='bbox 973 2781 1025 2817; x_wconf 81' lang='lat' dir='ltr'><strong>tis</strong></span> <span class='ocrx_word' id='word_1_432' title='bbox 1044 2780 1229 2830; x_wconf 85' lang='lat' dir='ltr'><strong>superari</strong></span> <span class='ocrx_word' id='word_1_433' title='bbox 1254 2787 1468 2832; x_wconf 80' lang='lat' dir='ltr'><strong>nequeant.</strong></span> <span class='ocrx_word' id='word_1_434' title='bbox 1531 2776 1709 2818; x_wconf 82' lang='lat' dir='ltr'><strong>Arbores</strong></span> 
     </span>
     <span class='ocr_line' id='line_1_84' title="bbox 977 2836 1709 2889; baseline 0.001 -15"><span class='ocrx_word' id='word_1_435' title='bbox 977 2837 1099 2875; x_wconf 85' lang='lat' dir='ltr'><strong>Cocos</strong></span> <span class='ocrx_word' id='word_1_436' title='bbox 1135 2838 1309 2876; x_wconf 84' lang='lat' dir='ltr'><strong>ferentes</strong></span> <span class='ocrx_word' id='word_1_437' title='bbox 1343 2836 1594 2889; x_wconf 83' lang='lat' dir='ltr'><strong>intelligebat</strong></span> <span class='ocrx_word' id='word_1_438' title='bbox 1630 2837 1709 2875; x_wconf 87' lang='lat' dir='ltr'><strong>Ca-</strong></span> 
     </span>
     <span class='ocr_line' id='line_1_85' title="bbox 973 2894 1708 2948; baseline 0 -15"><span class='ocrx_word' id='word_1_439' title='bbox 973 2901 1124 2934; x_wconf 83' lang='lat' dir='ltr'><strong>troeus.</strong></span> <span class='ocrx_word' id='word_1_440' title='bbox 1182 2895 1308 2935; x_wconf 90' lang='lat' dir='ltr'><strong>Nimis</strong></span> <span class='ocrx_word' id='word_1_441' title='bbox 1333 2901 1512 2948; x_wconf 88' lang='lat' dir='ltr'><strong>anguste.</strong></span> <span class='ocrx_word' id='word_1_442' title='bbox 1571 2894 1708 2934; x_wconf 87' lang='lat' dir='ltr'><strong>Pluri-</strong></span> 
     </span>
     <span class='ocr_line' id='line_1_86' title="bbox 973 2952 1707 2993; baseline 0 -1"><span class='ocrx_word' id='word_1_443' title='bbox 973 2967 1039 2992; x_wconf 89' lang='lat' dir='ltr'><strong>ma</strong></span> <span class='ocrx_word' id='word_1_444' title='bbox 1066 2959 1276 2993; x_wconf 83' lang='lat' dir='ltr'><strong>vastarum</strong></span> <span class='ocrx_word' id='word_1_445' title='bbox 1309 2960 1350 2992; x_wconf 86' lang='lat' dir='ltr'><strong>et</strong></span> <span class='ocrx_word' id='word_1_446' title='bbox 1376 2952 1616 2993; x_wconf 88' lang='lat' dir='ltr'><strong>immanium</strong></span> <span class='ocrx_word' id='word_1_447' title='bbox 1636 2966 1707 2992; x_wconf 78' lang='lat' dir='ltr'><strong>ar-</strong></span> 
     </span>
     <span class='ocr_line' id='line_1_87' title="bbox 972 3010 1705 3066; baseline -0.003 -15"><span class='ocrx_word' id='word_1_448' title='bbox 972 3011 1120 3051; x_wconf 90' lang='lat' dir='ltr'><strong>borum</strong></span> <span class='ocrx_word' id='word_1_449' title='bbox 1136 3025 1282 3066; x_wconf 88' lang='lat' dir='ltr'><strong>genera</strong></span> <span class='ocrx_word' id='word_1_450' title='bbox 1301 3012 1343 3051; x_wconf 86' lang='lat' dir='ltr'><strong>in</strong></span> <span class='ocrx_word' id='word_1_451' title='bbox 1362 3011 1478 3051; x_wconf 87' lang='lat' dir='ltr'><strong>India</strong></span> <span class='ocrx_word' id='word_1_452' title='bbox 1499 3011 1622 3061; x_wconf 84' lang='lat' dir='ltr'><strong>nasci,</strong></span> <span class='ocrx_word' id='word_1_453' title='bbox 1652 3010 1705 3050; x_wconf 88' lang='lat' dir='ltr'><strong>fi-</strong></span> 
     </span>
    </p>
   </div>
  </div>
 </body>
</html>
