1768 3320
464 610 1433 669 EJCLOGAVIH

652 727 1242 771 PHARMACEUTRIA

562 833 1342 885 ARGUMENTUM

184 918 402 991 Duorum
425 958 636 1005 pastorum
655 950 854 1000 carmina,
887 950 1060 989 alterum
1085 963 1137 989 ex
1161 949 1369 990 Theocriti
1393 950 1510 1004 Idyll.
1530 951 1588 991 ΙΠ
1607 952 1710 992 alte-

184 1024 278 1050 rum
297 1024 348 1049 ex
364 1010 481 1063 Idyll.
501 1010 537 1048 H
555 1022 762 1062 expressa,
793 1008 1019 1048 recitantur
1038 1023 1062 1047 a
1077 1015 1218 1062 poeta,
1248 1015 1456 1061 tamquam
1477 1009 1548 1062 qui
1568 1024 1614 1049 ea
1633 1025 1709 1050 au-

187 1068 309 1107 dierit
330 1082 369 1108 v.
394 1071 412 1109 1
429 1091 486 1099 -—
499 1068 538 1111 5.
570 1071 637 1117 62,
659 1070 727 1109 63.
785 1067 832 1105 In
850 1067 1041 1106 Damonis
1061 1068 1238 1106 carmine
1260 1070 1444 1110 17——61
1477 1069 1612 1121 gravis
1632 1069 1709 1108 do-

184 1127 248 1167 lor
267 1133 307 1165 et
328 1126 536 1179 aegritudo
557 1125 725 1164 alicuius
744 1126 938 1178 pastoris,
971 1126 1036 1164 cui
1055 1126 1162 1176 Nisa,
1194 1132 1327 1165 amata
1347 1126 1493 1178 puella,
1522 1126 1710 1180 Mopsum

183 1185 354 1224 rivaem
373 1186 643 1238 praetu'erat,
674 1184 881 1236 praeclare
905 1184 1149 1236 exponitur3
1188 1184 1232 1222 in
1258 1183 1513 1237 Alphesiboei
1533 1185 1708 1225 carmine

185 1242 240 1286 64
260 1243 311 1281 ad
328 1243 397 1282 fin.
415 1242 560 1282 mulier
581 1242 782 1295 Daphnin,
815 1249 1016 1281 amantem
1037 1256 1168 1292 suum,
1198 1256 1222 1280 a
1241 1256 1321 1295 quo
1341 1256 1382 1281 se
1405 1243 1605 1283 desertam
1624 1257 1708 1283 esse

181 1302 371 1354 putabat,
405 1301 747 1340 incantationibus
776 1300 938 1353 magicis
965 1301 1016 1339 ad
1043 1314 1084 1339 se
1102 1307 1283 1341 revocat.
1341 1301 1516 1341 Putandi
1538 1302 1645 1341 enim
1664 1301 1708 1342 hi

181 1366 279 1399 sunt
297 1373 377 1398 esse
404 1360 516 1399 lusus
537 1359 750 1411 utriusque
775 1359 965 1413 pastoris3
996 1359 1063 1412 qui
1094 1372 1248 1398 amores
1269 1359 1441 1400 aliorum
1463 1374 1707 1400 commemo—

181 1424 288 1468 rant,
319 1432 403 1457 non
419 1432 524 1457 suos,
583 1418 812 1469 Utrumque
832 1431 996 1456 carmen
1012 1430 1085 1470 per
1105 1431 1145 1455 se
1163 1418 1237 1457 sibi
1257 1424 1430 1468 constat,
1449 1431 1524 1457 nec
1542 1419 1706 1458 vinculo

181 1476 265 1514 ullo
289 1490 334 1514 ea
353 1482 569 1526 tenentur,
599 1476 675 1514 nisi
696 1476 807 1527 quod
826 1490 849 1514 a
862 1476 967 1514 binis
988 1476 1219 1529 pastoribus
1235 1476 1482 1527 recitantur,
1513 1477 1582 1529 qui
1598 1477 1707 1516 inter

182 1547 223 1573 se
245 1541 417 1573 certasse
433 1534 651 1584 videntur,
683 1535 715 1573 si
733 1534 897 1588 prpprie
917 1534 1022 1573 dixit
1041 1540 1165 1586 poeta
1185 1548 1225 1574 v.
1246 1537 1301 1576 62
1318 1535 1573 1586 responderit.
1623 1535 1705 1574 Ar-

181 1599 265 1631 tem
285 1599 325 1631 et
342 1594 529 1646 spiritum
556 1599 699 1646 poetae
726 1595 768 1631 in
788 1599 936 1632 neutro
959 1592 1171 1632 desideres.
1230 1592 1331 1632 Nam
1348 1593 1436 1646 ipsa
1455 1593 1706 1633 incantatio-

180 1651 245 1689 nis
262 1652 436 1703 magicae
467 1651 683 1703 descriptio
711 1665 796 1690 non
822 1650 1045 1690 abhorrens
1064 1651 1114 1689 ab
1134 1650 1214 1690 hoc
1229 1651 1407 1703 poetices
1425 1665 1568 1704 genere
1589 1665 1706 1705 argu-

181 1715 365 1747 mentum
383 1709 515 1749 videri
535 1709 674 1760 debet3
703 1716 813 1750 recte
831 1710 937 1748 enim
959 1715 1000 1748 et
1020 1723 1071 1748 ex
1090 1715 1239 1748 natura
1253 1716 1422 1760 nostra,
1446 1709 1706 1762 quandoqui-

183 1766 275 1805 dem
295 1781 483 1820 agrorum
510 1774 551 1806 et
576 1768 770 1807 silvarum
798 1768 1018 1807 solitudine
1044 1768 1144 1807 mire
1169 1768 1274 1807 affici
1292 1768 1414 1807 animi
1433 1769 1563 1807 nostri
1582 1774 1623 1807 et
1651 1768 1706 1807 ad

181 1825 414 1877 religionem
436 1826 621 1878 componi
639 1826 790 1876 solent,
820 1826 1050 1880 pastoribus
1077 1826 1299 1879 proclivius
1318 1826 1455 1879 paullo
1476 1832 1517 1865 et
1536 1826 1704 1879 pronius

181 1883 227 1922 in
247 1884 547 1936 superstitiones
567 1891 607 1922 et
626 1885 796 1937 magicas
820 1885 1000 1924 rationes
1016 1884 1220 1937 ingenium
1238 1885 1446 1924 tribuitur.
1505 1884 1705 1938 Inscripta

183 1954 304 1992 vero,
347 1942 457 1994 quod
482 1943 634 1995 primus
661 1943 836 1995 Scaliger
865 1943 918 1982 ad
953 1943 1095 1982 Euseb.
1126 1942 1274 1982 Chron.
1301 1946 1414 1986 2020
1443 1943 1603 1993 docuit,
1643 1949 1704 1982 est

183 1999 329 2051 Ecloga
348 2000 484 2039 Asinio
513 2001 682 2039 Pollioni
709 2015 749 2040 v.
779 2005 804 2043 6
816 2025 871 2032 —-
883 2004 935 2043 13
947 2033 958 2052 ‚
989 2001 1059 2052 qm·
1076 2007 1167 2039 tum
1189 2001 1233 2039 in
1250 2001 1462 2054 Illyricum
1479 2001 1702 2040 exercitum

185 2057 376 2108 ducebat,
419 2064 459 2096 et
482 2059 562 2097 iam
589 2060 671 2098 sive
702 2059 881 2112 pedestri
909 2060 1056 2099 itinere
1080 2059 1240 2098 Istriam
1268 2073 1452 2098 emensus
1481 2066 1588 2110 erat,
1619 2059 1703 2099 sive

183 2117 305 2155 maris
323 2117 471 2169 Illyrici
490 2131 602 2155 oram
621 2117 794 2170 legebat,
824 2124 872 2157 ut
891 2118 943 2156 ad
961 2116 1176 2156 Parthinos
1193 2118 1447 2170 perveniret,
1478 2118 1548 2170 qui
1560 2131 1703 2157 versus

183 2173 460 2213 Macedonicos
476 2175 575 2214 fines
592 2190 674 2214 non
690 2176 806 2229 longe
827 2191 849 2215 a
866 2175 1120 2229 Dyrrhachio
1137 2176 1249 2215 sedes
1266 2176 1456 2215 habuere.
1474 2190 1514 2216 v.
1530 2175 1701 2229 Appian.

182 2246 270 2285 pag.
294 2233 403 2275 1135
425 2239 527 2272 extr.
574 2234 648 2273 Dio
670 2235 771 2285 XLI,
796 2249 828 2274 c.
848 2234 917 2285 49,
940 2235 1077 2287 ibique
1095 2234 1283 2286 Reimar„
1307 2236 1408 2274 item
1424 2234 1535 2287 Pigh.
1553 2234 1698 2273 Annal.

185 2290 238 2329 ad
264 2289 360 2340 714,
392 2297 431 2329 et
462 2291 542 2330 Vit.
572 2292 726 2344 Virgilii
752 2292 832 2332 hoc
863 2307 982 2332 anno.
1040 2291 1106 2331 Ad
1126 2299 1307 2332 extrema
1328 2293 1433 2332 enim
1453 2291 1575 2332 huius
1593 2291 1700 2343 anni,

185 2362 265 2400 quo
287 2348 412 2387 Pollio
442 2350 695 2389 consulatum
719 2357 915 2402 gesserat,
953 2351 1167 2390 reserenda
1193 2365 1275 2390 esse
1293 2365 1356 2391 res
1381 2350 1566 2401 videtur3
1607 2364 1702 2389 nam

184 2407 367 2457 sequenti
400 2420 504 2445 anno
543 2407 635 2446 VHI
670 2409 759 2448 Kal.
794 2410 830 2448 N
833 2424 897 2449 ov.
926 2408 1182 2462 triumphum
1219 2410 1270 2448 de
1303 2408 1509 2449 Parthinis
1543 2408 1700 2448 habuit.

185 2463 346 2503 Catroei
372 2465 547 2516 argutias
574 2472 831 2519 veteremque
860 2467 1108 2520 opinionem,
1143 2481 1223 2519 qua
1243 2468 1295 2506 ad
1321 2467 1589 2506 Octavianum
1608 2480 1701 2505 car-

183 2535 277 2560 men
306 2522 386 2560 hoc
402 2529 580 2574 spectare
611 2532 882 2576 memoratur,
914 2539 1080 2577 operose
1109 2526 1254 2566 refellit
1284 2527 1421 2565 Burm.
1447 2525 1500 2563 ad
1529 2538 1568 2563 v.
1593 2527 1632 2567 6.
1651 2524 1699 2564 cs.

183 2579 346 2619 Martin.
407 2581 592 2620 Ceterum
613 2583 838 2636 comparari
853 2583 974 2622 velim
1000 2597 1091 2622 cum
1116 2583 1196 2622 hoe
1215 2584 1389 2622 carmine
1405 2582 1518 2636 Popii
1535 2583 1696 2621 Pastor.

184 2640 274 2678 III.
327 2636 388 2691 (In
418 2637 596 2677 Mediceo
623 2639 691 2678 hic
721 2647 781 2679 est
805 2640 926 2680 huius
959 2642 1144 2681 carminis
1167 2642 1336 2681 titulus:
1374 2639 1620 2680 Damonis
1649 2645 1701 2679 et

184 2694 531 2750 Alphesiboei
561 2698 807 2738 Certatio.
842 2697 953 2754 Wr.)
