1768 3320
689 649 1143 759 ECLOGA
1214 612 1351 705 IV·¹

756 771 1192 867 Ῥοιιιοὴ

755 881 1286 946 ARGUMENTffffl

233 996 292 1066 In
310 1022 389 1062 hac
406 1020 547 1073 Ecloga
566 1018 873 1071 interpretanda
893 1007 989 1071 dici
989 1028 1073 1058 *vix-
1058 982 1232 1072 potest,
1262 1029 1385 1069 quam
1401 1009 1563 1055 inanem
1585 1027 1748 1068 operam

235 1088 276 1120 et
295 1081 388 1120 olim
409 1076 669 1118 Grammatici
699 1083 739 1115 et
777 1076 874 1116 hinc
905 1076 986 1117 viri
1013 1068 1124 1117 docti
1156 1077 1262 1115 vana
1281 1073 1471 1127 religione
1493 1073 1600 1126 capti
1617 1085 1748 1121 nava-

234 1138 379 1180 verint.
424 1138 469 1177 V
464 1137 761 1175 atccmatzonem
782 1135 966 1187 Sibyllae
968 1134 1023 1175 de
1034 1128 1179 1173 Christi
1190 1132 1399 1177 natalibus
1412 1145 1639 1184 expressam
1651 1144 1744 1181 esse,

235 1210 355 1250 quam
377 1194 590 1247 Virgilius
580 1192 780 1245 mgeniose
801 1193 853 1231 ad
870 1193 1024 1232 natales
1047 1176 1192 1235 nobiliis
1216 1191 1332 1244 pueri
1361 1189 1637 1239 transtulerit,
1666 1189 1747 1227 iam

235 1255 491 1302 Lactantius,
512 1253 643 1290 Instit.
675 1252 723 1292 V
717 1252 781 1300 ll
800 1249 856 1293 24
876 1251 1093 1301 statuebat,
1112 1255 1160 1289 et
1169 1250 1449 1288 Constantinus
1469 1250 1538 1287 M.
1560 1262 1604 1286 m
1628 1247 1741 1286 Orat.

234 1312 294 1351 ad
311 1313 547 1349 Sanctorum
563 1317 715 1346 coetum
728 1339 740 1359 ,
773 1322 910 1361 graece
936 1309 1098 1348 reddita
1120 1323 1142 1346 a
1162 1321 1244 1347 non
1260 1306 1426 1346 indocto
1448 1304 1624 1355 homine,
1655 1306 1746 1344 Eu-

233 1369 330 1408 sebii
347 1367 458 1407 libris
480 1367 528 1405 de
551 1368 649 1406 Vita
673 1366 924 1406 Conslantini
945 1367 1139 1406 adiuncta
1168 1379 1202 1405 e.
1228 1367 1281 1407 19
1306 1378 1364 1416 sq.
1396 1362 1565 1419 (quam
1553 1377 1596 1402 1n
1611 1362 1747 1402 Exc.1

234 1427 286 1466 ad
315 1425 503 1466 Bucolica
531 1425 680 1464 iterum
709 1425 854 1464 excudi
881 1424 1060 1479 curavi),
1094 1425 1371 1463 demonstrare
1391 1421 1544 1472 voluit,
1584 1421 1752 1473 eiusque

234 1484 519 1524 auctoritatem
548 1496 639 1521 cum
672 1482 750 1521 ista
779 1489 912 1521 aetate
942 1483 1185 1536 plerumque
1207 1480 1424 1520 Christiani
1460 1478 1642 1519 homines
1675 1477 1744 1533 (cf.

233 1542 481 1583 Wernsdms.
501 1540 610 1579 Poet.
637 1541 741 1579 111111.
757 1542 827 1580 To.
850 1541 926 1591 IV,
957 1555 995 1595 p.
1019 1544 1103 1583 767
1123 1554 1205 1593 sqq.
1209 1538 1238 1595 ),
1258 1545 1349 1578 tum
1378 1538 1576 1577 aetatibus
1597 1537 1746 1577 nostris

233 1601 313 1648 viri
338 1600 446 1638 docti
473 1598 632 1650 sequuti
652 1604 747 1637 sunt
763 1599 944 1652 plerique
971 1612 1130 1649 omnes,
1164 1599 1213 1637 de
1232 1597 1298 1638 via
1324 1610 1371 1636 30
1397 1596 1556 1636 ratione
1582 1601 1746 1635 tantum

234 1658 414 1707 solliciti,
446 1670 524 1708 qua
540 1657 795 1695 reconditum
810 1656 1045 1696 huiusmodi
1076 1656 1314 1696 vaticinium
1333 1654 1386 1694 ad
1415 1655 1620 1694 Romanos
1649 1667 1746 1707 per-

234 1716 372 1755 venire
397 1714 589 1768 potuerit.
646 1715 746 1754 Vide
764 1715 945 1768 inprimis
967 1712 1199 1754 Clzandler’s
1231 1716 1277 1755 V
1271 1713 1492 1752 indication
1509 1713 1564 1766 <ff
1574 1713 1638 1751 the
1653 1714 1746 1751 De-

223 1774 344 1827 sense
364 1772 683 1825 qulzristz'anily
698 1774 814 1811 Book·
838 1773 893 1823 Il,
919 1772 981 1812 011.
999 1776 1048 1823 2,
1085 1779 1179 1812 sect.
1199 1775 1250 1822 2,
1290 1777 1331 1811 et
1366 1772 1412 1810 T.
1450 1770 1498 1810 H.
1525 1772 1747 1822 Postscript

235 1846 274 1884 p.
291 1830 361 1872 44.
388 1830 615 1869 IsVlziston's
626 1831 885 1882 Supplement
903 1840 942 1869 to
964 1831 1028 1869 the
1045 1831 1179 1869 literal
1197 1829 1551 1881 accomplishment
1575 1829 1746 1882 qf'Scri-

231 1897 349 1941 piare
372 1888 609 1939 Proplzecies
637 1902 675 1941 p.
697 1888 751 1930 94
780 1902 838 1941 sq.
900 1888 1113 1927 Cndworllz
1131 1890 1311 1941 byslema
1337 1887 1531 1926 Intellect.
1566 1901 1598 1926 c.
1619 1886 1685 1938 IV,
1701 1885 1744 1940 ᾗ.

239 1949 306 1988 16.
345 1945 471 1984 Certis
487 1951 622 1984 tamen
641 1959 778 1985 rerum
798 1946 1041 1999 argumentis
1062 1946 1299 1985 destituitur
1317 1946 1394 1985 ista
1415 1945 1547 1998 opinio
1557 1961 1568 1996 3
1601 1958 1745 1997 quam-

236 2004 297 2043 vis
317 2016 362 2042 ea
380 2004 515 2043 multis
543 2004 625 2042 aliis
644 2005 831 2043 exornari
849 2005 999 2058 possit,
1032 2018 1133 2057 quae
1161 2019 1183 2042 a
1206 2004 1304 2043 viris
1333 2003 1462 2042 doctis
1490 2003 1623 2042 minus
1654 2003 1744 2043 ani-

236 2061 447 2101 madversa
479 2067 585 2101 sunt.
644 2062 708 2101 Sic
735 2076 775 2101 v.
803 2077 836 2101 0.
871 2076 890 2101 e
919 2062 1074 2116 Ioseph.
1101 2063 1196 2102 Ant.
1220 2062 1318 2112 XV,
1352 2063 1426 2111 13,
1457 2061 1527 2113 qui
1542 2061 1745 2100 Herodem

236 2132 369 2171 regem
390 2119 575 2173 Pollionis
603 2119 777 2173 hospitio
799 2127 839 2158 et
868 2121 1041 2160 amicitia
1055 2135 1174 2160 usum
1205 2133 1286 2159 esse
1312 2125 1530 2168 memorat,
1562 2119 1746 2172 colligere

239 2177 378 2228 aliquis
404 2178 551 2230 possit,
597 2178 645 2216 ab
677 2179 839 2217 Herode
865 2180 1000 2229 facile,
1039 2178 1202 2231 Virgilio
1235 2183 1462 2232 praesente,
1499 2177 1668 2217 Pollioni
1695 2177 1745 2216 de

237 2234 377 2273 Messia
398 2236 574 2284 narrari,
606 2241 676 2274 aut
693 2237 899 2275 Nicolaum
919 2239 1218 2286 Damascenum,
1250 2236 1417 2275 doctum
1433 2233 1649 2286 hominem,
1671 2249 1744 2275 cu-

237 2293 299 2331 ius
319 2293 536 2331 ministerio
553 2294 733 2332 Herodes
758 2308 853 2333 usus
879 2302 950 2345 est,
981 2295 1159 2348 Augusto
1178 2308 1403 2351 percarum,
1435 2294 1484 2332 de
1503 2294 1744 2333 Iudaeorum

239 2350 490 2403 opinionibus
511 2364 820 2391 commemorare
845 2353 1045 2406 potuisse,
1077 2359 1118 2391 et
1147 2352 1190 2391 id
1216 2366 1339 2405 genus
1369 2352 1456 2391 alia.
1516 2352 1743 2402 Enimvero,

238 2407 465 2460 quicunque
494 2423 652 2448 sensum
681 2411 958 2450 Romanorum
985 2418 1026 2450 et
1053 2411 1255 2463 ingenium
1279 2410 1346 2449 vel
1377 2423 1397 2448 e
1429 2410 1649 2462 longinquo
1677 2409 1744 2448 in-

238 2466 393 2518 spexit,
424 2466 535 2505 facile
565 2468 736 2517 tenebit,
776 2483 983 2521 nunquam
1014 2469 1255 2509 Iudaeorum
1280 2474 1438 2507 tantam
1462 2468 1746 2507 auctoritatem

240 2537 287 2561 ac
304 2524 425 2563 fidem
446 2529 515 2562 aut
536 2525 652 2563 fuisse
672 2532 742 2564 aut
760 2539 840 2564 esse
860 2527 1036 2579 potuisse
1053 2527 1162 2580 apud
1178 2527 1393 2575 Romanos,
1414 2526 1529 2578 longe
1549 2526 1633 2565 aliis
1652 2539 1745 2564 sen-

238 2580 347 2621 sibus
362 2612 371 2630 ,
401 2581 675 2633 religionibus,
706 2583 860 2623 iudiciis
879 2585 1055 2624 imbutos
1070 2615 1080 2635 ,
1110 2591 1159 2624 ut
1171 2585 1344 2623 istorum
1365 2584 1568 2636 opiniones
1587 2582 1745 2636 publice

239 2639 499 2678 admitterent
522 2646 562 2678 et
586 2641 824 2680 carminibus
845 2642 1105 2682 celebrarent.
1163 2642 1345 2681 Meminit
1364 2642 1657 2694 superstitionis
1675 2640 1745 2680 Iu-

239 2696 374 2736 daicae
392 2697 603 2736 Horatius:
631 2712 774 2737 verum
792 2706 841 2738 ut
859 2713 944 2738 eam
963 2701 1048 2740 risu
1067 2700 1312 2754 exploderet.
1370 2698 1563 2739 Attamen
1596 2699 1663 2740 vel
1690 2699 1746 2737 sic

238 2755 402 2807 vulgata
425 2767 506 2792 esse
526 2755 661 2807 potuit
680 2757 785 2794 fama
805 2757 900 2795 inde
920 2759 968 2797 ab
988 2759 1153 2797 Oriente
1170 2763 1414 2812 propagata,
1447 2758 1496 2797 de
1519 2759 1626 2811 Rege
1642 2771 1745 2796 ven-

238 2817 357 2863 turo,
377 2812 426 2851 de
452 2811 574 2851 heroe
592 2814 815 2863 nascituro,
841 2815 889 2854 de
908 2817 1005 2855 novi
1025 2816 1195 2866 saeculi,
1225 2815 1324 2856 novi
1340 2829 1478 2855 rerum
1497 2789 1677 2855 ordiilis'
1666 2829 1747 2853 1111-

285 2915 316 2960 *)
342 2914 471 2950 Pollio.
527 2915 567 2947 In
584 2913 760 2960 plerisque
775 2923 857 2949 vett.
906 2919 1054 2952 Saeculi
1071 2920 1158 2953 novi
1172 2920 1440 2966 mterpremcio.
1489 2919 1621 2955 Zulich.
1645 2923 1748 2955 Laus

239 2974 357 2997 novae
367 2962 569 3009 progeniei.
