1734 3320
199 231 302 281 444

529 231 586 281 P.
631 230 986 312 VIRGILII
1032 230 1405 283 MARONIS

199 357 366 406 Terra
385 395 398 419 ,
449 371 630 424 neque
666 357 722 406 in
762 374 992 408 vacuum
1034 365 1295 424 poterunt
1336 373 1394 407 se
1434 357 1721 408 extendere

927 428 1078 480 rami.

266 495 511 546 Forsitan
536 504 612 560 et,
650 495 930 547 scrobibus
952 515 1089 565 quae
1110 498 1215 547 sint
1232 495 1459 563 fastigia,
1487 514 1721 564 quaeras,

197 566 383 616 Ausim
405 565 492 616 vel
516 567 667 615 tenui
686 567 851 616 vitem
873 569 1195 618 conmittere
1218 567 1394 618 sulco:

197 636 372 705 Altior
393 653 451 685 ac
469 636 684 702 penitus
702 645 876 686 terrae
899 637 1152 703 defigitur
1173 638 1356 698 arbos3

1620 643 1723 689 290

196 706 456 757 Aesculus
484 706 540 754 in
564 706 772 772 primis:
811 724 949 774 quae
980 716 1242 775 quantum
1263 706 1463 767 vertice
1487 705 1554 756 ad
1574 723 1723 757 auras

197 776 498 836 Aetherias,
535 785 744 825 tantum
765 776 946 827 radice
967 778 1023 827 in
1046 781 1263 828 Tartara
1286 776 1474 828 tendit.

195 849 339 912 Ergo
371 862 485 895 non
514 845 724 896 hiemes
754 846 921 912 illam,
958 864 1073 898 non
1094 846 1286 912 flabra,
1320 863 1502 914 neque
1522 845 1723 896 imbres

200 915 549 979 Convellunt3
586 916 792 967 inmota
816 927 1025 983 manet,
1062 918 1374 986 multosque
1398 925 1652 984 nepoteS,

244 1048 314 1083 287
339 1058 380 1079 se
398 1057 419 1079 a
435 1046 537 1078 Rom.
558 1045 682 1086 abest3
709 1050 746 1079 et
764 1045 858 1080 hunc
877 1046 1048 1092 loquendi
1076 1047 1219 1081 modum
1243 1058 1359 1081 amare
1386 1047 1590 1088 Maronem,
1620 1051 1724 1079 notat

196 1093 319 1129 Heins.
342 1093 387 1126 ad
406 1095 493 1127 Aen.
512 1094 555 1135 II,
582 1094 674 1128 207.
716 1105 787 1126 nec
806 1093 899 1127 idem
918 1094 1020 1128 Rom.

943 1143 1016 1177 290
1039 1142 1165 1177 Altius
1196 1142 1314 1187 vulgo.
1362 1143 1410 1174 At
1443 1141 1569 1175 Altior
1593 1152 1612 1173 e
1641 1140 1723 1173 Me-

196 1142 382 1174 Burmann.
432 1148 490 1174 ter
504 1141 609 1174 tenui
625 1152 714 1172 unus
732 1141 849 1174 Mead.

1116 1096 1186 1130 289
1210 1095 1274 1128 νεῖ
1295 1094 1404 1128 Remi
1433 1093 1488 1127 ed.
1515 1094 1606 1127 Ven.
1631 1093 1722 1126 conf.

197 1188 264 1222 dic.
292 1187 478 1229 Heinsius;
506 1188 632 1221 eodem
651 1199 775 1230 seusu,
804 1188 869 1221 sed
888 1190 1116 1234 exquisitiore
1138 1201 1220 1230 usu;
1247 1188 1306 1235 qui
1326 1187 1518 1222 Martinum
1546 1187 1582 1220 h.
1611 1186 1636 1220 1.
1662 1187 1722 1220 fu-

197 1236 331 1281 giebat.
357 1234 441 1280 (vid.
461 1236 503 1276 Q.
521 1236 565 1269 V.
585 1235 774 1277 XXXIIII,
800 1237 833 1271 2.
868 1236 965 1280 Wr.)
1016 1237 1073 1271 Sic
1095 1243 1131 1270 et
1150 1236 1311 1270 nonnulli
1327 1235 1422 1281 apud
1438 1234 1603 1268 Pierium.
1651 1234 1723 1268 Al-

197 1285 272 1317 tior
293 1290 333 1316 at
356 1282 448 1316 coni.
474 1284 541 1315 Iac.
571 1283 716 1327 Bryant.
752 1282 842 1328 (vid.
867 1285 909 1325 Q.
930 1285 975 1317 V.
994 1284 1154 1326 XXXV,
1182 1284 1239 1327 15,
1264 1296 1294 1317 a.
1326 1282 1421 1327 Wr.)
1471 1281 1582 1316 arbos
1600 1281 1722 1326 scripti

197 1336 412 1364 constanter.
455 1329 633 1373 defiditur
654 1330 760 1364 Voss.
779 1342 833 1376 pr.

196 1389 266 1411 VSS.
287 1380 374 1411 Aen.
394 1378 455 1419 IV,
478 1374 561 1412 445.
586 1374 668 1411 446.

195 1436 269 1458 non
285 1424 388 1458 male.
415 1425 492 1469 (sed
511 1425 647 1458 vertice
663 1425 858 1470 praecedit.
894 1426 990 1472 Wr.)

567 1472 639 1507 293
665 1473 785 1518 necfl.
805 1472 974 1506 Arundel.

202 1474 368 1506 Tartara
383 1473 473 1506 Ven.

884 1331 1091 1378 defingitur
1113 1331 1229 1383 (ΣτοῒΙιζ
1249 1343 1319 1364 sec.

761 1379 832 1413 292
860 1378 1019 1412 radicem
1038 1378 1166 1412 Medic.
1196 1384 1232 1411 et
1251 1377 1421 1411 Rottend.
1443 1382 1527 1410 tert.
1547 1376 1723 1418 Parrhas.,

1414 1331 1497 1365 291.
1520 1330 1592 1365 292
1615 1328 1724 1362 iidem

1039 1426 1171 1461 Eadem
1190 1425 1345 1459 varietas
1368 1427 1454 1458 Aen.
1474 1425 1536 1466 IV,
1561 1421 1643 1458 446.
1673 1423 1723 1456 ud

1079 1472 1150 1508 294
1180 1472 1397 1506 Convellenc
1417 1471 1580 1505 Parrhas.
1604 1483 1723 1518 nepo-

198 1528 254 1553 tes
274 1519 396 1552 Heius.
418 1531 437 1552 e
455 1518 583 1552 Medic.
605 1524 640 1551 et
655 1518 830 1553 Vaticano
851 1520 1047 1554 veterrimis
1071 1520 1244 1565 reposuit.
1294 1519 1501 1564 multosque
1517 1530 1586 1565 per
1604 1529 1724 1551 annos

195 1566 301 1611 vulgo
321 1566 470 1612 ubique,
497 1566 593 1611 quod
614 1571 650 1598 et
669 1566 780 1599 Nonii
797 1567 959 1600 Marcelli
978 1567 1151 1601 editiones
1171 1572 1379 1612 agnoscunt.
1405 1565 1506 1612 (mira
1532 1577 1616 1598 sane
1645 1564 1723 1597 dis-

197 1614 400 1659 crepantia,
425 1613 461 1646 ni
488 1618 679 1659 appareat,
712 1614 849 1648 fontem
883 1627 981 1657 esse,
1004 1615 1096 1648 unde
1126 1615 1196 1648 ista
1226 1613 1412 1656 fluxerint,
1446 1614 1511 1646 Ge.
1535 1613 1596 1654 IV,
1620 1613 1722 1647 208.:

197 1661 498 1704 „immortale
522 1667 700 1702 manet,
734 1661 1004 1707 multosque
1039 1674 1121 1709 per
1144 1663 1322 1695 annos“
1349 1666 1416 1694 etc.
1443 1660 1514 1694 vid.
1532 1665 1657 1693 notata
1677 1659 1724 1692 ad

197 1710 261 1742 Ge.
284 1710 345 1750 IV,
373 1707 406 1744 4.
439 1707 533 1752 Wr.)
559 1707 651 1741 conf.
670 1720 746 1754 sup.
767 1721 800 1742 v.
822 1709 878 1744 58.
913 1709 975 1742 Iul.
1000 1710 1168 1744 Sabinus:
1205 1716 1413 1756 „nepote-93
1446 1707 1555 1741 vincit
1579 1706 1723 1751 longam

195 1755 447 1802 posteritatem
463 1761 644 1800 nepotum.
693 1756 751 1789 Sic
772 1756 1041 1801 intelligendum
1071 1762 1175 1802 putat
1191 1755 1452 1801 Apronianus.“

1499 1756 1584 1789 Non
1603 1753 1722 1796 video,

198 1803 282 1848 quid
309 1802 346 1835 in
374 1803 444 1835 hoc
471 1801 649 1846 singulare
678 1802 724 1835 sit
753 1804 966 1849 Aproniano.
1016 1803 1301 1849 SedAproniani
1321 1802 1510 1836 lectionem
1535 1814 1611 1834 eam
1633 1813 1721 1842 esse,

196 1856 323 1883 notare
343 1849 467 1883 voluit.
515 1849 614 1893 Iungi
634 1861 717 1883 sane
745 1857 781 1883 et
807 1850 977 1895 distingui
1001 1857 1124 1897 potest
1150 1862 1221 1883 non
1249 1861 1318 1883 uno
1348 1849 1470 1883 modo.
1518 1850 1601 1882 Non
1629 1848 1722 1881 male

196 1897 305 1930 faciat
327 1897 386 1942 qui
407 1896 456 1930 sic
477 1896 719 1930 constituerit:
758 1899 895 1931 multos
925 1907 1096 1944 nepotes,
1130 1897 1250 1931 multa
1275 1897 1396 1930 virum
1427 1896 1579 1930 saecula
1606 1896 1723 1930 vincit

198 1944 392 1986 durando,
427 1944 585 1977 volvens
613 1955 660 1977 se.
692 1956 732 1978 ea
761 1945 919 1987 saecula,
949 1945 1147 1987 volvendo,
1181 1957 1207 1977 s.
1238 1943 1378 1977 saecula
1406 1955 1495 1988 quae
1520 1943 1722 1986 volvuntur,

196 1991 343 2025 volvunt
366 2003 415 2024 se.
441 1990 506 2036 (sic
522 1996 620 2024 recte
637 2002 646 2032 3
671 1991 828 2038 Heynius
847 1998 932 2038 post
950 1993 1102 2026 saecula
1118 1991 1302 2026 inciderat.
1334 1989 1430 2035 Wr.)

197 2102 287 2126 mus
304 2089 460 2137 inanis,
491 2100 566 2140 pro
587 2087 719 2127 animo
741 2088 837 2139 eius,
859 2088 929 2140 qui

195 2146 357 2201 inanem
375 2146 632 2198 voluptatem
663 2160 684 2184 e
711 2152 930 2200 prospectu

198 2204 327 2258 capit,
351 2204 419 2256 qui
431 2203 579 2256 probat
595 2217 694 2255 rem,
712 2219 814 2257 quae
833 2211 929 2244 tan-

197 2269 286 2302 tum
313 2262 365 2300 ad
392 2263 649 2315 voluptatem
685 2264 801 2313 facit,
833 2264 929 2303 nul—

196 2321 277 2360 lam
299 2320 516 2359 utilitatem
547 2320 691 2372 habet,
730 2335 831 2374 quae
852 2336 928 2375 pa-

196 2378 421 2417 trifamilias
456 2380 665 2431 proposita
705 2394 787 2418 esse
816 2381 930 2419 solet.

196 2440 295 2479 287.
334 2437 379 2475 ln
412 2437 526 2475 tenui
571 2438 754 2477 oratione
791 2445 932 2477 tamen

196 2495 378 2548 poeticae
396 2494 552 2533 indoles
572 2497 770 2536 elucescit.
829 2497 932 2535 Nam

196 2553 239 2592 in
259 2567 381 2606 prosa
398 2553 555 2592 fuisset:
595 2555 668 2592 sed
685 2564 729 2593 ut
745 2563 848 2593 {erra
867 2556 933 2593 det

197 2618 274 2650 etc.
305 2613 408 2650 vires
426 2611 539 2649 dabit
558 2627 727 2665 aequas,
754 2627 843 2665 pro,
861 2627 932 2651 ae-

198 2683 275 2722 que
298 2668 574 2722 suppeditabit
595 2671 807 2719 alimenta,
837 2685 932 2710 suc-

198 2742 311 2778 cum3
357 2726 524 2766 tandem
566 2729 727 2779 addito,
774 2730 818 2767 in
853 2745 932 2769 να-

197 2800 340 2835 cuum,
370 2785 414 2824 in
434 2798 578 2824 aerem.

255 2846 354 2886 288.
394 2843 450 2881 De
480 2843 695 2882 altitudine
729 2845 932 2883 scrobium

197 2902 240 2941 in
272 2901 504 2955 plantandis
524 2902 652 2941 vineis
677 2908 718 2941 et
745 2902 931 2941 arbustis,

198 2961 341 2999 Sintne
387 2959 546 2998 scrobes
593 2960 637 2999 in
680 2961 932 3013 profundum

198 3018 362 3072 agendi,
405 3018 627 3071 quaeritur.
661 3018 745 3059 vid.
775 3019 930 3059 Colum.

985 2087 1056 2138 III,
1083 2090 1148 2138 13,
1168 2090 1207 2130 2.
1238 2087 1306 2137 IV,
1329 2089 1350 2128 1
1373 2101 1436 2141 pr.
1450 2086 1501 2125 de
1520 2083 1669 2135 Arb.4,
1682 2088 1720 2128 3.

987 2147 1169 2199 Geopon.
1203 2146 1261 2196 V,
1284 2148 1365 2195 12,
1398 2148 1464 2187 19.
1490 2145 1722 2198 fastigium

985 2219 1061 2258 pro
1081 2203 1360 2258 profunditate
1376 2216 1396 2241 e
1415 2217 1460 2242 re
1477 2203 1628 2242 rustica
1648 2215 1722 2255 pe-

985 2264 1131 2313 titum,
1162 2262 1246 2302 vid.
1268 2261 1444 2300 Indicem
1462 2260 1544 2301 AA.
1565 2260 1615 2299 de
1635 2261 1720 2299 RR.

986 2322 1202 2360 Rationem
1226 2320 1351 2359 babet
1372 2333 1478 2370 eam,
1519 2333 1599 2371 qua
1621 2333 1721 2372 pro-

988 2380 1118 2419 funda
1136 2381 1225 2418 alta
1247 2378 1453 2417 dicuntur.
1503 2380 1601 2420 289.
1632 2377 1722 2415 sul-

989 2453 1060 2476 cus
1073 2452 1149 2491 pro
1164 2437 1316 2476 scrobe.
1347 2437 1575 2475 Mansuram
1593 2435 1719 2488 ipsam

990 2496 1250 2549 suppeditant
1271 2495 1372 2534 Plin.
1399 2494 1525 2544 XVII,
1554 2496 1619 2543 16,
1649 2495 1719 2542 22,

990 2569 1019 2593 s.
1042 2555 1118 2604 35,
1150 2557 1189 2596 7.
1240 2553 1394 2591 Colum.
1416 2551 1481 2602 ΙΙΙ,
1517 2554 1570 2594 13
1590 2557 1631 2589 et
1653 2551 1722 2593 15.

989 2611 1107 2650 Adde
1137 2610 1323 2663 Xenoph.
1355 2610 1504 2649 Oecon.
1547 2624 1580 2649 c.
1607 2609 1719 2648 XIX.

989 2671 1061 2709 Est
1091 2675 1226 2708 autem
1255 2668 1351 2708 vitis
1390 2667 1434 2708 ἐκ
1464 2670 1547 2709 τῶν
1577 2667 1720 2709 ἐπιπο-

989 2728 1240 2780 λαιορῤίζων.
1268 2726 1351 2765 vid.
1381 2725 1648 2779 Theophrast.
1669 2724 1719 2763 de

990 2787 1125 2824 Causs.
1148 2785 1277 2823 Plant.
1294 2784 1360 2833 III,
1379 2784 1418 2827 5.

1047 2846 1144 2886 290.
1176 2843 1231 2882 At
1260 2843 1441 2892 arbores,
1484 2841 1628 2893 quibus
1652 2840 1719 2879 vi-

988 2908 1047 2940 tes
1062 2902 1274 2953 iugantur,
1307 2901 1428 2939 altius
1449 2899 1492 2938 in
1506 2905 1659 2938 terram
1678 2904 1719 2936 et

988 2960 1151 3013 penitus
1187 2959 1419 3012 defigendae
1438 2962 1554 3009 sunt;
1586 2956 1720 3009 agitur

990 3019 1097 3057 enim
1115 3018 1165 3057 de
1186 3030 1308 3071 opera
1326 3015 1539 3066 vinitoria3
1568 3029 1652 3054 non
1669 3014 1719 3053 de
