1734 3320
278 224 775 297 GEORGICON
811 243 1080 308 LIB.111‚
1117 247 1348 299 41—52

1477 249 1579 300 511

0 369 3 415 ἶ
47 377 175 425 Mox
193 381 378 423 tamen
398 370 634 422 ardentis
658 368 909 435 adcingar
930 369 1111 422 dicere
1130 386 1337 438 pugnas

48 443 311 507 CaesariS,
349 450 404 492 et
420 458 628 492 nomen
650 438 794 490 fama
815 449 899 490 tot
922 438 1067 491 ferre
1087 458 1190 509 per
1209 458 1403 506 annOS,

46 513 271 564 Tithoni
291 513 466 580 prima
492 520 626 579 quot
653 510 803 561 abest
825 510 890 560 ab
917 511 1123 576 origine
1147 513 1353 564 Caesar.

117 585 228 633 Seu
256 583 402 650 quiS‚
442 581 790 649 Olympiacae
821 581 1043 631 miratus
1077 583 1317 649 praemia
1348 580 1578 649 palmae,

43 653 217 704 Pascit
236 669 434 721 equos3
468 669 566 703 seu
587 652 705 720 quis
729 649 883 701 fortis
908 652 974 701 ad
999 661 1166 702 aratra
1189 653 1472 703 iuvencos,
1511 656 1579 704 50

5 733 13 745 ⁸
45 724 291 790 Corpora
313 723 605 790 praecipue
631 731 869 773 matrum
898 721 1054 788 legat.

1129 724 1369 790 Optuma
1393 731 1579 772 torvae

41 795 242 844 Forma
269 793 448 859 boviS‚
495 794 580 844 cui
605 802 764 860 turpe
791 801 976 860 caput,
1015 793 1098 842 cui
1122 793 1353 861 plurima
1385 792 1579 856 cerviX,

90 933 152 970 46.
170 933 230 970 47.
254 931 302 970 48
327 932 387 980 qui
406 932 531 967 abesse
557 933 651 968 forte
679 914 868 980 poterant,
902 944 969 980 pro
998 931 1128 979 spuriis
1155 933 1315 967 habebat
1334 932 1489 967 Hnrdius
1505 931 1531 967 l.
1551 932 1577 967 l.

43 981 90 1016 ad
108 982 235 1015 Horat.
260 982 328 1026 Ep.
354 980 401 1015 ad
420 983 509 1026 Aug.
531 982 586 1016 16.

42 1028 173 1063 Medic.
204 1030 262 1064 W
255 1028 302 1073 r)

691 981 739 1016 46
763 983 856 1015 Mox
880 982 991 1014 etiam
1023 980 1155 1027 Regius
1184 980 1341 1014 Martini.
1387 981 1580 1026 (ardentes

395 1027 443 1064 47
467 1036 524 1062 tot
545 1027 658 1075 fama
683 1027 818 1062 Zalich.
869 1028 1039 1062 Caesaris
1066 1037 1103 1062 et
1124 1026 1272 1075 samam
1295 1035 1332 1061 et
1358 1040 1490 1062 nomen
1522 1034 1579 1061 tot

43 1075 220 1110 Rufinian.
249 1075 295 1109 de
320 1075 461 1109 Schem.
492 1075 633 1109 Lexeos
662 1087 698 1120 Ρ.
726 1076 784 1111 32.
808 1074 880 1109 vid.
897 1076 1015 1110 Burm.
1062 1078 1153 1110 Sane
1181 1087 1253 1109 non
1270 1074 1363 1108 male
1388 1074 1579 1119 interpun-

43 1135 128 1169 gas:
152 1122 336 1169 adcingar
352 1123 475 1156 dicere
488 1134 659 1170 pugnas,
694 1123 864 1156 Caesar-13
883 1130 920 1156 et
939 1135 1070 1156 nomen
1088 1122 1210 1170 fama.

43 1170 114 1205 dic.
131 1182 153 1204 a
173 1181 220 1204 m.
266 1181 295 1204 r.
314 1170 506 1212 Romanus,
528 1170 618 1215 Reg.
643 1176 678 1203 et
696 1169 806 1204 Goth.
826 1182 879 1215 pr.
929 1177 1071 1224 quotus
1085 1178 1142 1203 est
1158 1171 1249 1204 Ven.

43 1218 184 1263 Menag.
216 1228 236 1251 a
253 1222 279 1250 t.

1305 1121 1353 1157 48
1380 1122 1479 1168 quod
1497 1122 1578 1155 Me—

1346 1166 1393 1204 49
1419 1170 1579 1202 miratur

361 1229 501 1250 raemla
526 1229 680 1264 pugnae
705 1216 843 1251 Nonius
872 1215 1034 1251 Marcell·
1059 1229 1097 1250 ln
1124 1217 1272 1258 mirart,
1305 1227 1427 1250 errore
1455 1215 1577 1249 solito.

45 1264 94 1300 50
122 1276 190 1299 seu
209 1264 293 1310 quis
303 1228 359 1310 sp
355 1265 426 1298 rt1s
446 1264 496 1298 ad
510 1272 644 1298 aratra
659 1276 846 1298 mvencos.
893 1266 965 1297 Aut
992 1263 1091 1309 iungi
1115 1270 1234 1318 potest
1258 1264 1381 1318 pascit
1401 1264 1579 1297 iuvencos

48 1311 100 1346 ad
121 1318 275 1352 aratra,
299 1316 360 1344 aut
399 1312 493 1345 ortis
509 1311 559 1344 ad
577 1318 721 1345 aratra.

817 1311 861 1347 51
883 1313 1047 1365 Optuma
1062 1310 1203 1357 scripsit
1220 1310 1344 1345 Heius.
1373 1322 1416 1343 ex
1431 1309 1576 1344 Mentel.

48 1365 86 1393 et
101 1357 222 1393 Nonio
238 1336 360 1392 Marce
391 1369 431 1400 o,
456 1358 554 1404 quod
574 1370 652 1392 cum
669 1357 777 1392 semel
800 1357 862 1391 ille
881 1357 1096 1401 induxisset,
1121 1357 1330 1392 servandum
1346 1356 1415 1391 fuit
1431 1369 1496 1404 per
1515 1364 1577 1391 to-

43 1412 120 1440 tum
140 1403 345 1451 Virgilium.
395 1405 463 1451 (—
487 1405 546 1441 52.
573 1404 683 1449 boas,
709 1405 773 1439 sed
796 1406 812 1439 i
830 1417 937 1452 supra
954 1406 1086 1452 scripta
1106 1405 1237 1440 Medic.
1266 1405 1364 1450 Wr.)

44 1525 265 1565 Cithaeron
275 1554 287 1575 ,
317 1524 521 1577 Taygetus
539 1529 582 1562 et
599 1523 783 1577 Epidau-

43 1598 126 1625 rus,
184 1584 249 1624 Ita
276 1582 330 1622 de
354 1595 594 1632 vaccarum,
636 1595 784 1621 canum

45 1649 88 1683 et
107 1655 304 1695 equarum
322 1640 491 1680 vocibus
513 1640 784 1680 communiter

22 1710 26 1713 *
44 1704 190 1754 ingens
214 1701 372 1739 clamor
388 1698 600 1738 commode
615 1698 783 1752 praedi-

44 1760 129 1800 cari
146 1758 296 1812 potuit.
333 1757 397 1796 Ita
413 1757 581 1797 tandem
600 1770 687 1796 rem
708 1770 784 1796 ex·-

43 1817 225 1873 peditam
244 1821 361 1870 puto.
422 1814 587 1870 (Sensus
607 1821 687 1855 est:
715 1828 781 1854 res

43 1876 234 1931 pecuaria
249 1873 513 1915 vehementer
530 1874 714 1927 postulat
723 1895 782 1903 —-

45 1934 158 1987 quod
187 1940 249 1974 est
273 1941 394 1973 vocat
422 1934 580 1985 ingenti
606 1933 782 1971 clamore

44 2015 102 2024 -
121 1992 305 2032 studium
322 2004 470 2030 meum.
486 1991 559 2031 W
552 1989 640 2045 ch.)
672 1991 783 2042 Epi-

44 2051 199 2090 daurus
218 2064 313 2090 cum
335 2055 427 2088 tota
443 2048 634 2101 Argolide
655 2062 782 2100 equo-

44 2124 136 2148 rum
149 2122 247 2149 cura
261 2107 425 2148 nobilis:
443 2107 520 2146 nisi
539 2119 591 2145 ex
602 2106 781 2144 Homero

44 2167 248 2217 tenueris,
278 2165 374 2206 vide
393 2165 460 2204 vel
482 2165 616 2217 Intpp.
635 2164 781 2203 Horat.

46 2225 180 2265 carm.
199 2225 229 2276 I,
251 2227 292 2275 7,
314 2226 341 2266 9
368 2223 526 2275 Aptum
549 2223 649 2260 dicit
670 2223 783 2275 equis

45 2284 198 2336 Argos.
240 2282 345 2322 conf.
365 2281 545 2323 inf.121
573 2286 614 2318 et
634 2279 782 2318 Strabo

46 2341 149 2392 VIII,
169 2356 209 2395 p-
227 2340 325 2384 595
384 2338 454 2382 48.
485 2338 665 2377 Sollenni
681 2350 783 2391 poe-

45 2405 185 2439 tarmn
202 2399 324 2439 huius
342 2397 431 2437 aevi
453 2410 567 2436 more
590 2402 630 2435 et
650 2396 783 2435 artifi-

47 2458 110 2497 cio
127 2457 302 2511 Augusti
324 2455 465 2496 laudes
490 2454 660 2508 amplior
663 2468 703 2493 es
730 2453 783 2493 ad

47 2529 176 2557 annos
205 2515 375 2555 seriores
401 2514 624 2566 maiorique
644 2526 784 2552 rerum

47 2580 91 2614 et
127 2575 227 2614 artis
266 2588 347 2613 usu
384 2572 568 2612 firmatos
612 2571 782 2624 seponit.

52 2633 250 2672 Tithonus
275 2638 317 2671 et
345 2632 432 2684 ipse
467 2631 521 2670 ad
549 2630 679 2683 gentis
710 2629 783 2669 Iu-

12 2738 14 2740 ,
46 2690 124 2730 liae
140 2691 312 2742 origines
328 2689 519 2744 pertinet.
558 2689 659 2728 Erat
677 2688 784 2728 enim

47 2749 164 2788 Trois
174 2749 361 2801 abnepoS,
369 2747 654 2787 Laomedontis
663 2746 784 2785 filius.

48 2807 246 2860 Tempus,
278 2806 390 2858 quod
417 2807 467 2845 ab
489 2805 570 2845 hoc
594 2804 785 2858 progeni-

47 2870 139 2904 tore
163 2862 276 2918 (nam
299 2879 328 2902 a
344 2866 486 2915 prima
510 2864 675 2903 Tithoni
700 2865 783 2902 ori—

44 2925 145 2974 gine
167 2928 250 2972 est,
282 2935 306 2959 a
330 2920 526 2975 Tithono)
547 2921 708 2960 effluxit
730 2920 784 2959 ad

48 2981 278 3031 Caesarem,
315 2992 393 3032 pro
415 2979 576 3019 infinito
600 2985 784 3032 tempore

45 3038 228 3092 ponitur.
286 3035 544 3090 Argutantur
575 3043 619 3076 et
644 3037 689 3075 in
720 3036 784 3076 his

841 1524 976 1577 Intpp.
988 1554 999 1575 ,
1029 1523 1212 1577 inprimis
1227 1522 1441 1563 Martinus.
1492 1525 1577 1562 Ar·-

842 1582 971 1620 dentis
994 1597 1163 1635 pugnas
1193 1595 1253 1622 vs·
1280 1580 1337 1624 46
1367 1580 1576 1634 Augusteo

842 1641 1000 1680 saeculo
1028 1640 1213 1693 indignas
1241 1645 1376 1679 censet
1391 1640 1577 1680 Warton.

842 1704 885 1737 at
901 1699 1096 1750 studium,
1121 1701 1273 1749 virtus,
1302 1698 1474 1746 ardens5
1505 1713 1577 1737 ar-

842 1757 937 1795 dent
966 1765 1206 1809 pugnantes
1226 1786 1238 1806 ,
1274 1770 1428 1808 pugna
1452 1757 1573 1806 calet,

827 1815 992 1868 servet;
1024 1814 1167 1867 quidni
1188 1820 1247 1864 et,
1276 1815 1422 1853 ardet?

899 1872 1099 1916 49—51.
1130 1873 1186 1911 De
1210 1873 1347 1911 fetura
1366 1877 1576 1911 armento-

839 1945 932 1972 rum
953 1937 1137 1981 acturus,
1164 1944 1383 1971 vaccarum
1399 1931 1577 1984 optima-

839 2004 958 2040 rum,
997 2003 1100 2042 quae
1122 1995 1242 2029 tauro
1266 1989 1463 2028 submitti·
1478 2003 1577 2042 pos-

840 2048 940 2098 sint,
971 2054 1090 2086 notas
1117 2060 1307 2086 enarrare
1330 2047 1486 2099 incipit.
1526 2047 1576 2086 cf.

839 2106 971 2145 Varro
990 2106 1038 2144 R.
1056 2106 1104 2144 R.
1124 2106 1175 2155 ΙΙ,
1204 2105 1244 2148 5.
1285 2105 1439 2144 Colum.
1462 2105 1528 2155 VI,
1552 2108 1573 2146 1

841 2170 883 2202 et
907 2166 977 2205 21.
1018 2164 1170 2203 Pallad.
1193 2162 1314 2202 Mart.
1343 2162 1409 2202 tit.
1434 2163 1505 2213 XI,
1535 2162 1576 2206 5.

839 2221 941 2261 Plin.
963 2221 1077 2272 VIII,
1109 2220 1185 2271 45,
1215 2235 1246 2261 s.
1275 2223 1344 2263 70.
1394 2221 1576 2274 Geopon.

840 2279 973 2330 XVII,
1001 2283 1042 2322 2.
1103 2279 1374 2332 Obympiaeae
1406 2281 1577 2317 miratus

831 2340 1026 2391 praemia
1058 2338 1232 2389 palmae
1251 2367 1264 2387 ,
1315 2337 1511 2377 victorias
1555 2349 1576 2375 e

842 2396 1060 2435 certamine
1080 2395 1233 2446 curuli,
1256 2395 1466 2449 splendide
1485 2409 1574 2448 pro,

841 2454 977 2493 studio
1032 2454 1302 2493 certaminum
1359 2454 1575 2493 curulium.

841 2513 910 2556 52.
942 2521 1055 2565 turpe
1073 2521 1214 2564 capnt,
1237 2512 1375 2550 fronte
1391 2512 1494 2562 lata3
1526 2517 1576 2550 ut

842 2584 980 2610 omnes
1022 2571 1241 2624 scriptores
1280 2570 1437 2609 laudati
1484 2584 1575 2609 mo-

840 2635 964 2680 nent3
1007 2629 1117 2669 unde
1145 2634 1186 2667 et
1213 2629 1316 2683 βοῦς
1345 2624 1574 2683 ευρυμὲτω-

840 2703 919 2737 πος
950 2693 992 2726 et
1016 2685 1347 2740 πλατυμέτωπος.
1400 2684 1495 2725 Nee
1522 2685 1575 2724 ab

841 2746 1036 2798 adspectu
1047 2746 1207 2784 decoros
1216 2744 1435 2784 Columella
1443 2743 1575 2796 Apen-

841 2804 984 2843 ninum
1006 2804 1112 2843 alere
1139 2803 1302 2842 dixerat
1318 2802 1386 2852 VI,
1410 2806 1447 2852 1,
1470 2805 1511 2851 2,
1535 2806 1575 2840 et

839 2862 941 2902 Plin.
962 2863 1063 2913 VIII,
1083 2860 1153 2911 45,
1177 2876 1206 2900 s,
1226 2864 1282 2903 70
1319 2861 1420 2899 Non
1446 2859 1573 2910 dege-

840 2935 951 2959 neres
989 2919 1252 2959 existimandi
1286 2919 1410 2956 etiam
1439 2919 1573 2955 minus

840 2978 1010 3017 laudato
1047 2978 1255 3028 adspecta.
1318 2975 1402 3013 Nec
1437 2980 1573 3013 tamen

841 3038 967 3088 turpis
992 3042 1034 3075 et
1051 3048 1228 3086 magnus
1254 3038 1473 3086 propterea
1494 3046 1572 3085 pro
