1734 3320
188 192 290 243 528
461 250 463 252 v
522 185 964 238 P.VIRG1L11
998 185 1368 238 MARoNIS
1429 167 1434 171 ’

191 319 426 383 Carpere
447 323 596 382 prata
616 311 764 379 suga,
801 311 1103 381 fluviosque
1125 314 1311 363 innare
1329 329 1559 381 rapaces,

192 387 424 438 Saltibus
448 386 502 435 in
522 384 699 434 vacuis
720 393 968 450 pascunt,
1008 393 1061 433 et
1085 383 1244 450 plena
1262 382 1565 434 secundum

189 457 457 509 Flumina:
493 471 709 504 muscus
730 454 852 518 ubi,
891 463 944 504 et
972 454 1287 504 viridissima
1319 453 1563 520 gramine
1582 452 1711 520 ripa,

193 527 601 595 speluncaeque
621 533 816 589 tegant,
842 534 894 574 et
916 541 1066 574 saxea
1087 525 1354 591 procubet
1371 524 1577 576 umbra.
1614 525 1712 576 145

189 593 284 649 Est
301 598 450 648 lucos
473 595 621 645 Silari
649 595 782 644 circa
804 594 1120 662 ilicibusque
1146 596 1414 646 virentem

265 695 376 744 143.
413 703 648 740 PASCANT

242 833 310 869 142
325 835 469 880 fluvios
486 853 531 858 -—
549 833 710 867 minaces
730 831 864 866 Zulich.
886 844 927 866 ex
948 844 980 866 v.
998 833 1057 870 77.
1085 833 1249 880 (rapacis
1266 827 1333 867 hic‘
1345 844 1388 866 ex
1407 830 1485 878 ipso
1505 827 1635 864 Medic.
1652 839 1714 860 re-

195 881 407 915 stituendum
434 887 524 919 erat.
565 879 659 924 Wr.)
778 880 845 915 143
863 889 1074 926 pascantur
1103 893 1190 914 vero
1218 881 1335 914 silvas
1361 879 1498 914 Nonius
1527 875 1715 910 Marcellus

192 929 229 961 in
247 942 278 961 v.
297 928 516 968 secandam3
542 927 637 960 forte
669 939 711 960 ex
738 926 818 962 314.
864 936 1026 973 pascant
1055 940 1182 973 equae:
1217 939 1286 960 non
1315 926 1408 960 enim
1435 927 1524 959 haec
1551 931 1604 958 est
1631 933 1716 955 cor-

192 982 316 1020 ruptae
336 975 522 1008 latinitatis
544 973 785 1007 sordidissima
805 974 940 1007 macula
953 1000 962 1017 ‚
987 981 1027 1009 ut
1048 975 1190 1009 Wakef.
1215 975 1260 1008 ad
1281 976 1421 1008 Lucret.
1440 975 1484 1016 11,
1508 971 1577 1008 995
1595 969 1715 1016 paullo

192 1023 434 1056 inclementius
453 1021 677 1068 pronuntiat,
703 1021 918 1054 contendens
934 1047 942 1063 ,
968 1022 1140 1066 agricolas
1162 1028 1198 1056 et
1215 1021 1444 1056 armentarios
1465 1030 1612 1066 pascere
1630 1029 1716 1062 gre-

194 1083 254 1115 ges
266 1096 275 1111 ,
301 1076 337 1102 et
357 1076 513 1102 armenta
528 1069 637 1114 pasci.
687 1070 769 1102 Non
787 1069 994 1103 meminerat
1011 1070 1084 1104 Ecl.
1104 1071 1163 1112 111,
1182 1071 1228 1105 96
1249 1077 1446 1116 pascentes
1462 1067 1636 1115 capellas.
1654 1064 1716 1106 w,

191 1118 237 1152 45
258 1125 457 1164 pascentes
477 1129 606 1163 agnos·
623 1117 677 1159 V,
704 1117 748 1151 12
768 1124 967 1163 pascentes
990 1117 1148 1159 haedos,
1184 1125 1218 1150 et
1245 1117 1296 1151 sic
1319 1128 1427 1162 porro
1449 1115 1511 1149 inf.
1533 1112 1614 1148 467.
1631 1114 1715 1146 Aen·

191 1166 253 1206 VI,
281 1165 358 1199 199.
407 1164 543 1197 Dicitur
565 1164 655 1196 adeo
675 1175 746 1196 non
769 1175 838 1196 uno
861 1163 967 1196 modo
985 1177 1139 1210 pascere
1159 1177 1327 1211 gregem,
1352 1175 1508 1210 pascere
1528 1173 1571 1194 se
1596 1166 1633 1193 et
1645 1170 1718 1205 pa-

193 1224 293 1245 scere
311 1210 462 1252 herbas,
490 1211 585 1256 quod
604 1210 760 1243 usitatius
775 1236 784 1252 ,
809 1210 1012 1256 depascere.
1062 1210 1239 1245 Fascibus
1260 1213 1297 1245 in
1329 1221 1530 1256 expressum
1555 1220 1575 1241 a
1594 1206 1716 1240 Cerda.

187 1267 351 1305 pascant
367 1259 496 1292 Medic.
527 1271 547 1291 a
564 1271 609 1291 m.
637 1270 691 1303 pr.
718 1258 787 1302 (est
808 1270 849 1290 ea
867 1257 966 1303 prior
993 1258 1112 1292 lectio.
1145 1258 1238 1302 Wr.)
1264 1260 1392 1292 Moret.
1419 1270 1474 1303 pr.
1492 1267 1580 1290 unus
1599 1257 1718 1288 Arun—

193 1306 261 1338 del.
299 1305 402 1350 (adde
431 1307 532 1339 Rom.
566 1312 602 1338 et
625 1304 735 1338 Paris.
764 1306 797 1340 3.
848 1306 955 1339 Recte
981 1317 1064 1340 vero
1091 1305 1367 1346 Wakefieldius3
1402 1316 1517 1350 neque
1546 1302 1655 1336 ullum
1675 1312 1718 1333 ex

191 1353 305 1399 proba
324 1352 517 1386 Latinitate
535 1352 690 1397 proferri
707 1364 813 1398 posse
833 1359 962 1386 certum
986 1353 1180 1398 exemplum
1201 1353 1340 1399 opinor,
1364 1352 1457 1386 unde
1473 1351 1618 1385 verbum
1634 1347 1719 1383 fini-

191 1407 268 1433 tum
284 1413 419 1446 pasco,
441 1401 576 1447 pascis,
602 1406 668 1433 etc.
693 1406 753 1433 aut
779 1399 969 1433 infinitivus
996 1412 1153 1448 pascere
1181 1401 1252 1434 vim
1270 1399 1406 1434 Passivi
1422 1410 1578 1446 pascor,
1600 1396 1718 1444 pasci,

168 1468 179 1475 .
193 1447 365 1480 sustinere
383 1448 566 1493 probetur.
615 1448 707 1480 Nam
726 1447 859 1480 Tibull.
880 1448 923 1488 ΙΙ,
949 1447 981 1488 5,
1005 1447 1081 1483 25.:
1115 1474 1136 1489 „
1150 1448 1220 1482 Sed
1249 1454 1322 1481 tum
1342 1447 1536 1493 pascebant
1562 1444 1720 1478 herbosa

191 1495 327 1528 Palatia
351 1497 514 1537 vaccae,“
549 1500 611 1528 aut
632 1493 837 1540 pascebant
856 1506 922 1539 pro
951 1494 1217 1542 depascebant,
1243 1495 1392 1541 simplex
1419 1505 1484 1539 pro
1507 1490 1718 1538 composito,

192 1542 411 1585 habendum,
444 1548 523 1583 aut,
561 1548 600 1574 ut
630 1541 731 1574 iubet
760 1542 925 1584 Wakefi,
961 1542 1183 1575 scribendum
1211 1554 1353 1576 vaccas.
1401 1539 1585 1585 Participii
1612 1538 1719 1582 longe

193 1589 261 1623 alia
281 1595 335 1623 est
354 1590 465 1630 ratio;
492 1588 542 1623 sic
572 1588 663 1622 enim
685 1588 929 1622 deficientibus
960 1589 1160 1635 Participiis
1182 1589 1250 1624 alia
1278 1588 1469 1634 Participia
1500 1586 1720 1621 substituun-

191 1644 270 1679 tur3
305 1637 400 1682 quod
417 1649 463 1671 ne
492 1649 511 1670 a
533 1636 647 1670 soluta
679 1636 822 1681 quidem
844 1636 1006 1670 oratione
1033 1637 1202 1679 alienum,
1227 1644 1265 1670 ut
1282 1638 1404 1670 iniens
1424 1647 1569 1677 annus„
1603 1642 1719 1673 aetas,

194 1691 250 1717 est
273 1696 419 1727 annas,
453 1685 533 1730 qai,
569 1691 691 1725 aetaS,
728 1683 972 1729 qaae'initur.
1022 1684 1180 1718 Sensisse
1201 1684 1270 1718 hoc
1298 1683 1438 1718 videtur
1458 1682 1626 1723 Vossius,
1660 1678 1720 1735 qui

195 1731 246 1765 sic
276 1731 419 1765 scribit:
452 1739 631 1778 pascant,
664 1743 712 1764 sc.
745 1736 908 1776 pastores
939 1731 1112 1776 gravidas.
1163 1731 1267 1774 Quod
1295 1731 1351 1765 vix
1377 1729 1539 1764 Latinum
1569 1729 1719 1768 dixer135

193 1778 302 1812 tertia
320 1779 412 1811 enim
432 1790 585 1823 persona
607 1777 752 1822 pluralis
776 1778 933 1819 numeri,
968 1779 1028 1811 ubi
1046 1778 1218 1812 infinitum
1241 1785 1295 1812 est
1314 1777 1529 1818 subiectum,
1552 1777 1664 1810 ferme
1683 1774 1721 1808 in

191 1826 368 1859 narrando
383 1831 517 1858 tantum
530 1852 538 1867 ,
563 1836 634 1857 non
654 1824 691 1856 in
709 1824 863 1857 iubendo
881 1825 995 1858 locum
1011 1826 1131 1859 habet.
1183 1828 1281 1867 Quae
1300 1838 1405 1871 quum
1425 1825 1476 1858 ita
1496 1824 1586 1866 sint,
1610 1822 1721 1856 rede-

194 1873 323 1906 undum
350 1872 418 1905 erit
445 1872 490 1905 ad
516 1878 730 1905 contemtam
762 1871 858 1904 illam
888 1884 909 1904 a
935 1872 1066 1906 criticis
1088 1873 1279 1906 lectionem
1308 1873 1576 1906 veterrimorum
1605 1870 1722 1903 libro—

193 1932 269 1954 rum
284 1946 293 1962 ‚
318 1918 491 1961 Medicei,
516 1918 682 1952 Romani:
714 1927 897 1965 pascunt,
923 1918 945 1952 i.
969 1932 998 1952 e.
1020 1933 1167 1965 pascere
1186 1920 1304 1953 solent
1325 1919 1488 1964 gravidas
1505 1915 1720 1952 armentarii.

194 1967 251 2001 Sic
274 1967 365 2000 enim
393 1967 485 2000 solet
504 1966 676 2011 Virgilius
694 1966 801 1998 modo
819 1966 1068 2012 praecipientis
1083 1994 1091 2009 ‚
1127 1967 1234 2001 modo
1253 1966 1440 2000 referentis
1460 1972 1581 2012 partes
1601 1976 1718 2009 agere.

194 2017 360 2048 Pascant
387 2014 492 2047 facile
523 2014 622 2047 vides
651 2025 693 2046 ex
718 2012 935 2058 praegressis
967 2014 1206 2060 subiectisque
1225 2013 1463 2047 Coniunctivis
1486 2020 1602 2046 ortum
1632 2023 1720 2045 esse.

192 2062 395 2095 Pascunt
421 2067 546 2103 autem,
571 2060 649 2094 ubi
673 2066 844 2104 tegant
861 2078 909 2086 —-
927 2062 1180 2107 procubet,
1205 2061 1227 2095 i.
1250 2073 1279 2095 e.
1301 2067 1450 2107 pascunt
1468 2060 1635 2105 eligentes
1657 2059 1719 2092 lo-

194 2122 289 2151 cum,
323 2109 383 2142 ubi
402 2115 544 2153 tegant,
576 2107 771 2153 procubet..
795 2109 851 2142 W
845 2107 891 2152 r.)
989 2108 1057 2144 144
1080 2110 1305 2143 viridissima
1326 2109 1498 2156 gramina
1516 2109 1621 2153 ripae
1639 2107 1723 2139 Me—

194 2156 260 2190 die.
307 2157 479 2203 gramina
500 2157 582 2202 ripa
602 2161 715 2200 quart.
739 2155 867 2188 Moret.
916 2158 1081 2202 germine
1102 2168 1189 2190 unus
1211 2156 1327 2189 Mead.
1354 2155 1484 2201 (nullus
1499 2154 1592 2188 liber
1611 2161 1668 2187 est
1684 2152 1723 2186 in

195 2210 283 2237 extr.
300 2216 348 2236 vs.
370 2203 487 2243 addit3
513 2203 584 2236 vid.
608 2205 650 2244 Q.
673 2203 717 2236 V.
739 2203 822 2244 XV,
849 2203 881 2237 1.
905 2210 942 2236 et
961 2205 994 2238 2.
1026 2204 1121 2248 lVr.)
1221 2202 1288 2239 145
1308 2201 1492 2250 procubat
1502 2202 1632 2235 Moret.
1649 2212 1721 2234 sec.

189 2259 370 2298 protegat
395 2251 524 2284 Medic.
552 2263 572 2283 a
591 2263 635 2283 m.
653 2261 707 2296 pr.
735 2249 876 2294 (Medic.
902 2263 921 2283 a
944 2262 989 2284 m.
1008 2264 1062 2296 pr.
1080 2252 1268 2299 protegit,
1305 2250 1369 2283 sed
1397 2260 1502 2296 supra
1520 2248 1724 2282 transfixam

194 2299 209 2331 i
237 2298 370 2343 scripta
393 2310 434 2338 a3
469 2296 597 2331 deinde
628 2296 787 2333 adiectae
817 2297 976 2342 syllabae
1009 2311 1053 2331 ca
1091 2304 1129 2331 et
1149 2297 1200 2332 be.
1243 2297 1337 2341 Wr.)
1387 2298 1513 2331 Potest
1531 2302 1648 2330 autem
1665 2293 1723 2329 vel

194 2344 291 2389 iungi
315 2350 351 2378 et
367 2345 504 2389 repeti:
533 2343 595 2377 abi
613 2344 812 2390 speluncae
833 2352 982 2391 tegant;
1008 2345 1065 2379 vel
1083 2345 1237 2390 seiungi:
1270 2345 1463 2386 Flamina,
1498 2354 1645 2377 muscus
1662 2339 1725 2375 ubi

195 2400 231 2425 et
251 2393 346 2439 ripa.
395 2392 673 2438 Spelancaeqae
703 2399 835 2438 tegant
858 2400 895 2425 et
922 2404 950 2425 s.
979 2405 1018 2438 p.
1044 2405 1078 2426 a.
1116 2392 1219 2437 (haec
1238 2391 1330 2426 ratio
1349 2391 1419 2425 iam
1443 2403 1516 2425 non
1547 2388 1722 2436 procedit,

194 2445 278 2484 post
303 2438 484 2472 reductam
514 2450 564 2471 VS.
595 2436 673 2473 143.
702 2437 881 2483 antiquam
912 2438 1113 2473 lectionem.
1155 2439 1252 2484 Wr.)
1373 2437 1442 2475 146
1467 2439 1574 2478 lucas
1598 2437 1722 2481 fragm.

194 2485 308 2519 Vatic.
333 2486 463 2519 Medic.
493 2497 513 2518 a
544 2498 588 2518 m.
615 2498 685 2518 sec.
720 2491 756 2518 et
788 2486 908 2526 Leid.‚
932 2486 1035 2520 male.
1064 2488 1182 2532 (lacos
1209 2492 1263 2520 est
1291 2486 1391 2532 prior
1417 2472 1721 2524 lectio'ffiediceh

196 2533 303 2565 lucas
319 2532 424 2565 etiam
443 2534 544 2565 Rom.
576 2532 672 2576 Wr.)
724 2532 838 2566 Sileri
851 2533 979 2566 Medic.
1008 2547 1029 2567 a
1048 2547 1093 2568 m.
1116 2547 1170 2580 pr.
1183 2559 1192 2576 ‚
1228 2534 1322 2578 quod
1342 2533 1456 2566 firmat
1474 2531 1595 2564 Heius.
1645 2531 1723 2564 cir-

195 2591 275 2619 cum
294 2581 383 2613 Ven.
433 2580 530 2613 circa
549 2579 711 2613 Parrhas.
761 2582 831 2613 Est
852 2580 973 2613 lucum
999 2582 1115 2615 Silari
1139 2583 1247 2615 iaxta
1272 2582 1405 2614 Seneca
1422 2579 1526 2625 epist.
1545 2578 1602 2614 58.

197 2687 251 2726 ad
271 2700 395 2740 genus
425 2687 623 2725 bovillum
655 2687 779 2738 magis
801 2686 928 2725 desse—
985 2687 1112 2740 pitur.
1161 2687 1240 2726 Res
1267 2687 1416 2739 alioqui
1454 2692 1564 2726 nota.
1598 2682 1722 2739 l143.

197 2746 283 2785 etit.
323 2747 409 2784 acri
432 2746 551 2797 saga
566 2776 575 2793 ‚
627 2745 746 2783 celeri
792 2758 926 2784 cursu.
987 2746 1125 2783 Sallus
1152 2748 1298 2796 vacui,
1341 2746 1383 2784 in
1417 2745 1562 2797 quibus
1591 2743 1720 2793 solae,

200 2805 370 2855 Carpere
385 2811 511 2855 prata
523 2803 653 2855 saga,
690 2803 859 2841 ductum
878 2804 927 2842 ab
988 2803 1166 2854 quietae,
1200 2804 1349 2843 otiosae
1369 2809 1607 2857 pascantur;
1637 2801 1723 2840 sine

198 2876 266 2912 eo,
298 2861 410 2914 quod
427 2876 589 2912 carpere
609 2863 736 2909 viam,
770 2863 923 2911 spalia,
986 2861 1142 2900 maritis
1161 2892 1171 2912 ,
1219 2862 1497 2915 Philargyrius
1541 2859 1721 2913 exponit.

197 2920 390 2969 dicimur,
422 2919 520 2958 dum
548 2919 710 2970 singulis
728 2919 926 2970 gressibus
986 2918 1152 2973 (rectius
1180 2922 1292 2960 Serv.
1325 2920 1466 2960 Dresd.
1485 2917 1634 2959 'reddit
1649 2930 1723 2971 per

197 2979 349 3030 aliquid
369 2978 418 3018 (le
441 2977 569 3031 spatio
583 2977 826 3030 decerpitur,
840 2991 925 3015 car-
985 2981 1149 3030 apertis.
1190 2977 1310 3033 lsVJ.)
1360 2979 1489 3031 plena
1517 2977 1719 3030 flumina,
