1768 3320
227 240 324 290 156
549 229 606 289 ι).
641 202 998 290 VIRGiLll
1041 220 1422 287 MARONIS

220 363 475 426 Instituit3
492 358 749 431 'Daphnis
770 364 966 414 thiasos
991 362 1250 413 inducere
1268 363 1477 429 Bacchi,

219 437 287 485 Et
309 432 449 484 foliis
468 434 636 484 lentas
655 435 889 484 intexere
911 432 1164 482 mollibus
1187 432 1372 486 hastas,

220 504 352 557 Vitis
373 513 433 554 ut
455 505 733 554 arboribus
754 504 936 554 decori
957 512 1058 566 est,
1095 512 1156 552 ut
1174 503 1368 554 vitibus
1398 519 1549 567 uvae,

219 577 292 627 Ut
314 575 561 641 gregibus
580 575 737 638 tauri,
774 582 979 639 segetes
998 582 1059 623 ut
1078 573 1364 640 pinguibus
1388 573 1544 624 arvis:

1673 371 1741 417 30

267 695 315 730 30
336 693 478 727 Baccho
497 692 625 738 ubique
643 691 773 725 editum
791 691 907 725 video.
955 691 1091 725 Bacchi
1106 703 1147 725 ex
1166 691 1422 738 antiquioribus
1434 690 1542 725 Pierii
1559 695 1596 724 et
1613 690 1734 725 Heius.

219 741 407 786 probatum
426 739 571 773 Heinsio
587 739 748 783 reposuit
763 741 888 781 Burm.,
913 750 1047 772 memor
1062 750 1183 773 versus
1200 742 1289 774 Aen.
1306 740 1383 781 vn,
1401 740 1473 776 390
1493 739 1626 772 etenim
1641 739 1735 772 mol-

220 789 276 822 les
295 786 361 821 tibi
380 799 520 820 sumere
537 787 703 831 thyrsos·
728 786 856 818 iterum
876 786 980 820 eiecit
999 786 1147 820 Brunck.
1160 812 1169 828 ‚
1195 799 1271 820 cum
1291 786 1432 821 Baccho
1443 784 1656 840 exquisitius
1675 785 1733 820 sit.

221 833 403 892 (Nempe
393 845 422 866 ιε
445 834 532 867 haec
550 833 603 866 ita
624 832 718 866 dicta
742 833 942 876 existimat,
967 833 1258 878 quemadmodum
1281 833 1376 878 apud
1391 831 1577 878 Aristoph.
1599 832 1638 866 in
1656 833 1734 878 Ly-

219 881 314 915 sistr.
341 878 588 925 ὀρχησάμενοι
616 881 776 915 θεοῖσιν.
807 879 900 924 Wr.)
950 881 1101 924 thyrsos
1123 880 1284 914 Parrhas.
1333 880 1418 914 Cum
1435 880 1610 914 inducere
1631 880 1733 914 thia-

219 941 282 963 sos
307 929 490 962 obscurum
516 933 610 960 esset
627 927 794 968 Heinsio,
828 926 1056 961 coniiciebat:
1093 927 1235 962 thiasos
1254 927 1416 961 indicere
1434 927 1581 961 Bacchi·
1619 927 1735 962 indici

220 975 311 1009 enim
330 988 428 1009 saera
444 973 616 1008 sollennia
633 980 668 1007 et
685 974 769 1007 festi
785 974 860 1007 dies
878 974 1011 1008 solent:
1037 974 1133 1019 quod
1151 974 1296 1019 copiose
1313 974 1465 1008 adstruit
1473 973 1612 1015 Heius-5
1635 974 1732 1008 forte

218 1022 328 1055 multo
352 1022 462 1067 magis
493 1022 562 1054 hoc
594 1033 636 1054 ex
662 1033 725 1054 usu
751 1021 921 1067 loquendi
941 1022 1056 1062 foret3
1091 1021 1154 1055 sed
1184 1028 1220 1054 et
1244 1021 1314 1062 hoc
1338 1019 1538 1070 Daphnidis
1568 1021 1731 1056 laudibus

219 1069 400 1110 convenit,
426 1075 464 1102 ut
483 1068 559 1113 ipse
581 1068 719 1101 duxisse
736 1068 864 1102 choros
883 1068 1029 1103 dicatur.
1066 1067 1184 1102 Possis
1205 1080 1344 1126 quoque
1362 1068 1524 1114 accipere
1543 1069 1731 1110 inducere,

217 1115 348 1149 inferre
378 1116 415 1149 in
434 1115 563 1157 vitam,
587 1127 704 1157 usum,
729 1115 925 1150 instituere.
974 1111 1158 1158 θιάσους,
1191 1112 1338 1157 teletae
1366 1115 1542 1161 εἰςάγειν,
1574 1121 1615 1149 ut
1638 1115 1731 1149 bene

217 1163 411 1196 Mitscherl.
446 1162 540 1207 (Vid.
559 1174 647 1207 quae
666 1142 791 1217 scripsi
810 1162 846 1195 in
866 1164 951 1196 Not.
975 1164 1100 1208 Neque
1119 1162 1326 1208 exquisitior
1345 1169 1400 1197 est
1415 1163 1554 1196 dativus
1567 1163 1730 1204 Baccho·

217 1209 246 1244 is
267 1210 490 1258 significaret,
505 1209 658 1242 nondum
677 1209 838 1244 inventos
856 1210 964 1243 fuisse
985 1210 1144 1250 thiasos3
1168 1210 1232 1244 scd
1242 1210 1378 1244 Bacchi
1396 1210 1539 1244 thmsos
1555 1210 1731 1244 mducere

218 1264 291 1291 est·
314 1252 529 1299 thiasoium,
553 1256 620 1290 iam
638 1256 869 1300 inventorum,
894 1269 992 1290 usum
1011 1257 1236 1291 introducere
1257 1257 1387 1303 aliquo.
1418 1256 1514 1301 Wr.)
1608 1257 1657 1294 32
1673 1265 1731 1290 esc

216 1304 318 1337 abest
336 1317 356 1338 a
375 1302 513 1348 Menag.
542 1316 611 1337 sec.
638 1304 722 1359 (vid.
745 1305 787 1345 Q.
810 1305 855 1338 V.
875 1305 959 1347 XV,
980 1305 1014 1341 2.
1045 1304 1140 1347 Wr.)
1167 1313 1223 1338 est
1251 1313 1288 1339 et
1312 1303 1450 1341 vitibus
1464 1301 1597 1338 Moreti
1615 1316 1730 1350 quar-

215 1356 293 1392 tus,
319 1351 376 1396 qui
399 1357 436 1383 et
457 1362 554 1384 mox.
579 1354 628 1384 Et
642 1345 821 1398 gre‘gibus
842 1358 868 1384 t.
890 1363 918 1385 s.
938 1360 976 1384 et
991 1364 1030 1398 Ρ.
1059 1351 1096 1384 in
1119 1348 1282 1385 Theocr.
1295 1352 1398 1394 Vm,
1423 1351 1468 1387 79
1494 1352 1541 1396 τᾷ
1564 1350 1654 1396 δρυῒ
1667 1349 1730 1386 ταὶ

215 1396 375 1445 βάλανοι
400 1395 552 1443 κόσμος.
598 1397 903 1432 Accommodatius
931 1398 1002 1432 hoc
1030 1410 1149 1444 quam:
1194 1399 1290 1433 Vitis
1316 1406 1358 1432 ut
1387 1396 1582 1433 arboribus
1606 1399 1731 1433 decori

213 1505 375 1543 tonibus
417 1511 457 1543 et
492 1505 606 1544 sociis
642 1505 763 1544 fuisse
802 1505 938 1558 fingat,

214 1563 282 1615 qui
303 1577 415 1601 sacra
426 1563 574 1602 Bacchi
590 1563 815 1603 instituerit
831 1563 939 1603 inter

212 1627 413 1674 pastoreS,
455 1635 580 1673 eoque
609 1621 866 1661 caerimonias
894 1622 938 1661 in

212 1679 458 1718 Liberalibus
484 1680 679 1718 sollennes
695 1679 937 1731 exhibuerit,

212 1737 318 1775 inter
338 1751 435 1788 quas
461 1737 607 1776 Bacchi
631 1752 694 1776 res
719 1744 850 1790 gestae
869 1738 938 1777 in-

212 1795 426 1847 primisque
447 1795 497 1833 ad
516 1795 636 1834 Indos
647 1797 852 1848 expeditio
869 1810 938 1835 re—

212 1854 459 1904 praesentari
476 1854 638 1893 solebat.
681 1855 815 1903 Quam
838 1869 937 1894 con-

211 1910 533 1950 venienter-haec
561 1912 608 1950 de
634 1912 844 1966 Daphnide
861 1927 937 1966 pa-

212 1974 319 2007 store
366 1976 583 2008 narrentur
602 2001 612 2020 ,
672 1985 754 2009 non
794 1971 935 2010 dicam.

214 2023 368 2080 (Omnis
387 2041 449 2065 res
470 2041 514 2066 eo
532 2028 659 2078 redit,
691 2035 739 2067 ut
757 2029 936 2082 Daphnis

210 2084 355 2124 vitium
390 2086 589 2124 culturam
620 2087 729 2138 apud
755 2101 846 2126 suos
868 2088 935 2127 in—

211 2143 384 2181 stituisse
407 2143 583 2195 dicatur,
625 2159 715 2183 cum
733 2144 811 2184 hac
830 2146 935 2184 enim

211 2201 447 2239 coniunctus
484 2203 563 2241 fuit
606 2202 753 2241 Bacchi
789 2203 934 2242 cultus.

210 2258 261 2296 Et
277 2265 432 2310 partem
452 2261 740 2311 agriculturae,
768 2262 935 2300 nobilis-

209 2316 347 2355 simam
369 2317 549 2368 quidem,
579 2319 714 2370 posuit
734 2333 808 2372 pro
831 2326 932 2358 tota.

208 2373 325 2413 Hanc
367 2375 741 2428 interpretationem
781 2377 933 2416 confir—

207 2438 292 2470 mat
332 2438 419 2470 tum
459 2434 634 2474 subiecta
667 2449 725 2474 vs.
758 2439 824 2477 32.
847 2450 931 2487 sqq.

208 2491 452 2542 comparatio
469 2522 479 2540 ,
521 2498 610 2531 tum
635 2506 701 2542 ea,
743 2507 844 2545 quae
871 2508 931 2533 vs·

207 2548 273 2590 35.
291 2562 374 2599 sqq.
403 2556 493 2600 post
519 2557 690 2589 mortem
712 2551 931 2604 Daphnidis

206 2609 381 2645 evenisse
401 2614 631 2646 narrantur.
669 2608 779 2648 Haec
797 2616 931 2649 autem

204 2663 262 2702 ita
294 2670 478 2716 spectant
507 2666 732 2716 Caesarem,
773 2674 820 2706 ut
846 2669 931 2721 ipsa

203 2727 350 2761 natura
378 2735 450 2775 per
477 2723 559 2761 eius
587 2737 735 2762 numen
755 2748 811 2754 —-
838 2740 932 2765 nam

203 2793 353 2819 numen
393 2779 578 2818 habuisse
613 2782 818 2833 putandus
858 2791 930 2834 est,

203 2850 275 2890 per
297 2851 416 2890 quem
446 2838 541 2876 talia
571 2846 742 2890 possunt
770 2840 856 2879 fieri
874 2864 931 2871 —

202 2895 408 2935 laetiorem
440 2895 616 2934 induisse
644 2897 825 2947 vultum,
861 2899 932 2937 sed

203 2953 387 3003 eundem,
416 2953 486 2992 illo
513 2954 726 3003 exstincto,
757 2962 930 2994 mutasse

204 3011 373 3051 dicatur.
422 3010 584 3051 Vossius
608 3012 803 3065 sapientes
828 3014 930 3066 leges

994 1505 1262 1558 institutaque
1280 1505 1476 1554 salubria,
1507 1518 1610 1558 quae
1627 1506 1728 1548 Cae-
1745 1512 1748 1516 ’

996 1564 1075 1603 sari
1109 1570 1272 1617 accepta
1300 1563 1515 1603 retulerint
1542 1564 1726 1614 Romani,

994 1620 1057 1660 his
1104 1622 1238 1661 verbis
1290 1621 1504 1674 significari
1559 1622 1726 1673 statuit5

994 1679 1198 1719 Bacchum
1225 1680 1330 1719 enim
1356 1686 1397 1718 et
1433 1681 1617 1719 Cererem
1650 1694 1726 1720 au-

997 1744 1126 1777 ctores
1155 1738 1274 1777 fuisse
1301 1741 1408 1777 vitae
1438 1752 1461 1777 a
1490 1738 1651 1777 feritate
1672 1738 1726 1777 ad

994 1795 1288 1835 humanitatem
1308 1795 1575 1836 revocandae.
1610 1798 1682 1837 W
1674 1794 1722 1851 r.)

994 1854 1197 1894 Bacchum
1229 1861 1366 1893 autem
1396 1868 1522 1894 curru
1555 1854 1725 1907 tigribus

994 1913 1132 1952 iuncto
1165 1912 1259 1952 vehi
1276 1943 1286 1962 ,
1326 1913 1549 1952 innumeris
1574 1926 1723 1952 monu-

994 1971 1136 2010 mentis
1175 1976 1345 2010 constat.
1395 1969 1471 2025 (cf.
1501 1970 1722 2011 Montfauc.

992 2034 1091 2068 Ant.
1133 2030 1241 2081 εει-ΡΖ.
1287 2030 1334 2068 V
1329 2029 1379 2068 ol.
1412 2030 1460 2078 J,
1491 2028 1571 2068 tab.
1607 2028 1720 2084 158.)

994 2090 1061 2129 30.
1092 2087 1244 2126 thiasos
1265 2087 1448 2125 inducere
1468 2087 1632 2126 Bacchi
1652 2101 1722 2127 ac—

994 2145 1096 2198 cipio
1119 2159 1194 2198 pro
1225 2144 1395 2198 simplici
1414 2145 1554 2183 ducere
1575 2144 1722 2184 choros

992 2202 1279 2242 bacchantium
1299 2233 1309 2253 ,
1356 2203 1494 2255 quales
1526 2217 1643 2256 saepe
1677 2204 1721 2243 in

993 2261 1225 2314 anaglyphis
1241 2267 1281 2300 et
1298 2259 1473 2313 gemmis.
1517 2259 1614 2316 (Sed
1631 2262 1721 2313 quis

990 2320 1047 2358 ita
1069 2320 1230 2359 locutus
1252 2325 1329 2357 est:
1351 2319 1535 2357 inducere
1553 2319 1718 2371 thiasos,

990 2378 1176 2416 choream
1195 2408 1205 2427 ,
1253 2391 1328 2430 pro
1375 2376 1559 2429 simplici»
1579 2377 1720 2416 ducere

988 2436 1152 2486 thiasos,
1182 2435 1399 2474 choream?
1429 2435 1545 2474 Certe
1560 2433 1641 2474 hoc
1655 2447 1719 2474 es-

988 2500 1069 2544 set,
1099 2500 1147 2532 ut
1171 2494 1227 2532 ait
1247 2493 1356 2532 Cort.
1372 2493 1424 2532 ad
1439 2493 1623 2533 Latronis
1638 2493 1719 2532 De-

989 2553 1103 2591 clam.
1132 2558 1275 2590 contra
1300 2551 1456 2590 catilin.
1485 2565 1519 2591 c.
1546 2554 1627 2601 32„
1647 2565 1718 2590 eo-

987 2624 1081 2649 rum
1100 2640 1110 2660 ,
1152 2609 1222 2662 qui
1253 2614 1351 2648 sunt
1389 2614 1507 2648 extra
1540 2594 1728 2649 classem?

989 2669 1181 2707 Inclucere
1204 2667 1354 2706 dicitur
1375 2667 1425 2705 de
1441 2666 1489 2705 iis
1505 2698 1516 2717 ‚
1547 2667 1617 2720 qui
1637 2681 1716 2706 no-

987 2740 1085 2765 vum
1103 2739 1256 2765 morem
1271 2725 1544 2764 introducunt
1556 2755 1566 2775 ,
1596 2725 1717 2778 primi

989 2784 1141 2836 aliquid
1176 2784 1339 2823 faciunt.
1395 2783 1476 2823 Cfr.
1511 2782 1714 2823 Schwarz.

988 2843 1041 2880 ad
1084 2842 1184 2881 Plin.
1226 2843 1367 2894 Paneg.
1413 2854 1447 2880 e.
1481 2843 1547 2884 11.
1590 2838 1712 2895 Wr.)

986 2901 1116 2940 Versu
1161 2902 1213 2942 31
1259 2899 1450 2952 thyrsum
1503 2899 1712 2949 describit,

987 2971 1105 3010 quem
1132 2957 1373 2998 bacchantes
1399 2957 1618 3010 gestabant.

1043 3018 1108 3058 32.
1176 3016 1238 3055 Ex
1293 3015 1460 3056 Theocr.
1499 3015 1592 3066 VH,
1644 3015 1711 3057 79.
