1734 3320
128 239 230 288 456
456 237 513 286 Ρ.
558 233 919 286 VIRGILII
954 230 1335 282 MARONIS

202 360 366 425 Quod
386 370 653 429 superest,
684 375 1062 428 quaecumque
1081 374 1299 426 premes
1317 353 1543 420 virgulta
1563 370 1664 422 per

134 502 335 568 Sparge
357 499 492 561 fimo
516 500 727 568 pingui,
768 509 821 550 et
844 445 1255 550 ῐῐιιῗΙῗΞΟῐῗθΠιοι·
1280 491 1468 546 oceule
1496 501 1663 555 terra;

132 574 239 623 Aut
270 570 508 639 lapidem
541 570 817 635 bibulum,
866 567 1275 688 authsqualentis
1307 563 1498 616 infode
1534 579 1664 613 con-

133 712 283 760 Inter
305 709 451 760 enim
477 709 727 759 labentur
749 656 952 777 aquae?
980 655 1268 774 tiesriuisque
1294 703 1495 755 subibit

133 779 337 831 Halitus
357 821 370 846 ‚
417 789 577 848 atque
623 780 832 830 animos
880 778 1077 829 tollent
1117 785 1237 829 sata.
1321 778 1546 842 Iamque
1578 789 1667 822 re—

697 892 699 895 f
930 848 1092 916 perti,
1553 845 1668 895 -350

139 920 244 983 Qui
267 935 388 969 saxo
414 935 599 986 super,
639 927 800 986 atque
824 919 1054 985 ingentis
1080 914 1329 986 pondere
1354 922 1547 978 testae,

184 1060 254 1096 348
279 1060 448 1094 cochleas
466 1059 554 1103 Reg.
578 1071 599 1092 a
616 1071 662 1093 m.
682 1072 765 1103 sec„
802 1072 821 1093 e
844 1059 974 1105 glossa.
1070 1058 1143 1094 350
1167 1065 1278 1103 atque
1302 1055 1468 1089 homines
1494 1052 1551 1088 ed.
1577 1054 1668 1088 Ven-

139 1108 279 1141 tollunt
294 1107 386 1140 alter
405 1107 544 1150 Menag.
592 1107 761 1153 Namque
779 1108 869 1141 Ven.
967 1106 1035 1142 351
1059 1118 1154 1140 saxa
1169 1102 1330 1138 nonnulli
1348 1100 1443 1148 apud
1459 1100 1594 1135 Colum.
1610 1102 1671 1143 111,

141 1155 196 1197 15,
220 1154 254 1196 4,
281 1153 341 1188 ubi
368 1154 406 1187 hi
433 1165 554 1187 versus
580 1160 799 1199 repetuntur.
848 1155 1016 1202 ingentis
1044 1153 1161 1186 firmat
1188 1150 1292 1184 etiam
1312 1151 1435 1192 Rom.,
1470 1155 1508 1182 at
1527 1148 1674 1196 ingenti

135 1202 302 1248 pondere
321 1201 450 1235 Medic.
470 1212 491 1234 a
512 1213 557 1234 m.
581 1213 635 1245 pr.
656 1201 803 1235 Mentel.
823 1213 878 1246 pr.
901 1214 920 1234 a
940 1213 985 1234 m.
1008 1212 1098 1243 sec.,
1133 1205 1170 1233 et
1185 1197 1324 1232 Nonius
1345 1195 1535 1230 Marcellus
1551 1196 1588 1228 in
1605 1207 1672 1228 ur-

139 1261 266 1295 guere.
321 1249 468 1295 ingenti
486 1248 655 1294 pondere
673 1257 771 1282 testa
795 1248 890 1292 apud
906 1248 1039 1282 Colum.
1060 1247 1084 1281 1.
1101 1246 1126 1280 l.
1152 1245 1266 1279 codex
1282 1242 1589 1288 Sangermanensis
1611 1254 1673 1275 seu

141 1295 349 1330 Goesianus.
398 1296 484 1329 Mox
502 1297 724 1343 Urguentur
740 1295 863 1330 laudat
886 1307 928 1329 ex
948 1295 1075 1330 eodem
1092 1292 1279 1334 Heinsius3
1305 1297 1343 1326 at
1361 1289 1538 1326 Goesiana
1558 1289 1673 1324 colla-

141 1343 192 1376 tio
205 1369 214 1386 ‚
239 1351 451 1391 reurgetur.

142 1464 217 1504 par
241 1456 322 1500 est,
363 1449 518 1490 dictum
548 1457 670 1502 esset;
710 1463 785 1489 nec
805 1464 880 1504 ap-

142 1515 277 1562 paret,
310 1509 515 1560 quomodo
546 1510 709 1549 Caelum
733 1510 880 1548 Terras

143 1573 192 1606 ut
219 1580 393 1620 puerum
418 1581 558 1607 recens
590 1575 733 1607 natum
769 1567 882 1605 exci—

144 1626 243 1679 piat.
277 1623 350 1679 (ita
370 1625 546 1666 Vossius,
580 1625 699 1681 Wr.)
742 1626 883 1664 indul—

142 1686 284 1736 gentia
312 1684 493 1735 pulcrius
527 1699 647 1736 quam
677 1691 883 1737 tempera-

145 1742 214 1792 tio,
228 1742 450 1781 clementia.
482 1743 648 1782 Gratius
667 1743 752 1785 295
764 1744 882 1780 Dum

148 1800 287 1851 tepida
319 1800 505 1852 indulget
533 1803 645 1839 ten-is
671 1802 884 1839 clementia

148 1858 303 1895 mundi.

207 1914 304 1957 346.
334 1915 453 1955 Nunc
481 1916 530 1955 de
568 1929 666 1955 cura
697 1914 886 1953 surculo-

149 1987 242 2013 rum
262 1974 499 2026 positorum.
532 1975 588 2014 Cf.
618 1972 887 2026 Theophrast.

151 2033 287 2071 Causs.
308 2032 439 2072 Plant.
469 2033 536 2082 Ill,
559 2033 585 2076 5
606 2038 647 2070 et
667 2035 706 2074 7.
731 2032 886 2070 Colum.

150 2089 216 2140 III,
243 2090 309 2133 15.
369 2091 549 2143 Geopon.
570 2091 618 2140 V,
643 2093 682 2139 9,
702 2092 773 2131 21.
802 2091 888 2128 wir—

151 2149 295 2201 gulia,
339 2155 543 2188 sarmenta
570 2147 776 2200 intelligo,
818 2160 890 2186 seu

154 2206 338 2246 surculos
374 2207 520 2246 vitium
561 2207 737 2246 cuiusvis
767 2218 890 2258 gene-

153 2266 231 2315 ris,
262 2264 346 2304 sive
369 2266 596 2316 malleolos,
627 2266 711 2305 sive
733 2265 891 2303 vivira-

156 2323 286 2371 dices,
317 2323 401 2362 sive
430 2326 682 2376 propagines·
743 2322 890 2361 Marti-

155 2395 232 2420 nus
273 2386 435 2420 tantum
477 2382 529 2420 ad
559 2380 796 2435 propagines
821 2394 891 2420 re-

156 2439 253 2478 ferri
274 2452 389 2491 posse
406 2440 590 2493 putabat,
623 2440 718 2491 quia
730 2453 891 2490 premes

158 2503 408 2549 apponatur,
450 2498 560 2549 quod
589 2497 753 2550 proprie
775 2497 824 2535 de
844 2497 891 2535 iis

159 2555 239 2593 dici
268 2556 406 2607 possit.
465 2556 683 2595 Enimvero
710 2568 892 2606 premere

158 2618 279 2666 poeta
298 2613 348 2651 de
369 2614 476 2652 omni
498 2613 751 2666 plantatione
782 2618 893 2651 recte

161 2671 294 2709 dicere
324 2677 479 2724 potest,
521 2686 613 2711 cum
642 2671 827 2709 surculus
850 2670 893 2708 in

161 2729 301 2768 scrobe
325 2729 514 2782 ponitur,
547 2730 755 2781 defigitur,
787 2728 894 2766 inso-

162 2787 288 2826 ditur.
348 2788 452 2826 Tum
487 2787 707 2826 Columella
736 2786 804 2835 III,
828 2785 894 2835 15,

162 2845 202 2894 4,
230 2845 303 2884 ubi
328 2844 450 2884 hosce
481 2858 622 2885 versus
643 2844 813 2893 recitat,
845 2843 895 2881 de

163 2903 455 2942 transferendis
497 2903 547 2941 de
584 2902 797 2941 seminario
830 2901 895 2940 vi-

163 2961 268 3000 tium
293 2962 464 3013 plantis,
496 2976 579 3000 non
606 2961 655 3000 de
676 2959 895 3014 propagine

165 3025 237 3058 aut
274 3019 445 3060 traduce
473 3019 676 3073 loquitur:
715 3018 784 3070 qui
819 3017 896 3056 nisi

936 1447 1210 1489 intercederet
1228 1460 1301 1486 sua
1323 1443 1674 1499 interpretatione,

938 1508 1099 1547 mallem
1130 1520 1216 1558 non
1256 1504 1379 1543 modo
1421 1503 1471 1542 de
1508 1502 1674 1555 vitibus,

940 1566 1011 1605 sed
1033 1565 1154 1604 etiam
1173 1564 1223 1603 de
1247 1562 1460 1602 arboribus
1484 1562 1675 1613 accipere.

940 1626 1068 1664 Porro
1084 1638 1160 1675 per
1175 1636 1298 1675 agros
1319 1627 1381 1659 est
1395 1620 1446 1658 de
1460 1619 1587 1658 vineis
1607 1632 1677 1657 ac-

942 1682 1196 1736 cipiendum3
1227 1679 1339 1732 quod
1365 1678 1560 1717 sermonis
1579 1690 1674 1730 poe—
1707 1694 1710 1697 *

939 1741 1009 1780 tici
1035 1740 1140 1779 ratio
1164 1738 1384 1787 suadebat,
1425 1742 1474 1789 ut
1492 1735 1678 1788 vulgares

941 1798 1085 1839 modos
1110 1797 1282 1847 vitaret3
1322 1801 1412 1835 tum
1438 1809 1580 1844 serere,
1611 1809 1679 1832 se-

943 1859 1080 1906 mina,
1125 1864 1321 1907 segetem,
1373 1853 1453 1892 iam
1483 1865 1601 1905 saepe
1629 1852 1679 1891 de

942 1915 1071 1955 vineis
1095 1918 1133 1952 et
1153 1912 1329 1952 arbustis
1346 1911 1535 1951 vidimus.

1004 1972 1102 2015 348.
1132 1971 1223 2011 Vid.
1249 1971 1403 2009 Colum.
1429 1969 1455 2008 1.
1485 1969 1511 2008 l.
1540 1974 1582 2007 et
1599 1968 1681 2008 iam

944 2031 1156 2070 laudatos:
1205 2027 1409 2081 Theophr.
1456 2026 1506 2066 de
1544 2028 1679 2069 Causs.

945 2090 1077 2128 Plant.
1104 2088 1169 2139 ΙΙΙ,
1188 2088 1213 2131 5
1234 2093 1275 2126 et
1296 2090 1336 2137 7,
1355 2098 1475 2138 quem
1496 2085 1580 2124 sine
1601 2085 1680 2124 du-

946 2148 1014 2187 bio
1036 2153 1157 2200 poeta
1177 2152 1272 2184 ante
1296 2145 1432 2184 oculos
1449 2143 1609 2194 habuit,
1640 2149 1682 2182 et

948 2205 1166 2258 Geoponic.
1190 2204 1239 2254 V,
1259 2207 1297 2246 9.
1355 2201 1470 2241 Dixit
1500 2202 1683 2254 lapidem

947 2264 1128 2302 bibulum
1141 2293 1151 2313 ,
1185 2262 1398 2315 pumicem,
1426 2266 1498 2299 aut
1517 2260 1682 2299 sabulo*-

948 2336 1051 2372 sum,
1072 2328 1114 2360 et
1135 2321 1362 2373 squalentes
1379 2318 1568 2369 conchas,
1587 2332 1682 2358 mu·-

949 2395 1042 2419 cosa
1081 2379 1214 2430 aliqua
1249 2378 1373 2418 saliva
1400 2376 1602 2416 inductas.
1634 2376 1682 2415 cf.

949 2439 1002 2477 ad
1030 2439 1099 2477 Ge.
1129 2437 1197 2487 IV,
1229 2439 1297 2479 91.
1358 2437 1455 2478 349.
1486 2435 1583 2477 350.
1623 2442 1684 2482 ter

949 2498 1039 2534 nnis
1057 2496 1212 2534 halitus
1235 2494 1368 2543 venti,
1409 2493 1516 2531 inter
1544 2492 1683 2544 pumiss

950 2568 1043 2593 cum
1055 2568 1101 2593 ac
1110 2559 1308 2592 testarum
1325 2552 1560 2602 fragmenta,
1577 2557 1684 2588 tam-

951 2626 1073 2664 quam
1101 2624 1174 2664 per
1199 2609 1435 2662 spiramina,
1466 2606 1682 2661 penetrare

950 2675 1107 2723 potest,
1149 2674 1268 2719 atque
1305 2667 1404 2706 adeo
1433 2667 1589 2705 radices
1617 2667 1683 2705 so-

952 2740 1048 2766 vere
1079 2733 1120 2765 et
1151 2739 1346 2765 recreare.
1386 2724 1589 2778 Theophr.
1610 2723 1682 2763 1.l.

954 2781 1064 2833 ὅπως
1083 2782 1237 2837 συρροἠ
1253 2786 1413 2844 γίνηξαι
1431 2787 1507 2825 τοῦ
1518 2779 1682 2833 ὕδατος,

953 2842 1023 2883 καὶ
1045 2845 1119 2883 τοῦ
1139 2840 1294 2896 θέρους
1319 2844 1433 2884 οὑτοι
1465 2842 1530 2889 (οἷ
1549 2841 1682 2890 λ’ίθοι)

953 2896 1223 2952 καταψύχωσι
1250 2897 1322 2949 τοὶς
1356 2900 1481 2954 ῥίζας.
1525 2901 1683 2938 animos

953 2959 1090 2996 tollent
1129 2966 1222 2996 sata
1236 2988 1246 3007 ,
1306 2958 1508 3010 vigorem,
1562 2956 1682 3006 vires,

954 3030 1074 3068 quam
1091 3016 1314 3070 praeclare!
1342 3029 1441 3069 pr0,
1471 3016 1575 3056 vites
1596 3014 1682 3053 lae-
