1734 3320
176 225 279 276 656
500 226 554 275 Ρ.
602 226 964 278 VIRGILII
1010 228 1384 280 MARONIS

178 354 291 402 Stat
309 352 612 419 lacrimans,
653 363 706 404 et
726 364 781 404 te
802 353 1082 405 crudelem
1100 355 1328 406 nomine
1352 355 1491 409 dicit.

174 423 312 473 Huic
329 440 580 491 percussa
597 441 735 475 nova
760 433 1004 474 ment-em
1027 423 1324 477 formidine
1346 435 1535 492 mater,

174 497 315 559 Due,
354 510 472 561 age,
511 495 616 546 duc
641 495 707 545 ad
733 511 857 556 nos;
895 493 974 544 fas
993 494 1065 545 illi
1091 496 1274 547 limina
1299 497 1484 548 divom

177 567 449 630 Tangere,
488 566 578 623 ait;
615 565 772 615 simul
791 564 890 614 alta
913 565 1064 615 iubet
1089 566 1368 618 discedere
1386 567 1491 619 late

173 634 443 698 Flumina,
474 654 577 703 qua
597 636 802 686 iuvenis
820 651 1030 699 gressus
1053 635 1293 690 inferret.
1340 640 1409 688 At
1428 637 1581 689 illum
1601 645 1704 693 360

177 707 404 757 Curvata
425 707 479 756 in
501 707 702 756 montis
721 703 917 757 faciem
937 706 1286 758 circumstetit
1308 708 1480 772 unda,
1536 751 1539 753 .

174 775 513 845 Adcepitque
535 777 656 827 sinu
677 785 849 842 vaste,
886 777 1141 846 misitque
1162 778 1261 828 sub
1284 795 1517 830 amnem.

175 907 330 941 Theocr.
350 908 474 951 XXV,
499 908 542 943 15
568 907 721 952 Πηνεοῦ
755 904 904 953 οἷμ-μέγα
932 909 1057 953 τῖφος.
1105 910 1146 942 In
1171 915 1280 955 poeta
1312 916 1437 945 nostro
1468 911 1627 957 proclive
1650 919 1706 946 est

175 954 364 1000 suspicari,
390 956 507 988 Penei
526 967 568 988 ex
590 955 802 1000 glossemate
824 956 1025 1001 profectum
1044 968 1121 990 esse
1138 955 1174 990 in
1194 956 1312 991 locum
1333 958 1506 1003 epitheti,
1530 971 1600 1006 quo
1627 972 1704 994 voc.

174 1003 358 1049 genitoris
378 1008 541 1035 ornatum
559 1009 647 1036 erat.
697 1003 810 1044 Quale
841 1011 955 1037 tamen
974 1002 1063 1036 illud
1080 1004 1206 1047 fuerit,
1241 1017 1344 1039 nemo
1362 1005 1468 1040 facile
1485 1014 1704 1054 assequetur.

175 1048 322 1082 Bentlei.
342 1049 386 1082 ad
401 1050 532 1083 Lucan.
558 1051 618 1092 111,
645 1051 711 1086 191
733 1063 792 1084 ma
820 1051 861 1084 ni
882 1063 920 1097 g.
950 1051 1183 1092 emendabat3
1218 1052 1363 1087 Wakef.
1382 1054 1500 1088 Penei
1511 1056 1639 1102 patris
1655 1054 1706 1088 ad

174 1109 208 1130 ν.
231 1108 300 1130 vox
317 1102 435 1130 tamen
455 1103 528 1130 tam
548 1097 656 1142 plana
676 1097 772 1131 haud
806 1097 895 1131 acile
918 1098 1118 1140 excidisset,
1140 1105 1176 1132 et
1194 1099 1273 1145 pari
1291 1100 1369 1134 iure
1387 1100 1511 1135 vicena
1530 1102 1600 1136 alia
1616 1102 1705 1136 sub-

175 1143 275 1177 stitui
294 1152 449 1189 possent.
486 1145 592 1190 (‚,De
611 1147 728 1179 Penei
750 1145 926 1191 disyllabo
947 1146 1041 1192 apud
1063 1147 1163 1191 Virg.
1184 1149 1247 1181 Ge.
1267 1148 1330 1189 IV,
1353 1147 1435 1184 355.
1463 1160 1537 1184 non
1560 1149 1705 1183 dubita-

174 1191 237 1225 bat
257 1191 464 1232 Santenius3
490 1192 694 1226 dubitarunt
714 1192 795 1235 alii,
828 1193 907 1236 ipse
930 1193 1022 1228 adeo
1041 1194 1211 1239 HeyniuS.
1259 1194 1454 1231 Dubitandi
1481 1207 1603 1231 caussa
1623 1196 1704 1239 fuit,

175 1239 271 1284 quod
296 1246 349 1272 est
376 1240 493 1273 Penei
519 1251 586 1284 pro
615 1241 746 1273 Peneii
767 1252 787 1273 a
809 1238 994 1285 Πηνειὸς,
1032 1241 1224 1286 Πηνειοῦ,
1259 1243 1323 1276 sed
1349 1244 1399 1277 eii
1413 1242 1450 1276 in
1469 1255 1572 1278 unam
1591 1244 1706 1290 sylla-

174 1286 255 1320 bam
273 1286 445 1320 contraxit
468 1286 569 1332 Virg.
599 1287 703 1320 etiam
722 1287 795 1321 Ecl.
821 1289 881 1330 ΙΙΙ,
906 1289 964 1323 96.
988 1288 1026 1321 in
1054 1290 1150 1322 reice
1179 1290 1354 1337 capellas.
1412 1291 1495 1325 Non
1520 1291 1612 1325 enim
1641 1291 1705 1335 ibi,

175 1334 271 1379 quod
297 1333 421 1367 volunt
440 1334 580 1368 Servius
599 1335 645 1368 ad
666 1347 744 1368 eum
760 1335 830 1369 loc.
854 1341 891 1369 et
914 1335 1082 1370 Priscian.
1104 1348 1139 1381 p.
1168 1336 1249 1379 545,
1275 1336 1345 1380 34„
1367 1344 1420 1372 est
1437 1339 1706 1383 proceleusma-

173 1381 263 1415 ticus
292 1392 358 1426 pro
390 1381 556 1427 dactylo,
594 1382 659 1415 sed
692 1382 782 1415 duae
810 1382 951 1427 priores
983 1383 1142 1429 syllabae
1175 1384 1272 1418 vocis
1295 1386 1405 1419 reiice
1431 1397 1498 1431 per
1526 1386 1706 1432 synizesin

175 1428 389 1463 coalescunt.
437 1429 494 1463 Sic
515 1436 567 1462 est
588 1431 697 1463 eiciat
722 1430 944 1475 trisyllabum
963 1431 1057 1477 apud
1079 1432 1226 1466 Terent.
1245 1432 1352 1466 Andr.
1372 1434 1432 1476 ΙΙΙ,
1454 1434 1490 1475 3,
1516 1434 1549 1469 8.
1597 1437 1706 1478 Lyn-

174 1478 248 1510 ceis
274 1487 414 1522 quoque
442 1483 659 1510 contractum
686 1489 704 1510 e
725 1478 938 1522 Lync-Eis—
952 1479 1377 1524 Lyncelis—ferendum
1405 1480 1573 1515 Santenio
1599 1481 1705 1516 vide-

174 1523 277 1557 batur
295 1523 331 1556 in
353 1525 478 1558 Horat.
498 1527 608 1558 Serm.
627 1525 655 1568 I,
679 1526 714 1567 2,
738 1526 795 1560 91.
839 1528 928 1558 Sunt
946 1525 1088 1571 quidem
1109 1527 1202 1573 apud
1219 1527 1312 1561 hunc
1332 1527 1437 1561 etiam
1457 1539 1477 1562 a
1498 1530 1705 1576 Pompeius,

178 1573 217 1606 V
213 1571 350 1605 olceius
381 1571 535 1605 vocativi
562 1572 710 1605 duarum
738 1572 953 1618 syllabarum
984 1575 1137 1620 Pompei
1157 1574 1222 1608 Od.
1249 1576 1293 1618 II,
1318 1576 1354 1618 6,
1378 1575 1412 1611 5.
1442 1577 1480 1610 V
1478 1576 1567 1610 oltei
1590 1578 1655 1623 Ep.
1675 1578 1704 1620 I,

173 1620 209 1662 7,
231 1620 312 1654 29.“
360 1620 458 1653 Haec
478 1619 678 1665 Lennepius
699 1620 745 1653 ad
766 1621 909 1654 Terent.
930 1621 1042 1654 Maur.
1060 1633 1096 1665 p.
1116 1621 1219 1663 4223
1257 1628 1375 1658 cetera
1393 1623 1504 1665 bene3
1529 1624 1594 1658 sed
1611 1624 1716 1658 reice>

175 1674 210 1700 et
244 1667 352 1700 eiciat
377 1666 466 1700 nihil
499 1667 618 1702 valent
645 1667 691 1700 ad
719 1667 810 1701 hanc
841 1680 978 1701 causam
1007 1669 1276 1704 defendendam.
1339 1669 1483 1704 Rectius
1511 1677 1630 1705 tamen
1652 1671 1705 1705 ita

175 1713 280 1747 statui
304 1712 392 1747 mihi
419 1714 581 1757 videtur,
606 1716 781 1757 Graecos,
806 1722 844 1748 ut
870 1711 1022 1760 Ἀλφεός
1050 1728 1116 1761 pro
1140 1713 1326 1762 Ἀλφειός,
1351 1717 1401 1752 ita
1428 1717 1535 1752 etiam
1553 1715 1706 1764 Πηνεός

173 1772 241 1807 pro
261 1758 429 1805 Πηνειός
450 1761 582 1795 dixisse
596 1788 605 1801 ‚
641 1768 677 1795 et
696 1763 742 1795 ad
766 1762 857 1796 hanc
884 1775 922 1796 se
939 1763 1117 1797 licentiam
1133 1763 1323 1809 Virgilium
1341 1765 1378 1799 h.
1396 1765 1421 1800 1.
1444 1766 1704 1811 composuisse3

175 1820 382 1853 quamquam
407 1815 541 1843 certum
572 1810 768 1855 exemplum
796 1810 932 1843 formae
962 1807 1113 1856 Πηνεός
1146 1818 1287 1846 exstare
1312 1823 1386 1846 non
1412 1813 1565 1848 memini.
1607 1813 1703 1858 Wr.)

173 1855 245 1891 357
271 1858 342 1889 Hic
369 1868 423 1902 pr.
451 1857 619 1889 Rottend.
645 1857 754 1890 Goth.
784 1869 854 1890 sec.
910 1859 1009 1891 Hinc
1036 1860 1128 1892 Ven.
1156 1871 1242 1893 unus
1272 1860 1440 1894 Arundel.
1467 1872 1555 1894 unus
1583 1861 1703 1896 Mead.

173 1903 247 1938 Erf.
277 1909 364 1936 vett.
395 1903 476 1937 edd.
503 1903 645 1948 (Medic.
673 1904 765 1946 huc,
803 1906 819 1938 i
842 1916 948 1948 supra
973 1905 1117 1951 scripta.
1156 1906 1254 1951 Wr.)
1298 1907 1476 1954 perculsa
1501 1907 1595 1953 vulg.
1620 1915 1704 1943 ante

173 1949 297 1984 Heius.
346 1950 533 1985 Monuerat
563 1950 631 1984 iam
650 1950 743 1984 Pier.
837 1952 907 1987 358
932 1956 1014 1986 Duc
1039 1965 1112 1999 age
1136 1954 1220 1988 due.
1268 1954 1466 1989 Secundum
1491 1955 1704 1990 Rhemnium

173 1997 420 2031 Palaemonem
441 1998 636 2043 scripserat
656 1997 829 2043 Virgilius
852 2002 975 2041 Duce;
997 2012 1029 2033 v.
1047 2000 1191 2035 Wakef.
1214 2002 1259 2035 ad
1279 2002 1418 2036 Lucret.
1430 2003 1474 2044 ΙΙ,
1495 2002 1577 2040 484.
1602 2004 1704 2049 (per-

173 2044 266 2079 tinet
282 2044 448 2078 Rhemnii
465 2053 692 2091 praeceptum
711 2052 847 2079 tantum
867 2046 914 2079 ad
931 2047 1027 2088 dice3
1051 2046 1121 2081 vid.
1140 2049 1184 2082 V.
1206 2049 1247 2082 L.
1269 2049 1316 2083 ad
1332 2051 1419 2083 Aen.
1442 2050 1470 2093 Ι,
1490 2050 1572 2086 753.
1601 2053 1659 2087 W
1654 2051 1701 2097 r.)

173 2092 244 2129 359
275 2092 484 2126 discernere
510 2092 601 2126 alter
623 2094 764 2138 Menag.
822 2093 1044 2128 descendere
1062 2106 1150 2129 unus
1173 2096 1290 2130 Mead.
1385 2097 1458 2133 360
1485 2098 1573 2144 quia
1595 2099 1704 2133 iuve-

173 2141 234 2173 nis
259 2140 350 2174 Gud.
377 2152 398 2173 a
426 2152 472 2173 m.
502 2152 557 2185 pr.
606 2153 680 2186 qua
708 2141 837 2174 iuveni
860 2141 982 2175 Heius.
1012 2141 1103 2176 coni.
1153 2143 1203 2177 ad
1235 2144 1342 2179 illam
1367 2144 1459 2179 Gud.
1568 2146 1637 2182 361
1652 2147 1703 2185 ,in

174 2189 309 2221 montis
328 2187 483 2234 speciem
512 2187 652 2230 Medic„
677 2187 831 2222 sollenni
855 2189 1126 2234 permutatione.
1171 2191 1221 2236 (et
1244 2192 1384 2238 species
1409 2204 1428 2225 a
1457 2190 1702 2228 Grammaticis

173 2247 239 2280 per
250 2234 374 2282 facies
394 2234 562 2280 explicari
582 2236 693 2278 solet,
718 2242 758 2269 ut
775 2234 867 2269 infra
887 2249 938 2270 vs.
959 2237 1062 2278 406.;
1079 2235 1219 2283 faciem
1241 2238 1348 2273 etiam
1368 2240 1521 2285 Interpr.
1549 2240 1634 2274 Maii
1655 2241 1703 2275 ad

172 2284 260 2317 Aen.
282 2283 333 2324 11,
357 2282 440 2317 633.
476 2282 582 2327 Wr.)
630 2284 668 2317 in
691 2281 830 2329 faciem
851 2285 987 2318 montis
1011 2284 1137 2329 fragm.
1158 2286 1288 2320 Moret.
1319 2286 1484 2321 Parthas.
1530 2288 1571 2322 in
1596 2288 1705 2324 molls⁵

173 2330 327 2377 speeiem
344 2329 457 2363 codex
476 2330 633 2365 Macrob.
655 2333 727 2364 Sat.
746 2331 791 2374 V,
816 2331 851 2366 3.
891 2329 997 2378 facie
1012 2332 1087 2366 Erf.

172 2449 268 2475 rum
315 2436 443 2475 antris
483 2436 568 2477 vid.
607 2450 708 2489 quos
741 2438 907 2478 Gesner.

174 2494 370 2534 Thesaur.
390 2495 464 2533 sub
483 2508 573 2535 voc.
588 2498 736 2534 vitreas
750 2496 906 2536 laudat.

178 2555 251 2593 W
244 2551 298 2607 r.)
359 2552 458 2592 Mox
495 2568 667 2592 sorores:
711 2569 794 2594 non
813 2555 908 2594 licet

172 2610 292 2650 nimis
304 2623 490 2650 severum
508 2625 610 2662 esse3
635 2619 757 2664 poeta
778 2613 908 2652 dixis-

173 2682 215 2707 se
259 2669 426 2709 videtur
450 2700 461 2719 ,
518 2676 716 2722 quatenus
771 2686 908 2711 omnes

171 2727 383 2781 Nymphae
399 2727 587 2767 Nereides
600 2729 667 2768 vel
686 2729 908 2769 Oceanides

172 2786 292 2826 fuisse
307 2786 476 2838 intelligi
490 2793 671 2839 possunt.
707 2788 804 2831 355.
824 2790 907 2826 Pe-

172 2847 239 2883 nei
258 2847 451 2897 genitoris
471 2845 657 2897 Cyrenes.
717 2846 798 2884 Sed
809 2859 906 2898 per-

172 2909 343 2956 petuum
390 2917 628 2956 magnorum
673 2903 907 2955 fluviorum,

164 2971 310 3014 pater,
348 2964 508 3014 genitor
513 2977 531 3011 ,-
571 2967 612 3001 et
640 2961 814 3015 Cyrenes
831 2977 908 3015 pa-

173 3033 267 3060 rens
297 3020 394 3060 alias
410 3020 597 3074 Hypseus
612 3050 625 3071 ‚
658 3018 781 3060 etiain
798 3021 909 3075 apud

964 2438 1199 2478 Pindarum.
1230 2439 1406 2480 Peneum
1423 2447 1558 2480 tamen
1574 2454 1701 2494 agno-
1726 2466 1729 2467 ν

966 2497 1042 2536 scit
1072 2497 1220 2551 Hygin.
1252 2499 1278 2538 s.
1308 2499 1439 2539 CLXI.
1482 2498 1585 2554 (ipse
1610 2498 1696 2550 tibi,

965 2555 1050 2595 vid.
1064 2556 1157 2596 Not.
1171 2556 1223 2595 ad
1236 2557 1317 2596 Ecl.
1332 2557 1434 2607 VIII,
1455 2560 1523 2600 30.
1536 2564 1577 2597 et
1586 2557 1636 2607 Q.
1651 2557 1698 2597 V.

965 2614 1115 2665 XVIII,
1135 2617 1174 2665 3,
1196 2628 1230 2654 a.
1264 2617 1336 2656 W
1329 2614 1377 2669 r.)
1439 2615 1535 2659 356.
1566 2614 1722 2655 nomi-'

965 2687 1015 2711 ne
1038 2672 1137 2712 dicit
1150 2703 1162 2723 ,
1203 2673 1408 2724 nominat,
1446 2673 1605 2727 poetica
1622 2687 1699 2727 pe-

964 2730 1151 2783 riphrasi.
1182 2731 1289 2770 conf.
1327 2730 1426 2771 Aen.
1467 2732 1564 2783 XII,
1601 2732 1698 2776 652.

965 2789 1062 2830 357.
1092 2789 1454 2840 novafonnidine,
1486 2791 1698 2844 repentino

963 2852 1135 2886 terrore.
1175 2844 1313 2900 (nova
1349 2847 1513 2902 proprie
1546 2849 1699 2888 dictiun

964 2911 1085 2958 putat
1102 2904 1316 2945 Wunderl.
1339 2907 1428 2947 coll.
1458 2921 1517 2947 VS.
1540 2910 1637 2950 333.
1658 2913 1700 2946 et

965 2963 1063 3006 353.
1108 2965 1180 3004 W
1173 2962 1231 3018 r.)
1312 2965 1409 3008 359.
1460 2965 1610 3005 Versus
1647 2978 1700 3006 ex

964 3021 1078 3061 Iliad.
1096 3037 1143 3073 ω,
1156 3024 1212 3065 96
1243 3017 1351 3076 ἀμφὶ
1371 3020 1413 3065 δ’
1428 3020 1510 3079 ἄρα
1521 3035 1597 3077 σφι
1612 3018 1697 3066 λιά-
