1768 3320
319 235 938 289 BucofflcAfECL.
974 241 1065 303 111,
1101 246 1358 294 91—105
1502 254 1598 301 119

86 361 242 412 Idem
260 378 416 412 amor
433 362 658 413 exitium·
669 365 852 429 pecori
865 405 879 428 ‚
916 366 1235 433 pecorisque
1252 370 1515 434 magistro,

86 448 142 484 Μ.
151 431 244 482 His
257 441 400 483 certe
411 449 591 500 neque
601 449 754 482 amor
763 450 940 484 caussa
953 443 1045 486 est:
1055 436 1136 484 vix
1148 437 1354 487 ossibus
1364 438 1596 495 haerent.

82 501 276 553 Nescio
297 503 415 570 quis
434 511 653 552 teneros
673 502 859 560 oculus
879 504 1014 554 mihi
1030 503 1250 556 fascinat
1268 523 1444 572 agnos,

82 587 132 623 n.
165 571 279 635 Dic,
307 573 502 639 quibus
525 573 581 622 in
603 573 773 636 terriS‚
806 583 859 624 et
881 576 983 624 eris
1000 574 1135 624 mihi
1154 592 1378 642 magnus
1388 579 1597 646 Apoll0‚

84 641 203 693 Tris
222 650 400 710 pateat
419 642 556 695 coeli
572 643 802 711 spatium
821 661 934 695 non
957 644 1183 712 amplius
1207 646 1371 700 ulnas.
1500 654 1597 701 105

157 739 270 786 103.
304 750 442 799 QmS,

81 851 307 893 nemi-imm
330 851 437 897 vulgo
458 865 570 894 arvo,
595 853 691 898 quod
712 853 885 887 Manutius
905 854 1078 888 invexisse
1098 856 1253 896 videtur3
1279 869 1359 891 nam
1376 858 1479 891 Aldd.
1502 867 1596 892 recte

80 911 179 934 ervo.
224 899 382 933 'rnen-tur
399 911 491 933 arvo
499 900 770 945 RomLougob.
781 908 817 934 et
834 901 904 934 aJii.
978 904 1043 938 101
1069 904 1160 937 Ante
1168 904 1350 938 Buram
1366 912 1446 938 ante
1451 908 1579 951 pecori
1586 919 1595 945 3

79 945 118 980 in
127 945 232 981 codd.
240 945 349 980 Pierii
364 953 401 980 et
416 946 562 980 aliorum
571 946 678 981 modo
696 955 779 992 post
787 950 920 994 pecori,
930 949 1036 982 modo
1048 957 1131 993 post
1139 952 1336 997 magian-03
1354 951 1471 996 itaque
1482 953 1595 985 Bnrm.

79 992 231 1034 suamlit3
267 1005 288 1027 a
306 993 413 1027 Goth.
447 1001 596 1038 utroque
615 994 724 1027 abest.
774 995 857 1040 (vid.
876 997 919 1036 Q.
940 996 985 1029 V.
1004 997 1088 1038 XV,
1105 997 1138 1032 6.
1164 997 1258 1041 Wr.)
1354 1001 1424 1035 102
1446 998 1596 1043 Elegans

78 1038 216 1073 Heinsii
234 1046 271 1073 et
290 1039 358 1074 iam
379 1039 548 1085 Stephani
565 1041 765 1076 coniectura
782 1049 855 1075 est:
890 1043 943 1075 Hi
958 1051 1058 1076 certe
1086 1043 1219 1090 (neque
1240 1057 1344 1078 amor
1369 1058 1503 1079 caussa
1525 1046 1594 1090 est)

77 1087 141 1121 rix
160 1084 304 1121 ossibus
320 1087 498 1127 haerena
524 1099 666 1132 eamque
681 1100 851 1134 recepere
866 1088 1038 1134 Cuningh.
1056 1097 1095 1135 et
1107 1091 1256 1124 Brunck.
1282 1091 1444 1125 Gulielm.
1469 1093 1593 1125 eodem

76 1133 184 1168 modo
210 1132 463 1179 dispungebat‚
498 1141 536 1167 ut
561 1141 678 1168 tamen
703 1136 763 1170 lais
789 1134 932 1170 ossibus
960 1135 1138 1171 retineret.
1186 1138 1390 1182 (Verissime
1416 1138 1598 1173 contendit

76 1179 237 1224 Vossius,
260 1193 378 1228 neque
394 1180 463 1214 h.l.
474 1180 604 1214 dictum
619 1193 697 1215 esse
714 1194 780 1227 pro
799 1183 1047 1229 rte—quidem,
1058 1190 1096 1217 ut
1112 1196 1153 1217 ea
1170 1184 1294 1219 existat
1308 1186 1495 1219 sententia:
1516 1193 1595 1220 tuus

77 1225 216 1273 quidem
237 1234 354 1262 tam-us
371 1227 464 1262 malo
483 1227 645 1269 laborat,
670 1229 725 1262 cui
753 1237 868 1263 tamen
897 1229 1034 1262 occurri
1055 1238 1191 1274 potest;
1226 1231 1290 1264 sed
1307 1232 1394 1265 meis
1425 1232 1523 1277 agnis
1550 1244 1596 1266 ne

75 1273 269 1308 remedium
298 1274 441 1320 quidem
468 1274 638 1308 malorum
657 1283 767 1310 exstat
791 1276 910 1310 ullum.
956 1279 1070 1321 Atque
1089 1277 1136 1311 ita
1164 1291 1232 1311 nec
1260 1278 1303 1311 ab
1332 1278 1472 1323 optimis
1502 1279 1595 1313 scri-

75 1321 239 1366 pton'bm
253 1321 426 1366 usurpari,
451 1322 621 1366 exemplis
641 1322 760 1356 docuit
784 1323 973 1356 Forcellin.
1002 1323 1038 1356 in
1068 1324 1154 1357 Lex.
1187 1332 1222 1358 et
1246 1325 1490 1359 Wunderlich.
1515 1327 1593 1360 Ob-

74 1375 218 1402 servatt.
240 1367 278 1401 in
301 1368 433 1402 Tibull.
451 1370 479 1410 1,
499 1370 535 1410 2,
558 1370 616 1405 95.
640 1370 711 1403 Cic.
730 1371 835 1404 Tusc.
854 1372 881 1410 Ι,
899 1372 977 1406 26.;
1012 1382 1113 1415 „quo
1139 1382 1222 1404 nec
1246 1371 1284 1404 in
1311 1372 1380 1406 deo
1406 1372 1593 1418 quidquam

75 1414 186 1449 maius
205 1414 359 1460 intelligi
375 1418 530 1459 potest.“
577 1416 666 1450 Plin.
685 1418 730 1450 H.
746 1418 793 1450 N.
811 1418 927 1458 XVII,
950 1415 1005 1452 4.:
1030 1417 1134 1459 „Sed
1157 1430 1274 1471 neque
1294 1418 1378 1460 illa,
1406 1431 1495 1464 quae
1513 1419 1593 1452 lau-

74 1462 188 1506 datur,
210 1461 283 1504 diu,
292 1469 535 1508 praeterquam
552 1463 660 1506 salici,
670 1463 764 1497 utilis
782 1463 964 1497 sentitur.“
1012 1463 1188 1508 Spohnius
1204 1471 1251 1498 ita
1270 1465 1436 1510 explicat:
1461 1466 1592 1510 „Agnis

73 1508 161 1543 meis
191 1520 333 1554 neque
363 1509 600 1553 pabulum,
633 1529 682 1536 —
713 1511 807 1556 quod
831 1510 1062 1555 supplendum
1091 1530 1137 1536 —-
1170 1523 1315 1556 neque
1339 1523 1466 1546 amor
1491 1524 1592 1547 causa

74 1558 169 1590 est.“
210 1556 307 1599 Wr.)
367 1556 497 1589 Mon-eti
524 1564 664 1601 quartus
701 1557 828 1592 omittit
849 1566 915 1591 est.
1020 1558 1089 1593 103
1114 1558 1231 1591 oculis
1262 1558 1391 1592 Marius
1418 1559 1590 1593 Victorin.

73 1605 144 1638 Pro
165 1615 285 1650 agnos
302 1602 410 1637 habet
426 1603 569 1637 haedos
597 1604 705 1638 Goth.
725 1616 780 1649 pr.
878 1604 944 1640 105
970 1605 1080 1638 CoelI
1111 1603 1326 1648 scripserunt
1350 1605 1529 1647 nonnulli,
1552 1613 1592 1639 ut

73 1656 215 1696 poetam
241 1650 464 1684 Mantuanum
485 1650 642 1695 tetigerit
667 1652 789 1693 Maro,
831 1650 892 1696 qui
919 1650 1023 1684 bonis
1050 1651 1210 1684 omnibus
1245 1651 1432 1685 consumtis
1458 1659 1590 1686 tautum

71 1696 179 1731 modo
196 1696 302 1741 spatii
320 1696 390 1730 sibi
409 1705 625 1740 servaverat,
649 1698 745 1743 quod
765 1698 928 1743 sepulcro
965 1697 1163 1732 sufficeret:
1189 1710 1245 1744 ap.
1276 1698 1436 1733 Servium
1463 1706 1499 1733 et
1515 1701 1589 1733 Iun.

68 1743 273 1789 Philargyr.
323 1743 425 1777 ulnis
440 1745 531 1777 Ven.
557 1752 595 1778 et
612 1745 669 1778 ed.
686 1746 776 1779 Ven.
825 1745 926 1779 ullas
942 1745 1044 1778 Rom.

71 1845 247 1879 stratum
269 1841 342 1880 W
334 1840 446 1878 ichen
457 1870 469 1890 ‚
493 1854 636 1893 genus,
666 1840 799 1879 bubus
855 1840 989 1893 nigma
1013 1841 1218 1894 proponit.
1266 1839 1361 1893 Sp.)
1428 1840 1589 1893 Simpli-

70 1898 151 1936 iam
179 1898 275 1937 olim
302 1904 466 1951 pastum
498 1899 587 1937 dari
623 1898 800 1948 solitum,

72 1962 122 1997 ut
150 1968 203 1994 ex
231 1955 451 1995 Columella
492 1957 640 1996 docent
668 1957 802 2010 Intpp.

73 2011 181 2067 (Non
217 2014 337 2067 plane
371 2013 479 2052 idem
522 2028 603 2053 esse
647 2029 799 2063 ervum,

71 2071 183 2123 quod
208 2079 404 2117 *nostrum
448 2074 519 2112 W
513 2073 597 2110 ἰοί-ε
612 2102 623 2121 ‚
684 2072 804 2110 docet

70 2129 247 2170 Vossius.
282 2131 354 2170 W
346 2128 402 2184 r.)
460 2130 610 2169 Versus
635 2142 803 2182 expres-

72 2201 139 2226 sus
164 2200 217 2226 ex
237 2186 408 2226 Theocr.
427 2187 502 2237 IV,
531 2191 608 2237 20,
647 2196 698 2226 ut
721 2190 802 2229 102

72 2259 125 2284 ex
151 2245 227 2295 IV,
269 2245 334 2288 15.
412 2242 501 2298 (—
534 2248 627 2287 103.
665 2245 803 2283 Oculis

69 2302 260 2357 proprius
274 2302 319 2341 in
328 2303 560 2342 fascinando
573 2303 697 2341 loeus.
717 2302 801 2342 vid.

71 2361 213 2400 Cerda.
280 2361 470 2399 Ceterum
522 2362 672 2400 Nescio
713 2362 803 2413 qui-s·

70 2433 154 2458 non
171 2418 350 2473 positum
366 2432 443 2471 pro
462 2420 614 2457 Afas-cis)
633 2420 723 2470 qui,
753 2424 803 2456 ut

71 2476 217 2516 statuit
235 2477 421 2527 Vossius;
448 2479 579 2514 nescio
610 2478 701 2528 quis
726 2489 802 2515 va-

68 2535 146 2574 let:
169 2535 319 2588 aliquis
326 2550 343 2583 ;
355 2536 488 2573 nescio
506 2537 591 2587 qui,
602 2534 711 2572 idem
719 2534 803 2572 fere

71 2593 182 2645 quod
209 2594 339 2631 nescio
368 2593 516 2644 qualis.
555 2590 674 2646 er.)

131 2649 225 2692 104.
251 2650 291 2693 5.
320 2648 477 2704 (Quum
490 2650 571 2688 iam
580 2649 803 2688 Menalcam

71 2721 155 2746 non
193 2707 424 2747 inferiorem
455 2721 496 2746 se
540 2721 623 2746 esse
653 2708 803 2746 senfiat

72 2765 284 2804 Damoetas
302 2795 313 2815 ,
352 2766 499 2818 quippe
525 2766 595 2817 qui
624 2765 801 2818 paratis-

73 2822 197 2861 simus
230 2836 386 2875 semper
412 2823 623 2875 regesserit
643 2824 799 2862 alterna

73 2880 260 2930 alternis,
290 2881 423 2919 subito
453 2881 507 2920 ad
538 2881 649 2920 aliud
677 2895 800 2933 argu-

71 2943 253 2976 mentum
272 2938 442 2988 transit,
477 2939 523 2977 in
546 2952 628 2990 quo
654 2952 799 2978 venam

74 2995 111 3033 ei
130 2995 264 3035 minus
276 2995 445 3035 divitem
461 3009 544 3034 esse
559 3003 710 3050 sperat:
730 3009 800 3034 ae-

858 1898 958 1937 citer
998 1899 1218 1951 intelligam
1256 1898 1469 1936 cuiuslibet
1509 1898 1588 1936 loci

858 1963 1049 2009 puteum,
1078 1956 1123 1995 in
1148 1969 1267 2008 quem
1288 1970 1380 1994 cum
1399 1956 1488 2007 quis
1514 1955 1587 1994 de-

859 2014 1081 2063 scenderit,
1110 2020 1273 2052 tantum
1302 2013 1399 2052 caeli
1427 2014 1586 2066 prospi—

860 2073 916 2110 cit
936 2073 1123 2125 spatium,
1141 2078 1306 2110 tantum
1326 2071 1436 2122 caeli,
1455 2085 1586 2122 quan-

858 2136 949 2168 tum
978 2136 1124 2182 puteus
1159 2135 1297 2182 patet,
1346 2128 1388 2167 h.
1416 2143 1448 2167 e.
1474 2129 1585 2180 putei

858 2188 1035 2226 latitudo
1062 2187 1302 2239 permiserit.
1361 2187 1407 2225 In
1437 2187 1585 2225 talibus

859 2245 1123 2284 Grammatici
1138 2275 1150 2295 ‚
1190 2242 1382 2298 (quorum
1408 2244 1586 2296 pericula

857 2304 900 2342 in
916 2302 1111 2342 solvendo
1129 2302 1349 2354 aenigmate
1368 2302 1480 2340 dabit
1490 2303 1584 2340 Ser-

857 2362 962 2410 vius,
993 2374 1087 2399 cum
1105 2359 1366 2412 Philargyri0‚
1395 2359 1467 2398 ubi
1489 2365 1583 2397 sunt

858 2419 927 2470 qui
946 2418 999 2457 ad
1026 2432 1093 2467 ea,
1124 2431 1247 2470 quae,
1288 2417 1360 2455 etsi
1385 2429 1469 2455 non
1492 2417 1584 2456 val-

860 2476 910 2515 de
947 2477 1171 2528 ingeniosa,
1223 2489 1275 2513 ex
1304 2475 1391 2527 ipso
1420 2474 1581 2526 Virgilio

860 2534 1000 2573 audita
1017 2535 1201 2582 fuerant,
1226 2532 1475 2585 provocant,
1507 2531 1583 2569 alia

858 2590 1147 2646 Burmannus,)
1180 2603 1340 2629 crucem
1357 2590 1433 2628 sibi
1457 2589 1582 2627 fixam

859 2663 942 2688 esse
958 2656 1104 2703 putare
1122 2662 1205 2687 non
1223 2648 1435 2686 debebant.
1479 2647 1581 2685 Pro-

856 2708 989 2761 posita
1007 2720 1138 2760 nuper
1164 2706 1213 2744 ab
1237 2705 1393 2743 Abbate
1420 2703 1580 2743 Divotio

856 2766 962 2805 ratio
975 2796 986 2815 ,
1016 2772 1065 2804 ut
1082 2764 1134 2803 ad
1150 2763 1320 2802 Panthei
1337 2762 1497 2801 tholum
1511 2773 1581 2798 re—

856 2824 1034 2872 feratur,
1065 2829 1107 2860 et
1136 2822 1186 2859 ab
1211 2820 1384 2873 pastoris
1409 2817 1578 2870 ingenio,

856 2887 899 2919 et
920 2881 969 2919 ab
990 2894 1037 2919 eo
1055 2887 1250 2932 tempore,
1268 2891 1347 2929 quo
1367 2876 1483 2928 plura
1498 2873 1579 2911 hu-

856 2939 920 2977 ius
942 2938 1053 2976 modi
1071 2939 1221 2976 formae
1239 2933 1416 2973 aedificia
1430 2933 1579 2969 Romae

856 2996 1106 3045 visebantur,
1114 2994 1232 3047 plane
1244 2992 1370 3030 aliena
1388 2995 1448 3027 est
1488 2986 1578 3026 Alio
