<?xml version="1.0" encoding="UTF-8"?>
<!DOCTYPE html PUBLIC "-//W3C//DTD XHTML 1.0 Transitional//EN"
    "http://www.w3.org/TR/xhtml1/DTD/xhtml1-transitional.dtd">
<html xmlns="http://www.w3.org/1999/xhtml" xml:lang="en" lang="en">
 <head>
  <title>
</title>
<meta http-equiv="Content-Type" content="text/html;charset=utf-8" />
  <meta name='ocr-system' content='tesseract 3.04.00' />
  <meta name='ocr-capabilities' content='ocr_page ocr_carea ocr_par ocr_line ocrx_word'/>
</head>
<body>
  <div class='ocr_page' id='page_1' title='image "./publiusvirgilius01virguoft/publiusvirgilius01virguoft_0747.png"; bbox 0 0 1734 3320; ppageno 0'>
   <div class='ocr_carea' id='block_1_1' title="bbox 262 146 1576 250">
    <p class='ocr_par' dir='ltr' id='par_1_1' title="bbox 262 146 1576 250">
     <span class='ocr_line' id='line_1_1' title="bbox 262 146 1576 250; baseline 0.01 -15"><span class='ocrx_word' id='word_1_1' title='bbox 262 146 754 246; x_wconf 51' lang='lat' dir='ltr'><strong>essexe-aeon</strong></span> <span class='ocrx_word' id='word_1_2' title='bbox 788 185 932 237; x_wconf 75' lang='lat' dir='ltr'><strong>Lm.</strong></span> <span class='ocrx_word' id='word_1_3' title='bbox 952 187 1046 250; x_wconf 80' lang='lat'><strong>111,</strong></span> <span class='ocrx_word' id='word_1_4' title='bbox 1070 191 1369 244; x_wconf 78' lang='lat'>452—465</span> <span class='ocrx_word' id='word_1_5' title='bbox 1474 197 1576 248; x_wconf 85' lang='lat'><strong>577</strong></span> 
     </span>
    </p>
   </div>
   <div class='ocr_carea' id='block_1_2' title="bbox 0 309 1574 941">
    <p class='ocr_par' dir='ltr' id='par_1_2' title="bbox 0 309 1574 941">
     <span class='ocr_line' id='line_1_2' title="bbox 0 309 1470 385; baseline 0.005 -23"><span class='ocrx_word' id='word_1_6' title='bbox 0 310 235 376; x_wconf 54' lang='lat' dir='ltr'><strong>{Quum</strong></span> <span class='ocrx_word' id='word_1_7' title='bbox 254 309 411 374; x_wconf 85' lang='lat' dir='ltr'><strong>furit,</strong></span> <span class='ocrx_word' id='word_1_8' title='bbox 449 319 612 378; x_wconf 86' lang='lat' dir='ltr'><strong>atque</strong></span> <span class='ocrx_word' id='word_1_9' title='bbox 632 318 775 360; x_wconf 87' lang='lat' dir='ltr'><strong>artus</strong></span> <span class='ocrx_word' id='word_1_10' title='bbox 796 310 1102 378; x_wconf 86' lang='lat' dir='ltr'><strong>depascitur</strong></span> <span class='ocrx_word' id='word_1_11' title='bbox 1126 316 1271 366; x_wconf 85' lang='lat' dir='ltr'><strong>arida</strong></span> <span class='ocrx_word' id='word_1_12' title='bbox 1288 316 1470 385; x_wconf 83' lang='lat' dir='ltr'><strong>febriS‚</strong></span> 
     </span>
     <span class='ocr_line' id='line_1_3' title="bbox 0 375 1262 447; baseline 0.002 -14"><span class='ocrx_word' id='word_1_13' title='bbox 0 375 9 419; x_wconf 52' lang='grc' dir='ltr'><em>ἶ</em></span> <span class='ocrx_word' id='word_1_14' title='bbox 45 377 258 434; x_wconf 82' lang='lat' dir='ltr'><strong>Profuit</strong></span> <span class='ocrx_word' id='word_1_15' title='bbox 275 382 525 433; x_wconf 83' lang='lat' dir='ltr'><strong>incensos</strong></span> <span class='ocrx_word' id='word_1_16' title='bbox 548 389 723 430; x_wconf 87' lang='lat' dir='ltr'><strong>aestus</strong></span> <span class='ocrx_word' id='word_1_17' title='bbox 742 391 1007 447; x_wconf 86' lang='lat' dir='ltr'><strong>avertere,</strong></span> <span class='ocrx_word' id='word_1_18' title='bbox 1046 393 1100 434; x_wconf 89' lang='lat' dir='ltr'><strong>et</strong></span> <span class='ocrx_word' id='word_1_19' title='bbox 1119 385 1262 435; x_wconf 86' lang='lat' dir='ltr'><strong>inter</strong></span> 
     </span>
     <span class='ocr_line' id='line_1_4' title="bbox 44 449 1336 518; baseline 0.002 -14"><span class='ocrx_word' id='word_1_20' title='bbox 44 455 160 504; x_wconf 91' lang='lat' dir='ltr'><strong>Ima</strong></span> <span class='ocrx_word' id='word_1_21' title='bbox 176 451 343 503; x_wconf 87' lang='lat' dir='ltr'><strong>ferire</strong></span> <span class='ocrx_word' id='word_1_22' title='bbox 357 450 515 518; x_wconf 87' lang='lat' dir='ltr'><strong>pedis</strong></span> <span class='ocrx_word' id='word_1_23' title='bbox 536 449 818 501; x_wconf 83' lang='lat' dir='ltr'><strong>salientem</strong></span> <span class='ocrx_word' id='word_1_24' title='bbox 839 454 1098 518; x_wconf 85' lang='lat' dir='ltr'><strong>sanguine</strong></span> <span class='ocrx_word' id='word_1_25' title='bbox 1117 472 1336 508; x_wconf 86' lang='lat' dir='ltr'><strong>venam:</strong></span> 
     </span>
     <span class='ocr_line' id='line_1_5' title="bbox 5 520 1357 592; baseline 0.002 -19"><span class='ocrx_word' id='word_1_26' title='bbox 5 520 10 525; x_wconf 46' lang='lat'><strong>&#39;⁴</strong></span> <span class='ocrx_word' id='word_1_27' title='bbox 43 521 269 574; x_wconf 79' lang='lat' dir='ltr'><strong>Bisaltae</strong></span> <span class='ocrx_word' id='word_1_28' title='bbox 295 537 406 589; x_wconf 92' lang='lat' dir='ltr'><strong>quo</strong></span> <span class='ocrx_word' id='word_1_29' title='bbox 427 538 585 572; x_wconf 90' lang='lat' dir='ltr'><strong>more</strong></span> <span class='ocrx_word' id='word_1_30' title='bbox 604 520 804 586; x_wconf 86' lang='lat' dir='ltr'><strong>solent,</strong></span> <span class='ocrx_word' id='word_1_31' title='bbox 843 539 1074 592; x_wconf 86' lang='lat' dir='ltr'><strong>acerque</strong></span> <span class='ocrx_word' id='word_1_32' title='bbox 1101 525 1357 590; x_wconf 80' lang='lat' dir='ltr'><strong>GelonuS‚</strong></span> 
     </span>
     <span class='ocr_line' id='line_1_6' title="bbox 0 590 1574 662; baseline 0.003 -18"><span class='ocrx_word' id='word_1_33' title='bbox 0 611 5 655; x_wconf 71' lang='lat' dir='ltr'><strong><em>g</em></strong></span> <span class='ocrx_word' id='word_1_34' title='bbox 41 596 232 658; x_wconf 79' lang='lat' dir='ltr'><strong>Quum</strong></span> <span class='ocrx_word' id='word_1_35' title='bbox 261 590 400 658; x_wconf 84' lang='lat' dir='ltr'><strong>fugit</strong></span> <span class='ocrx_word' id='word_1_36' title='bbox 433 592 490 641; x_wconf 91' lang='lat' dir='ltr'><strong>in</strong></span> <span class='ocrx_word' id='word_1_37' title='bbox 523 591 839 659; x_wconf 89' lang='lat' dir='ltr'><strong>Rhodopen</strong></span> <span class='ocrx_word' id='word_1_38' title='bbox 855 634 869 657; x_wconf 89' lang='lat'>‚</span> <span class='ocrx_word' id='word_1_39' title='bbox 920 602 1081 662; x_wconf 83' lang='lat' dir='ltr'><strong>atque</strong></span> <span class='ocrx_word' id='word_1_40' title='bbox 1119 596 1176 645; x_wconf 90' lang='lat' dir='ltr'><strong>in</strong></span> <span class='ocrx_word' id='word_1_41' title='bbox 1220 596 1432 647; x_wconf 85' lang='lat' dir='ltr'><strong>deserta</strong></span> <span class='ocrx_word' id='word_1_42' title='bbox 1467 600 1574 649; x_wconf 89' lang='lat' dir='ltr'><strong>Ge-</strong></span> 
     </span>
     <span class='ocr_line' id='line_1_7' title="bbox 83 671 1030 728; baseline 0.003 -17"><span class='ocrx_word' id='word_1_43' title='bbox 83 671 95 683; x_wconf 86' lang='grc'><strong>·’</strong></span> <span class='ocrx_word' id='word_1_44' title='bbox 837 672 1030 728; x_wconf 77' lang='lat' dir='ltr'><strong>tarum,</strong></span> 
     </span>
     <span class='ocr_line' id='line_1_8' title="bbox 0 732 1399 803; baseline 0.006 -25"><span class='ocrx_word' id='word_1_45' title='bbox 0 776 3 778; x_wconf 80' lang='grc'><strong>.</strong></span> <span class='ocrx_word' id='word_1_46' title='bbox 41 734 112 785; x_wconf 84' lang='lat' dir='ltr'><strong>Et</strong></span> <span class='ocrx_word' id='word_1_47' title='bbox 135 732 216 783; x_wconf 92' lang='lat' dir='ltr'><strong>lac</strong></span> <span class='ocrx_word' id='word_1_48' title='bbox 238 740 557 782; x_wconf 85' lang='lat' dir='ltr'><strong>concretum</strong></span> <span class='ocrx_word' id='word_1_49' title='bbox 578 748 703 781; x_wconf 91' lang='lat' dir='ltr'><strong>cum</strong></span> <span class='ocrx_word' id='word_1_50' title='bbox 726 735 984 799; x_wconf 83' lang='lat' dir='ltr'><strong>sanguine</strong></span> <span class='ocrx_word' id='word_1_51' title='bbox 1006 743 1157 802; x_wconf 84' lang='lat' dir='ltr'><strong>potat</strong></span> <span class='ocrx_word' id='word_1_52' title='bbox 1182 736 1399 803; x_wconf 82' lang='lat' dir='ltr'><strong>equinO.</strong></span> 
     </span>
     <span class='ocr_line' id='line_1_9' title="bbox 70 801 1573 875; baseline 0.003 -22"><span class='ocrx_word' id='word_1_53' title='bbox 70 871 76 875; x_wconf 83' lang='lat'><strong>.</strong></span> <span class='ocrx_word' id='word_1_54' title='bbox 116 805 293 867; x_wconf 87' lang='lat' dir='ltr'><strong>Quam</strong></span> <span class='ocrx_word' id='word_1_55' title='bbox 312 801 504 870; x_wconf 88' lang='lat' dir='ltr'><strong>procul</strong></span> <span class='ocrx_word' id='word_1_56' title='bbox 524 810 614 851; x_wconf 84' lang='lat' dir='ltr'><strong>aut</strong></span> <span class='ocrx_word' id='word_1_57' title='bbox 631 802 783 852; x_wconf 92' lang='lat' dir='ltr'><strong>molli</strong></span> <span class='ocrx_word' id='word_1_58' title='bbox 803 804 1096 855; x_wconf 88' lang='lat' dir='ltr'><strong>succedere</strong></span> <span class='ocrx_word' id='word_1_59' title='bbox 1115 807 1325 873; x_wconf 88' lang='lat' dir='ltr'><strong>saepius</strong></span> <span class='ocrx_word' id='word_1_60' title='bbox 1346 806 1573 858; x_wconf 89' lang='lat' dir='ltr'><strong>umbrae</strong></span> 
     </span>
     <span class='ocr_line' id='line_1_10' title="bbox 41 873 1574 941; baseline 0.001 -15"><span class='ocrx_word' id='word_1_61' title='bbox 41 873 255 927; x_wconf 87' lang='lat' dir='ltr'><strong>Videris</strong></span> <span class='ocrx_word' id='word_1_62' title='bbox 276 914 290 938; x_wconf 86' lang='lat'><strong>,</strong></span> <span class='ocrx_word' id='word_1_63' title='bbox 356 881 447 923; x_wconf 86' lang='lat' dir='ltr'><strong>aut</strong></span> <span class='ocrx_word' id='word_1_64' title='bbox 502 889 739 923; x_wconf 88' lang='lat' dir='ltr'><strong>summas</strong></span> <span class='ocrx_word' id='word_1_65' title='bbox 788 883 1113 941; x_wconf 87' lang='lat' dir='ltr'><strong>,carpentem</strong></span> <span class='ocrx_word' id='word_1_66' title='bbox 1160 876 1397 941; x_wconf 85' lang='lat' dir='ltr'><strong>ignavius</strong></span> <span class='ocrx_word' id='word_1_67' title='bbox 1445 876 1574 927; x_wconf 88' lang='lat' dir='ltr'><strong>her-</strong></span> 
     </span>
    </p>
   </div>
   <div class='ocr_carea' id='block_1_3' title="bbox 833 943 1573 1009">
    <p class='ocr_par' dir='ltr' id='par_1_3' title="bbox 833 943 1573 1009">
     <span class='ocr_line' id='line_1_11' title="bbox 833 943 1573 1009; baseline 0.011 -16"><span class='ocrx_word' id='word_1_68' title='bbox 833 943 927 994; x_wconf 88' lang='lat' dir='ltr'><strong>bas</strong></span> <span class='ocrx_word' id='word_1_69' title='bbox 937 985 951 1009; x_wconf 89' lang='lat'><strong>,</strong></span> <span class='ocrx_word' id='word_1_70' title='bbox 1468 951 1573 1000; x_wconf 84' lang='lat'><strong>465</strong></span> 
     </span>
    </p>
   </div>
   <div class='ocr_carea' id='block_1_4' title="bbox 1470 465 1575 513">
    <p class='ocr_par' dir='ltr' id='par_1_4' title="bbox 1470 465 1575 513">
     <span class='ocr_line' id='line_1_12' title="bbox 1470 465 1575 513; baseline -0.01 0"><span class='ocrx_word' id='word_1_71' title='bbox 1470 465 1575 513; x_wconf 85' lang='lat'><strong>460</strong></span> 
     </span>
    </p>
   </div>
   <div class='ocr_carea' id='block_1_5' title="bbox 0 1069 1572 1922">
    <p class='ocr_par' dir='ltr' id='par_1_5' title="bbox 36 1069 1572 1496">
     <span class='ocr_line' id='line_1_13' title="bbox 86 1069 1572 1121; baseline 0.001 -12"><span class='ocrx_word' id='word_1_72' title='bbox 86 1071 158 1109; x_wconf 81' lang='lat'><strong>458</strong></span> <span class='ocrx_word' id='word_1_73' title='bbox 183 1075 271 1107; x_wconf 85' lang='lat' dir='ltr'><strong>Cum</strong></span> <span class='ocrx_word' id='word_1_74' title='bbox 287 1071 430 1119; x_wconf 76' lang='lat' dir='ltr'><strong>fuerit,</strong></span> <span class='ocrx_word' id='word_1_75' title='bbox 457 1069 672 1118; x_wconf 77' lang='lat' dir='ltr'><strong>fueritque,</strong></span> <span class='ocrx_word' id='word_1_76' title='bbox 708 1073 836 1108; x_wconf 84' lang='lat' dir='ltr'><strong>vitiose</strong></span> <span class='ocrx_word' id='word_1_77' title='bbox 861 1074 1034 1109; x_wconf 85' lang='lat' dir='ltr'><strong>nonnulli.</strong></span> <span class='ocrx_word' id='word_1_78' title='bbox 1082 1084 1150 1109; x_wconf 74' lang='lat' dir='ltr'><strong>aut</strong></span> <span class='ocrx_word' id='word_1_79' title='bbox 1173 1084 1283 1110; x_wconf 74' lang='lat' dir='ltr'><strong>artus</strong></span> <span class='ocrx_word' id='word_1_80' title='bbox 1299 1075 1439 1121; x_wconf 90' lang='lat' dir='ltr'><strong>Menag.</strong></span> <span class='ocrx_word' id='word_1_81' title='bbox 1467 1076 1572 1120; x_wconf 81' lang='lat' dir='ltr'><strong>alter,</strong></span> 
     </span>
     <span class='ocr_line' id='line_1_14' title="bbox 40 1120 1570 1169; baseline 0.003 -15"><span class='ocrx_word' id='word_1_82' title='bbox 40 1125 81 1154; x_wconf 87' lang='lat' dir='ltr'><strong>ut</strong></span> <span class='ocrx_word' id='word_1_83' title='bbox 104 1127 142 1154; x_wconf 84' lang='lat' dir='ltr'><strong>et</strong></span> <span class='ocrx_word' id='word_1_84' title='bbox 167 1120 304 1154; x_wconf 87' lang='lat' dir='ltr'><strong>Pierius</strong></span> <span class='ocrx_word' id='word_1_85' title='bbox 335 1125 498 1153; x_wconf 85' lang='lat' dir='ltr'><strong>enotarat</strong></span> <span class='ocrx_word' id='word_1_86' title='bbox 517 1131 536 1153; x_wconf 84' lang='lat' dir='ltr'><strong>e</strong></span> <span class='ocrx_word' id='word_1_87' title='bbox 566 1120 645 1154; x_wconf 93' lang='lat' dir='ltr'><strong>cod.</strong></span> <span class='ocrx_word' id='word_1_88' title='bbox 694 1121 851 1155; x_wconf 78' lang='lat' dir='ltr'><strong>horrida</strong></span> <span class='ocrx_word' id='word_1_89' title='bbox 864 1121 990 1169; x_wconf 75' lang='lat' dir='ltr'><strong>febris</strong></span> <span class='ocrx_word' id='word_1_90' title='bbox 1010 1121 1107 1156; x_wconf 87' lang='lat' dir='ltr'><strong>Toll.</strong></span> <span class='ocrx_word' id='word_1_91' title='bbox 1130 1135 1173 1156; x_wconf 78' lang='lat' dir='ltr'><strong>ex</strong></span> <span class='ocrx_word' id='word_1_92' title='bbox 1193 1124 1344 1164; x_wconf 84' lang='lat' dir='ltr'><strong>arrida,</strong></span> <span class='ocrx_word' id='word_1_93' title='bbox 1377 1130 1416 1156; x_wconf 88' lang='lat' dir='ltr'><strong>ut</strong></span> <span class='ocrx_word' id='word_1_94' title='bbox 1445 1125 1570 1159; x_wconf 89' lang='lat' dir='ltr'><strong>Franc.</strong></span> 
     </span>
     <span class='ocr_line' id='line_1_15' title="bbox 36 1165 1569 1214; baseline 0.003 -12"><span class='ocrx_word' id='word_1_95' title='bbox 36 1167 136 1202; x_wconf 73' lang='lat' dir='ltr'><strong>conf.</strong></span> <span class='ocrx_word' id='word_1_96' title='bbox 155 1179 235 1214; x_wconf 69' lang='lat' dir='ltr'><strong>sup.</strong></span> <span class='ocrx_word' id='word_1_97' title='bbox 253 1167 301 1201; x_wconf 75' lang='lat' dir='ltr'><strong>ad</strong></span> <span class='ocrx_word' id='word_1_98' title='bbox 318 1178 352 1200; x_wconf 78' lang='lat' dir='ltr'><strong>v·</strong></span> <span class='ocrx_word' id='word_1_99' title='bbox 371 1167 450 1202; x_wconf 86' lang='lat'><strong>197.</strong></span> <span class='ocrx_word' id='word_1_100' title='bbox 542 1165 628 1202; x_wconf 82' lang='lat'><strong>459.</strong></span> <span class='ocrx_word' id='word_1_101' title='bbox 653 1165 725 1204; x_wconf 78' lang='lat'><strong>460</strong></span> <span class='ocrx_word' id='word_1_102' title='bbox 747 1168 875 1202; x_wconf 83' lang='lat' dir='ltr'><strong>recitat</strong></span> <span class='ocrx_word' id='word_1_103' title='bbox 890 1169 1025 1203; x_wconf 89' lang='lat' dir='ltr'><strong>Colum.</strong></span> <span class='ocrx_word' id='word_1_104' title='bbox 1041 1171 1119 1213; x_wconf 88' lang='lat' dir='ltr'><strong>VII,</strong></span> <span class='ocrx_word' id='word_1_105' title='bbox 1143 1171 1177 1211; x_wconf 86' lang='lat'><strong>5,</strong></span> <span class='ocrx_word' id='word_1_106' title='bbox 1204 1172 1260 1205; x_wconf 91' lang='grc'><strong>10.</strong></span> <span class='ocrx_word' id='word_1_107' title='bbox 1292 1171 1462 1205; x_wconf 71' lang='lat' dir='ltr'><strong>intensos</strong></span> <span class='ocrx_word' id='word_1_108' title='bbox 1478 1171 1569 1206; x_wconf 86' lang='lat' dir='ltr'><strong>coni.</strong></span> 
     </span>
     <span class='ocr_line' id='line_1_16' title="bbox 39 1212 1570 1263; baseline 0.003 -15"><span class='ocrx_word' id='word_1_109' title='bbox 39 1214 178 1258; x_wconf 70' lang='lat' dir='ltr'><strong>Heius„</strong></span> <span class='ocrx_word' id='word_1_110' title='bbox 197 1214 294 1261; x_wconf 85' lang='lat' dir='ltr'><strong>quod</strong></span> <span class='ocrx_word' id='word_1_111' title='bbox 319 1212 451 1255; x_wconf 88' lang='lat' dir='ltr'><strong>nolim,</strong></span> <span class='ocrx_word' id='word_1_112' title='bbox 476 1219 513 1246; x_wconf 88' lang='lat' dir='ltr'><strong>et</strong></span> <span class='ocrx_word' id='word_1_113' title='bbox 528 1214 675 1248; x_wconf 77' lang='lat' dir='ltr'><strong>W&#39;akef.</strong></span> <span class='ocrx_word' id='word_1_114' title='bbox 703 1215 747 1248; x_wconf 92' lang='lat' dir='ltr'><strong>ad</strong></span> <span class='ocrx_word' id='word_1_115' title='bbox 764 1216 906 1250; x_wconf 87' lang='lat' dir='ltr'><strong>Lucret.</strong></span> <span class='ocrx_word' id='word_1_116' title='bbox 922 1217 951 1260; x_wconf 86' lang='lat' dir='ltr'><strong>I,</strong></span> <span class='ocrx_word' id='word_1_117' title='bbox 974 1217 1058 1252; x_wconf 83' lang='lat'><strong>301.</strong></span> <span class='ocrx_word' id='word_1_118' title='bbox 1152 1218 1223 1252; x_wconf 83' lang='lat'><strong>460</strong></span> <span class='ocrx_word' id='word_1_119' title='bbox 1247 1217 1407 1250; x_wconf 72' lang='lat' dir='ltr'><strong>saliente</strong></span> <span class='ocrx_word' id='word_1_120' title='bbox 1427 1217 1570 1263; x_wconf 84' lang='lat' dir='ltr'><strong>Regius.</strong></span> 
     </span>
     <span class='ocr_line' id='line_1_17' title="bbox 39 1260 1571 1307; baseline 0.002 -10"><span class='ocrx_word' id='word_1_121' title='bbox 39 1262 208 1297; x_wconf 66' lang='lat' dir='ltr'><strong>nicolaae</strong></span> <span class='ocrx_word' id='word_1_122' title='bbox 227 1261 349 1307; x_wconf 88' lang='lat' dir='ltr'><strong>priore</strong></span> <span class='ocrx_word' id='word_1_123' title='bbox 369 1260 544 1306; x_wconf 86' lang='lat' dir='ltr'><strong>producta</strong></span> <span class='ocrx_word' id='word_1_124' title='bbox 565 1261 672 1295; x_wconf 88' lang='lat' dir='ltr'><strong>etiam</strong></span> <span class='ocrx_word' id='word_1_125' title='bbox 693 1262 856 1306; x_wconf 80' lang='lat' dir='ltr'><strong>Ovidius,</strong></span> <span class='ocrx_word' id='word_1_126' title='bbox 893 1269 930 1298; x_wconf 85' lang='lat' dir='ltr'><strong>et</strong></span> <span class='ocrx_word' id='word_1_127' title='bbox 952 1263 1134 1298; x_wconf 90' lang='lat' dir='ltr'><strong>Claudian.</strong></span> <span class='ocrx_word' id='word_1_128' title='bbox 1152 1264 1257 1306; x_wconf 89' lang='lat' dir='ltr'><strong>XXI,</strong></span> <span class='ocrx_word' id='word_1_129' title='bbox 1284 1264 1363 1299; x_wconf 76' lang='lat'><strong>134.</strong></span> <span class='ocrx_word' id='word_1_130' title='bbox 1411 1268 1458 1299; x_wconf 80' lang='lat' dir='ltr'><strong>At</strong></span> <span class='ocrx_word' id='word_1_131' title='bbox 1476 1267 1571 1300; x_wconf 77' lang='lat' dir='ltr'><strong>Gra-</strong></span> 
     </span>
     <span class='ocr_line' id='line_1_18' title="bbox 39 1306 1569 1358; baseline 0.003 -15"><span class='ocrx_word' id='word_1_132' title='bbox 39 1309 111 1343; x_wconf 78' lang='lat' dir='ltr'><strong>tius</strong></span> <span class='ocrx_word' id='word_1_133' title='bbox 137 1309 208 1346; x_wconf 80' lang='lat'><strong>523</strong></span> <span class='ocrx_word' id='word_1_134' title='bbox 238 1307 391 1352; x_wconf 83' lang='lat' dir='ltr'><strong>corripit</strong></span> <span class='ocrx_word' id='word_1_135' title='bbox 410 1306 545 1354; x_wconf 78' lang='lat' dir='ltr'><strong>facilis</strong></span> <span class='ocrx_word' id='word_1_136' title='bbox 572 1309 693 1342; x_wconf 78' lang='lat' dir='ltr'><strong>tutela</strong></span> <span class='ocrx_word' id='word_1_137' title='bbox 722 1311 901 1344; x_wconf 74' lang='lat' dir='ltr'><strong>Bisaltae.</strong></span> <span class='ocrx_word' id='word_1_138' title='bbox 946 1312 1148 1356; x_wconf 77' lang='lat' dir='ltr'><strong>(Bz&#39;ssulcae</strong></span> <span class='ocrx_word' id='word_1_139' title='bbox 1181 1314 1277 1345; x_wconf 85' lang='lat' dir='ltr'><strong>Serv.</strong></span> <span class='ocrx_word' id='word_1_140' title='bbox 1306 1311 1435 1345; x_wconf 86' lang='lat' dir='ltr'><strong>Dresd.</strong></span> <span class='ocrx_word' id='word_1_141' title='bbox 1470 1314 1528 1347; x_wconf 85' lang='lat' dir='ltr'><em>W</em></span> <span class='ocrx_word' id='word_1_142' title='bbox 1522 1313 1569 1358; x_wconf 85' lang='lat' dir='ltr'><strong>r.)</strong></span> 
     </span>
     <span class='ocr_line' id='line_1_19' title="bbox 38 1355 1570 1404; baseline 0.003 -14"><span class='ocrx_word' id='word_1_143' title='bbox 38 1356 112 1394; x_wconf 72' lang='lat'><strong>462</strong></span> <span class='ocrx_word' id='word_1_144' title='bbox 134 1364 205 1390; x_wconf 71' lang='lat' dir='ltr'><strong>aut</strong></span> <span class='ocrx_word' id='word_1_145' title='bbox 221 1357 263 1391; x_wconf 81' lang='lat' dir='ltr'><strong>in</strong></span> <span class='ocrx_word' id='word_1_146' title='bbox 283 1355 414 1389; x_wconf 84' lang='lat' dir='ltr'><strong>Medic.</strong></span> <span class='ocrx_word' id='word_1_147' title='bbox 453 1356 577 1399; x_wconf 80' lang='lat' dir='ltr'><strong>(Recte</strong></span> <span class='ocrx_word' id='word_1_148' title='bbox 597 1356 772 1389; x_wconf 86' lang='lat' dir='ltr'><strong>retinetur</strong></span> <span class='ocrx_word' id='word_1_149' title='bbox 788 1366 917 1404; x_wconf 78' lang='lat' dir='ltr'><strong>atque3</strong></span> <span class='ocrx_word' id='word_1_150' title='bbox 943 1357 1098 1392; x_wconf 88' lang='lat' dir='ltr'><strong>alterum</strong></span> <span class='ocrx_word' id='word_1_151' title='bbox 1122 1357 1233 1400; x_wconf 89' lang='lat' dir='ltr'><strong>enim,</strong></span> <span class='ocrx_word' id='word_1_152' title='bbox 1257 1357 1475 1403; x_wconf 86' lang='lat' dir='ltr'><strong>Rhodopes,</strong></span> <span class='ocrx_word' id='word_1_153' title='bbox 1498 1371 1570 1394; x_wconf 93' lang='lat' dir='ltr'><strong>no-</strong></span> 
     </span>
     <span class='ocr_line' id='line_1_20' title="bbox 37 1402 1570 1446; baseline 0.002 -8"><span class='ocrx_word' id='word_1_154' title='bbox 37 1416 118 1438; x_wconf 80' lang='lat' dir='ltr'><strong>men</strong></span> <span class='ocrx_word' id='word_1_155' title='bbox 133 1403 357 1437; x_wconf 82' lang='lat' dir='ltr'><strong>referendum</strong></span> <span class='ocrx_word' id='word_1_156' title='bbox 375 1402 421 1436; x_wconf 86' lang='lat' dir='ltr'><strong>ad</strong></span> <span class='ocrx_word' id='word_1_157' title='bbox 444 1402 593 1436; x_wconf 83' lang='lat' dir='ltr'><strong>Bisaltas</strong></span> <span class='ocrx_word' id='word_1_158' title='bbox 605 1429 615 1445; x_wconf 91' lang='lat'><strong>,</strong></span> <span class='ocrx_word' id='word_1_159' title='bbox 640 1403 809 1445; x_wconf 86' lang='lat' dir='ltr'><strong>alterum,</strong></span> <span class='ocrx_word' id='word_1_160' title='bbox 836 1406 1015 1446; x_wconf 80' lang='lat' dir='ltr'><strong>Getarum,</strong></span> <span class='ocrx_word' id='word_1_161' title='bbox 1039 1405 1086 1438; x_wconf 89' lang='lat' dir='ltr'><strong>ad</strong></span> <span class='ocrx_word' id='word_1_162' title='bbox 1103 1405 1273 1439; x_wconf 81' lang='lat' dir='ltr'><strong>Gelonos.</strong></span> <span class='ocrx_word' id='word_1_163' title='bbox 1321 1406 1367 1437; x_wconf 86' lang='lat' dir='ltr'><strong>Et</strong></span> <span class='ocrx_word' id='word_1_164' title='bbox 1385 1405 1467 1440; x_wconf 85' lang='lat' dir='ltr'><strong>talis</strong></span> <span class='ocrx_word' id='word_1_165' title='bbox 1484 1419 1570 1441; x_wconf 82' lang='lat' dir='ltr'><strong>ver-</strong></span> 
     </span>
     <span class='ocr_line' id='line_1_21' title="bbox 37 1449 1569 1496; baseline 0.001 -10"><span class='ocrx_word' id='word_1_166' title='bbox 37 1451 165 1486; x_wconf 82' lang='lat' dir='ltr'><strong>borum</strong></span> <span class='ocrx_word' id='word_1_167' title='bbox 183 1450 322 1496; x_wconf 72' lang='lat' dir='ltr'><strong>positus</strong></span> <span class='ocrx_word' id='word_1_168' title='bbox 342 1449 479 1495; x_wconf 88' lang='lat' dir='ltr'><strong>optimo</strong></span> <span class='ocrx_word' id='word_1_169' title='bbox 497 1450 622 1495; x_wconf 89' lang='lat' dir='ltr'><strong>cuique</strong></span> <span class='ocrx_word' id='word_1_170' title='bbox 642 1450 807 1496; x_wconf 84' lang='lat' dir='ltr'><strong>scriptori</strong></span> <span class='ocrx_word' id='word_1_171' title='bbox 821 1477 830 1493; x_wconf 96' lang='lat'><strong>,</strong></span> <span class='ocrx_word' id='word_1_172' title='bbox 862 1452 1010 1485; x_wconf 76' lang='lat' dir='ltr'><strong>maxime</strong></span> <span class='ocrx_word' id='word_1_173' title='bbox 1031 1451 1193 1486; x_wconf 86' lang='lat' dir='ltr'><strong>Ciceroni</strong></span> <span class='ocrx_word' id='word_1_174' title='bbox 1211 1453 1464 1496; x_wconf 83' lang='lat' dir='ltr'><strong>frequentatus.</strong></span> <span class='ocrx_word' id='word_1_175' title='bbox 1489 1455 1569 1488; x_wconf 83' lang='lat' dir='ltr'><strong>Ne-</strong></span> 
     </span>
    </p>

    <p class='ocr_par' dir='ltr' id='par_1_6' title="bbox 0 1497 1569 1922">
     <span class='ocr_line' id='line_1_22' title="bbox 4 1497 1569 1545; baseline 0.002 -13"><span class='ocrx_word' id='word_1_176' title='bbox 4 1521 6 1523; x_wconf 32' lang='lat'>*</span> <span class='ocrx_word' id='word_1_177' title='bbox 38 1510 108 1545; x_wconf 85' lang='lat' dir='ltr'><strong>que</strong></span> <span class='ocrx_word' id='word_1_178' title='bbox 127 1497 222 1532; x_wconf 88' lang='lat' dir='ltr'><strong>enim</strong></span> <span class='ocrx_word' id='word_1_179' title='bbox 239 1504 424 1543; x_wconf 85' lang='lat' dir='ltr'><strong>utrumque</strong></span> <span class='ocrx_word' id='word_1_180' title='bbox 453 1497 499 1530; x_wconf 89' lang='lat' dir='ltr'><strong>ad</strong></span> <span class='ocrx_word' id='word_1_181' title='bbox 522 1497 680 1531; x_wconf 83' lang='lat' dir='ltr'><strong>Gelonos</strong></span> <span class='ocrx_word' id='word_1_182' title='bbox 701 1498 880 1542; x_wconf 88' lang='lat' dir='ltr'><strong>pertinet,</strong></span> <span class='ocrx_word' id='word_1_183' title='bbox 913 1499 1045 1544; x_wconf 88' lang='lat' dir='ltr'><strong>quippe</strong></span> <span class='ocrx_word' id='word_1_184' title='bbox 1068 1500 1193 1545; x_wconf 86' lang='lat' dir='ltr'><strong>quibus</strong></span> <span class='ocrx_word' id='word_1_185' title='bbox 1222 1498 1373 1545; x_wconf 89' lang='lat' dir='ltr'><strong>propior</strong></span> <span class='ocrx_word' id='word_1_186' title='bbox 1401 1500 1569 1535; x_wconf 82' lang='lat' dir='ltr'><strong>Getarum</strong></span> 
     </span>
     <span class='ocr_line' id='line_1_23' title="bbox 0 1544 1568 1594; baseline 0.001 -13"><span class='ocrx_word' id='word_1_187' title='bbox 0 1586 4 1591; x_wconf 35' lang='grc' dir='ltr'>ι</span> <span class='ocrx_word' id='word_1_188' title='bbox 37 1545 154 1592; x_wconf 77' lang='lat' dir='ltr'><strong>regio,</strong></span> <span class='ocrx_word' id='word_1_189' title='bbox 178 1545 363 1587; x_wconf 84' lang='lat' dir='ltr'><strong>remotior,</strong></span> <span class='ocrx_word' id='word_1_190' title='bbox 388 1544 576 1579; x_wconf 87' lang='lat' dir='ltr'><strong>interiecto</strong></span> <span class='ocrx_word' id='word_1_191' title='bbox 599 1544 705 1578; x_wconf 87' lang='lat' dir='ltr'><strong>etiam</strong></span> <span class='ocrx_word' id='word_1_192' title='bbox 727 1546 819 1579; x_wconf 76' lang='lat' dir='ltr'><strong>istro</strong></span> <span class='ocrx_word' id='word_1_193' title='bbox 841 1546 984 1580; x_wconf 85' lang='lat' dir='ltr'><strong>flumine</strong></span> <span class='ocrx_word' id='word_1_194' title='bbox 1006 1558 1047 1580; x_wconf 92' lang='lat' dir='ltr'><strong>ac</strong></span> <span class='ocrx_word' id='word_1_195' title='bbox 1066 1553 1189 1580; x_wconf 87' lang='lat' dir='ltr'><strong>monte</strong></span> <span class='ocrx_word' id='word_1_196' title='bbox 1206 1547 1355 1587; x_wconf 84' lang='lat' dir='ltr'><strong>Haemo,</strong></span> <span class='ocrx_word' id='word_1_197' title='bbox 1379 1547 1568 1594; x_wconf 85' lang='lat' dir='ltr'><strong>Rhodope.</strong></span> 
     </span>
     <span class='ocr_line' id='line_1_24' title="bbox 5 1590 1569 1639; baseline 0.001 -11"><span class='ocrx_word' id='word_1_198' title='bbox 5 1592 9 1594; x_wconf 68' lang='grc'><strong>’</strong></span> <span class='ocrx_word' id='word_1_199' title='bbox 37 1593 199 1631; x_wconf 76' lang='lat' dir='ltr'><strong>Verbum</strong></span> <span class='ocrx_word' id='word_1_200' title='bbox 219 1598 337 1627; x_wconf 79' lang='lat' dir='ltr'><strong>autem</strong></span> <span class='ocrx_word' id='word_1_201' title='bbox 348 1590 459 1639; x_wconf 80' lang='lat' dir='ltr'><strong>fugit</strong></span> <span class='ocrx_word' id='word_1_202' title='bbox 476 1592 521 1625; x_wconf 88' lang='lat' dir='ltr'><strong>ad</strong></span> <span class='ocrx_word' id='word_1_203' title='bbox 541 1592 689 1637; x_wconf 85' lang='lat' dir='ltr'><strong>propius</strong></span> <span class='ocrx_word' id='word_1_204' title='bbox 708 1592 906 1626; x_wconf 78' lang='lat' dir='ltr'><strong>subiectum</strong></span> <span class='ocrx_word' id='word_1_205' title='bbox 924 1593 1237 1627; x_wconf 79' lang='lat' dir='ltr'><strong>accommodatum.</strong></span> <span class='ocrx_word' id='word_1_206' title='bbox 1274 1592 1370 1637; x_wconf 87' lang='lat' dir='ltr'><strong>Wr.)</strong></span> <span class='ocrx_word' id='word_1_207' title='bbox 1420 1594 1569 1629; x_wconf 77' lang='lat' dir='ltr'><strong>deserta</strong></span> 
     </span>
     <span class='ocr_line' id='line_1_25' title="bbox 0 1638 1568 1688; baseline 0 -14"><span class='ocrx_word' id='word_1_208' title='bbox 0 1663 3 1667; x_wconf 89' lang='lat'><em>-</em></span> <span class='ocrx_word' id='word_1_209' title='bbox 28 1638 207 1688; x_wconf 72' lang='lat' dir='ltr'><strong>J&#39;eratum</strong></span> <span class='ocrx_word' id='word_1_210' title='bbox 226 1641 364 1682; x_wconf 67' lang='lat' dir='ltr'><strong>Franc„</strong></span> <span class='ocrx_word' id='word_1_211' title='bbox 387 1640 579 1684; x_wconf 79' lang='lat' dir='ltr'><strong>repetitum</strong></span> <span class='ocrx_word' id='word_1_212' title='bbox 599 1651 643 1673; x_wconf 83' lang='lat' dir='ltr'><strong>ex</strong></span> <span class='ocrx_word' id='word_1_213' title='bbox 663 1642 752 1673; x_wconf 84' lang='lat' dir='ltr'><strong>Aen.</strong></span> <span class='ocrx_word' id='word_1_214' title='bbox 775 1641 836 1680; x_wconf 88' lang='grc' dir='ltr'>ΙΙΙ,</span> <span class='ocrx_word' id='word_1_215' title='bbox 860 1640 942 1683; x_wconf 82' lang='grc'><strong>646,</strong></span> <span class='ocrx_word' id='word_1_216' title='bbox 970 1640 1178 1674; x_wconf 86' lang='lat' dir='ltr'><strong>observante</strong></span> <span class='ocrx_word' id='word_1_217' title='bbox 1196 1642 1408 1674; x_wconf 88' lang='lat' dir='ltr'><strong>Burmanno.</strong></span> <span class='ocrx_word' id='word_1_218' title='bbox 1496 1642 1568 1678; x_wconf 81' lang='lat'><strong>463</strong></span> 
     </span>
     <span class='ocr_line' id='line_1_26' title="bbox 32 1687 1568 1736; baseline 0 -13"><span class='ocrx_word' id='word_1_219' title='bbox 32 1687 98 1723; x_wconf 79' lang='lat' dir='ltr'><strong>lac</strong></span> <span class='ocrx_word' id='word_1_220' title='bbox 125 1696 342 1736; x_wconf 72' lang='lat' dir='ltr'><strong>conceptum</strong></span> <span class='ocrx_word' id='word_1_221' title='bbox 366 1687 494 1720; x_wconf 86' lang='lat' dir='ltr'><strong>Helen.</strong></span> <span class='ocrx_word' id='word_1_222' title='bbox 524 1690 616 1720; x_wconf 84' lang='lat' dir='ltr'><strong>Acro</strong></span> <span class='ocrx_word' id='word_1_223' title='bbox 649 1687 695 1720; x_wconf 83' lang='lat' dir='ltr'><strong>ad</strong></span> <span class='ocrx_word' id='word_1_224' title='bbox 718 1687 845 1721; x_wconf 78' lang='lat' dir='ltr'><strong>Horat.</strong></span> <span class='ocrx_word' id='word_1_225' title='bbox 872 1688 984 1721; x_wconf 83' lang='lat' dir='ltr'><strong>Carm.</strong></span> <span class='ocrx_word' id='word_1_226' title='bbox 1014 1689 1084 1730; x_wconf 85' lang='grc' dir='ltr'>ΙΙΙ,</span> <span class='ocrx_word' id='word_1_227' title='bbox 1118 1687 1154 1722; x_wconf 84' lang='lat'><strong>4.</strong></span> <span class='ocrx_word' id='word_1_228' title='bbox 1203 1687 1274 1721; x_wconf 90' lang='lat' dir='ltr'><strong>Sed</strong></span> <span class='ocrx_word' id='word_1_229' title='bbox 1297 1687 1441 1732; x_wconf 84' lang='lat' dir='ltr'><strong>vulgata</strong></span> <span class='ocrx_word' id='word_1_230' title='bbox 1460 1696 1514 1722; x_wconf 80' lang='lat' dir='ltr'><strong>est</strong></span> <span class='ocrx_word' id='word_1_231' title='bbox 1530 1689 1568 1723; x_wconf 91' lang='lat' dir='ltr'><strong>in</strong></span> 
     </span>
     <span class='ocr_line' id='line_1_27' title="bbox 7 1733 1567 1782; baseline 0.001 -13"><span class='ocrx_word' id='word_1_232' title='bbox 7 1775 12 1782; x_wconf 38' lang='lat'>⁸</span> <span class='ocrx_word' id='word_1_233' title='bbox 34 1735 232 1769; x_wconf 80' lang='lat' dir='ltr'><strong>comment.</strong></span> <span class='ocrx_word' id='word_1_234' title='bbox 260 1735 387 1780; x_wconf 86' lang='lat' dir='ltr'><strong>Cruqu.</strong></span> <span class='ocrx_word' id='word_1_235' title='bbox 415 1741 450 1767; x_wconf 87' lang='lat' dir='ltr'><strong>et</strong></span> <span class='ocrx_word' id='word_1_236' title='bbox 477 1734 651 1780; x_wconf 81' lang='lat' dir='ltr'><strong>Porphyr.</strong></span> <span class='ocrx_word' id='word_1_237' title='bbox 746 1734 820 1769; x_wconf 83' lang='lat'><strong>464</strong></span> <span class='ocrx_word' id='word_1_238' title='bbox 844 1743 887 1768; x_wconf 73' lang='lat' dir='ltr'><strong>ut</strong></span> <span class='ocrx_word' id='word_1_239' title='bbox 906 1735 996 1779; x_wconf 84' lang='lat' dir='ltr'><strong>Reg.</strong></span> <span class='ocrx_word' id='word_1_240' title='bbox 1015 1733 1171 1769; x_wconf 87' lang='lat' dir='ltr'><strong>Martini.</strong></span> <span class='ocrx_word' id='word_1_241' title='bbox 1222 1733 1454 1768; x_wconf 75' lang='lat' dir='ltr'><strong>succumbere</strong></span> <span class='ocrx_word' id='word_1_242' title='bbox 1478 1747 1567 1770; x_wconf 87' lang='lat' dir='ltr'><strong>unus</strong></span> 
     </span>
     <span class='ocr_line' id='line_1_28' title="bbox 7 1779 799 1825; baseline -0.004 -8"><span class='ocrx_word' id='word_1_243' title='bbox 7 1784 12 1803; x_wconf 79' lang='grc'><strong>-“</strong></span> <span class='ocrx_word' id='word_1_244' title='bbox 34 1781 206 1817; x_wconf 70' lang='lat' dir='ltr'><strong>Arundel.</strong></span> <span class='ocrx_word' id='word_1_245' title='bbox 253 1782 403 1816; x_wconf 73' lang='lat' dir='ltr'><strong>mollius</strong></span> <span class='ocrx_word' id='word_1_246' title='bbox 423 1779 574 1815; x_wconf 83' lang='lat' dir='ltr'><strong>umbrae</strong></span> <span class='ocrx_word' id='word_1_247' title='bbox 594 1781 690 1814; x_wconf 89' lang='lat' dir='ltr'><strong>idem</strong></span> <span class='ocrx_word' id='word_1_248' title='bbox 710 1782 799 1825; x_wconf 83' lang='lat' dir='ltr'><strong>Reg.</strong></span> 
     </span>
     <span class='ocr_line' id='line_1_29' title="bbox 12 1827 1568 1876; baseline -0.001 -12"><span class='ocrx_word' id='word_1_249' title='bbox 12 1830 92 1876; x_wconf 66' lang='grc' dir='ltr'><strong>»(εὲ</strong></span> <span class='ocrx_word' id='word_1_250' title='bbox 140 1829 216 1864; x_wconf 81' lang='lat' dir='ltr'><strong>rior</strong></span> <span class='ocrx_word' id='word_1_251' title='bbox 238 1828 369 1871; x_wconf 79' lang='lat' dir='ltr'><strong>lectio,</strong></span> <span class='ocrx_word' id='word_1_252' title='bbox 404 1828 517 1862; x_wconf 84' lang='lat' dir='ltr'><strong>altera</strong></span> <span class='ocrx_word' id='word_1_253' title='bbox 544 1837 622 1862; x_wconf 75' lang='lat' dir='ltr'><strong>aut.</strong></span> <span class='ocrx_word' id='word_1_254' title='bbox 652 1828 751 1872; x_wconf 76' lang='lat' dir='ltr'><strong>lVr.)</strong></span> <span class='ocrx_word' id='word_1_255' title='bbox 799 1836 1011 1876; x_wconf 73' lang='lat' dir='ltr'><strong>carpentem</strong></span> <span class='ocrx_word' id='word_1_256' title='bbox 1041 1827 1138 1862; x_wconf 85' lang='lat' dir='ltr'><strong>idem</strong></span> <span class='ocrx_word' id='word_1_257' title='bbox 1161 1841 1182 1862; x_wconf 93' lang='lat' dir='ltr'><strong>a</strong></span> <span class='ocrx_word' id='word_1_258' title='bbox 1211 1841 1257 1862; x_wconf 89' lang='lat' dir='ltr'><strong>m.</strong></span> <span class='ocrx_word' id='word_1_259' title='bbox 1285 1840 1356 1862; x_wconf 87' lang='lat' dir='ltr'><strong>sec.</strong></span> <span class='ocrx_word' id='word_1_260' title='bbox 1413 1831 1568 1876; x_wconf 70' lang='lat' dir='ltr'><strong>segnius</strong></span> 
     </span>
     <span class='ocr_line' id='line_1_30' title="bbox 2 1874 1566 1922; baseline -0.001 -10"><span class='ocrx_word' id='word_1_261' title='bbox 2 1877 12 1917; x_wconf 71' lang='grc' dir='ltr'><strong>,ἶ</strong></span> <span class='ocrx_word' id='word_1_262' title='bbox 36 1877 107 1912; x_wconf 67' lang='lat' dir='ltr'><strong>her</strong></span> <span class='ocrx_word' id='word_1_263' title='bbox 128 1889 174 1911; x_wconf 70' lang='lat' dir='ltr'><strong>as</strong></span> <span class='ocrx_word' id='word_1_264' title='bbox 186 1877 379 1911; x_wconf 76' lang='lat' dir='ltr'><strong>Romanus.</strong></span> <span class='ocrx_word' id='word_1_265' title='bbox 413 1875 526 1921; x_wconf 88' lang='lat' dir='ltr'><strong>(quod</strong></span> <span class='ocrx_word' id='word_1_266' title='bbox 544 1875 638 1910; x_wconf 86' lang='lat' dir='ltr'><strong>unde</strong></span> <span class='ocrx_word' id='word_1_267' title='bbox 660 1883 775 1910; x_wconf 86' lang='lat' dir='ltr'><strong>ortum</strong></span> <span class='ocrx_word' id='word_1_268' title='bbox 796 1875 864 1919; x_wconf 88' lang='lat' dir='ltr'><strong>sit,</strong></span> <span class='ocrx_word' id='word_1_269' title='bbox 888 1875 1025 1910; x_wconf 80' lang='lat' dir='ltr'><strong>indicat</strong></span> <span class='ocrx_word' id='word_1_270' title='bbox 1041 1875 1171 1910; x_wconf 81' lang='lat' dir='ltr'><strong>Medic.</strong></span> <span class='ocrx_word' id='word_1_271' title='bbox 1184 1901 1195 1919; x_wconf 94' lang='lat'><strong>,</strong></span> <span class='ocrx_word' id='word_1_272' title='bbox 1219 1874 1280 1922; x_wconf 83' lang='lat' dir='ltr'><strong>qui</strong></span> <span class='ocrx_word' id='word_1_273' title='bbox 1296 1887 1318 1909; x_wconf 79' lang='lat' dir='ltr'><strong>a</strong></span> <span class='ocrx_word' id='word_1_274' title='bbox 1335 1887 1381 1909; x_wconf 84' lang='lat' dir='ltr'><strong>m.</strong></span> <span class='ocrx_word' id='word_1_275' title='bbox 1400 1887 1456 1921; x_wconf 87' lang='lat' dir='ltr'><strong>pr.</strong></span> <span class='ocrx_word' id='word_1_276' title='bbox 1477 1888 1566 1911; x_wconf 80' lang='lat' dir='ltr'><strong>car-</strong></span> 
     </span>
    </p>
   </div>
   <div class='ocr_carea' id='block_1_6' title="bbox 894 1780 1566 1827">
    <p class='ocr_par' dir='ltr' id='par_1_7' title="bbox 894 1780 1566 1827">
     <span class='ocr_line' id='line_1_31' title="bbox 894 1780 1566 1827; baseline 0 -10"><span class='ocrx_word' id='word_1_277' title='bbox 894 1780 965 1817; x_wconf 83' lang='lat'><strong>465</strong></span> <span class='ocrx_word' id='word_1_278' title='bbox 990 1789 1029 1815; x_wconf 77' lang='lat' dir='ltr'><strong>et</strong></span> <span class='ocrx_word' id='word_1_279' title='bbox 1053 1793 1215 1816; x_wconf 73' lang='lat' dir='ltr'><strong>summas</strong></span> <span class='ocrx_word' id='word_1_280' title='bbox 1233 1780 1364 1815; x_wconf 81' lang='lat' dir='ltr'><strong>Medic.</strong></span> <span class='ocrx_word' id='word_1_281' title='bbox 1396 1793 1418 1815; x_wconf 91' lang='lat' dir='ltr'><strong>a</strong></span> <span class='ocrx_word' id='word_1_282' title='bbox 1444 1794 1489 1815; x_wconf 91' lang='lat' dir='ltr'><strong>m.</strong></span> <span class='ocrx_word' id='word_1_283' title='bbox 1509 1794 1566 1827; x_wconf 87' lang='lat' dir='ltr'><strong>pr.</strong></span> 
     </span>
    </p>
   </div>
   <div class='ocr_carea' id='block_1_7' title="bbox 31 1922 471 1973">
    <p class='ocr_par' dir='ltr' id='par_1_8' title="bbox 1 1922 471 1978">
     <span class='ocr_line' id='line_1_32' title="bbox 31 1922 471 1973; baseline -0.002 -15.064"><span class='ocrx_word' id='word_1_284' title='bbox 31 1933 168 1973; x_wconf 67' lang='lat' dir='ltr'><strong>pentec</strong></span> <span class='ocrx_word' id='word_1_285' title='bbox 187 1923 345 1958; x_wconf 80' lang='lat' dir='ltr'><strong>exhibet.</strong></span> <span class='ocrx_word' id='word_1_286' title='bbox 374 1922 471 1968; x_wconf 85' lang='lat' dir='ltr'><strong>Wr.)</strong></span> 
     </span>
    </p>
   </div>
   <div class='ocr_carea' id='block_1_8' title="bbox 0 2040 775 3026">
    <p class='ocr_par' dir='ltr' id='par_1_9' title="bbox 0 2040 775 3026">
     <span class='ocr_line' id='line_1_33' title="bbox 0 2040 775 2094; baseline -0.005 -10"><span class='ocrx_word' id='word_1_287' title='bbox 0 2043 25 2091; x_wconf 55' lang='grc' dir='ltr'><strong>ζ’,</strong></span> <span class='ocrx_word' id='word_1_288' title='bbox 34 2043 154 2084; x_wconf 70' lang='lat' dir='ltr'><strong>ratio.</strong></span> <span class='ocrx_word' id='word_1_289' title='bbox 184 2043 438 2094; x_wconf 75' lang='lat' dir='ltr'><strong>depascitur,</strong></span> <span class='ocrx_word' id='word_1_290' title='bbox 482 2040 668 2094; x_wconf 80' lang='grc' dir='ltr'><strong><em>νέμεται,</em></strong></span> <span class='ocrx_word' id='word_1_291' title='bbox 698 2042 775 2081; x_wconf 89' lang='lat' dir='ltr'><strong>ab-</strong></span> 
     </span>
     <span class='ocr_line' id='line_1_34' title="bbox 31 2100 773 2152; baseline -0.005 -10.16"><span class='ocrx_word' id='word_1_292' title='bbox 0 2101 172 2143; x_wconf 67' lang='lat' dir='ltr'><strong>sumit.</strong></span> <span class='ocrx_word' id='word_1_293' title='bbox 209 2100 392 2140; x_wconf 88' lang='lat' dir='ltr'><strong>Guellius</strong></span> <span class='ocrx_word' id='word_1_294' title='bbox 410 2105 623 2152; x_wconf 88' lang='lat' dir='ltr'><strong>comparat</strong></span> <span class='ocrx_word' id='word_1_295' title='bbox 643 2100 773 2139; x_wconf 91' lang='lat' dir='ltr'><strong>Grae-</strong></span> 
     </span>
     <span class='ocr_line' id='line_1_35' title="bbox 11 2155 772 2212; baseline -0.003 -12"><span class='ocrx_word' id='word_1_296' title='bbox 11 2192 14 2194; x_wconf 82' lang='grc'>-</span> <span class='ocrx_word' id='word_1_297' title='bbox 35 2172 179 2200; x_wconf 75' lang='lat' dir='ltr'><strong>corum</strong></span> <span class='ocrx_word' id='word_1_298' title='bbox 210 2165 426 2212; x_wconf 87' lang='lat' dir='ltr'><strong>poetarum</strong></span> <span class='ocrx_word' id='word_1_299' title='bbox 450 2155 674 2212; x_wconf 83' lang='grc' dir='ltr'><em>γυιοβόρος</em></span> <span class='ocrx_word' id='word_1_300' title='bbox 689 2174 772 2198; x_wconf 83' lang='grc' dir='ltr'><strong>πυ-</strong></span> 
     </span>
     <span class='ocr_line' id='line_1_36' title="bbox 0 2214 767 2273; baseline -0.009 -13"><span class='ocrx_word' id='word_1_301' title='bbox 0 2221 10 2230; x_wconf 81' lang='grc'><strong>“’</strong></span> <span class='ocrx_word' id='word_1_302' title='bbox 36 2214 161 2273; x_wconf 65' lang='lat' dir='ltr'><strong>(istoc.</strong></span> <span class='ocrx_word' id='word_1_303' title='bbox 237 2218 335 2260; x_wconf 83' lang='lat'><strong>459.</strong></span> <span class='ocrx_word' id='word_1_304' title='bbox 385 2218 567 2254; x_wconf 82' lang='lat' dir='ltr'><strong>incensos</strong></span> <span class='ocrx_word' id='word_1_305' title='bbox 603 2224 740 2254; x_wconf 76' lang='lat' dir='ltr'><strong>aestus</strong></span> <span class='ocrx_word' id='word_1_306' title='bbox 755 2246 767 2265; x_wconf 91' lang='lat'><strong>,</strong></span> 
     </span>
     <span class='ocr_line' id='line_1_37' title="bbox 34 2272 770 2329; baseline -0.007 -13"><span class='ocrx_word' id='word_1_307' title='bbox 34 2276 263 2329; x_wconf 81' lang='lat' dir='ltr'><strong>vulgarius,</strong></span> <span class='ocrx_word' id='word_1_308' title='bbox 290 2274 494 2327; x_wconf 72' lang='lat' dir='ltr'><strong>fervidos.</strong></span> <span class='ocrx_word' id='word_1_309' title='bbox 557 2272 656 2315; x_wconf 79' lang='lat'><strong>461.</strong></span> <span class='ocrx_word' id='word_1_310' title='bbox 686 2275 770 2312; x_wconf 72' lang='lat' dir='ltr'><strong>Bi-</strong></span> 
     </span>
     <span class='ocr_line' id='line_1_38' title="bbox 28 2333 770 2384; baseline -0.005 -11"><span class='ocrx_word' id='word_1_311' title='bbox 28 2335 180 2384; x_wconf 32' lang='lat' dir='ltr'><strong>annuae,</strong></span> <span class='ocrx_word' id='word_1_312' title='bbox 210 2333 400 2382; x_wconf 86' lang='lat' dir='ltr'><strong>Thraces,</strong></span> <span class='ocrx_word' id='word_1_313' title='bbox 432 2333 487 2371; x_wconf 85' lang='lat' dir='ltr'><strong>cis</strong></span> <span class='ocrx_word' id='word_1_314' title='bbox 508 2333 770 2384; x_wconf 81' lang='lat' dir='ltr'><strong>Strymonem</strong></span> 
     </span>
     <span class='ocr_line' id='line_1_39' title="bbox 34 2389 770 2440; baseline -0.005 -8"><span class='ocrx_word' id='word_1_315' title='bbox 34 2391 79 2431; x_wconf 84' lang='lat' dir='ltr'><strong>in</strong></span> <span class='ocrx_word' id='word_1_316' title='bbox 107 2391 369 2432; x_wconf 79' lang='lat' dir='ltr'><strong>Macedoniae</strong></span> <span class='ocrx_word' id='word_1_317' title='bbox 399 2391 480 2429; x_wconf 89' lang='lat' dir='ltr'><strong>oris</strong></span> <span class='ocrx_word' id='word_1_318' title='bbox 517 2389 770 2440; x_wconf 79' lang='lat' dir='ltr'><strong>habitantes5</strong></span> 
     </span>
     <span class='ocr_line' id='line_1_40' title="bbox 36 2449 771 2501; baseline -0.007 -10"><span class='ocrx_word' id='word_1_319' title='bbox 36 2450 106 2490; x_wconf 71' lang='lat' dir='ltr'><strong>alii</strong></span> <span class='ocrx_word' id='word_1_320' title='bbox 139 2464 192 2490; x_wconf 80' lang='lat' dir='ltr'><strong>ex</strong></span> <span class='ocrx_word' id='word_1_321' title='bbox 218 2450 267 2490; x_wconf 74' lang='lat' dir='ltr'><strong>iis</strong></span> <span class='ocrx_word' id='word_1_322' title='bbox 288 2450 412 2488; x_wconf 89' lang='lat' dir='ltr'><strong>etiam</strong></span> <span class='ocrx_word' id='word_1_323' title='bbox 438 2449 551 2488; x_wconf 87' lang='lat' dir='ltr'><strong>ultra</strong></span> <span class='ocrx_word' id='word_1_324' title='bbox 579 2449 771 2501; x_wconf 87' lang='lat' dir='ltr'><strong>Strymo-</strong></span> 
     </span>
     <span class='ocr_line' id='line_1_41' title="bbox 35 2507 771 2559; baseline -0.007 -10"><span class='ocrx_word' id='word_1_325' title='bbox 35 2512 145 2549; x_wconf 79' lang='lat' dir='ltr'><strong>nem.</strong></span> <span class='ocrx_word' id='word_1_326' title='bbox 199 2507 402 2548; x_wconf 79' lang='lat' dir='ltr'><strong>Accurate</strong></span> <span class='ocrx_word' id='word_1_327' title='bbox 434 2507 485 2546; x_wconf 89' lang='lat' dir='ltr'><strong>de</strong></span> <span class='ocrx_word' id='word_1_328' title='bbox 511 2507 558 2545; x_wconf 89' lang='lat' dir='ltr'><strong>iis</strong></span> <span class='ocrx_word' id='word_1_329' title='bbox 587 2512 771 2559; x_wconf 84' lang='lat' dir='ltr'><strong>agentem</strong></span> 
     </span>
     <span class='ocr_line' id='line_1_42' title="bbox 35 2564 771 2607; baseline -0.005 0"><span class='ocrx_word' id='word_1_330' title='bbox 35 2566 120 2607; x_wconf 75' lang='lat' dir='ltr'><strong>vid.</strong></span> <span class='ocrx_word' id='word_1_331' title='bbox 139 2567 342 2607; x_wconf 84' lang='lat' dir='ltr'><strong>Gatterer.</strong></span> <span class='ocrx_word' id='word_1_332' title='bbox 369 2566 593 2604; x_wconf 88' lang='lat' dir='ltr'><strong>Comment.</strong></span> <span class='ocrx_word' id='word_1_333' title='bbox 615 2565 665 2603; x_wconf 89' lang='lat' dir='ltr'><strong>de</strong></span> <span class='ocrx_word' id='word_1_334' title='bbox 684 2564 771 2603; x_wconf 83' lang='lat' dir='ltr'><strong>He-</strong></span> 
     </span>
     <span class='ocr_line' id='line_1_43' title="bbox 34 2622 769 2677; baseline -0.004 -13"><span class='ocrx_word' id='word_1_335' title='bbox 34 2624 175 2666; x_wconf 82' lang='lat' dir='ltr'><strong>rodoti</strong></span> <span class='ocrx_word' id='word_1_336' title='bbox 219 2631 262 2664; x_wconf 88' lang='lat' dir='ltr'><strong>et</strong></span> <span class='ocrx_word' id='word_1_337' title='bbox 302 2623 532 2677; x_wconf 79' lang='lat' dir='ltr'><strong>Thucydid.</strong></span> <span class='ocrx_word' id='word_1_338' title='bbox 582 2622 769 2662; x_wconf 82' lang='lat' dir='ltr'><strong>Thracia.</strong></span> 
     </span>
     <span class='ocr_line' id='line_1_44' title="bbox 20 2679 770 2736; baseline -0.004 -14"><span class='ocrx_word' id='word_1_339' title='bbox 20 2683 190 2722; x_wconf 82' lang='lat' dir='ltr'><strong>-Gomm.</strong></span> <span class='ocrx_word' id='word_1_340' title='bbox 219 2683 295 2733; x_wconf 87' lang='lat'><strong>111,</strong></span> <span class='ocrx_word' id='word_1_341' title='bbox 323 2697 362 2736; x_wconf 91' lang='lat' dir='ltr'><strong>p.</strong></span> <span class='ocrx_word' id='word_1_342' title='bbox 385 2686 440 2725; x_wconf 85' lang='lat'><strong>33</strong></span> <span class='ocrx_word' id='word_1_343' title='bbox 458 2695 543 2734; x_wconf 86' lang='lat' dir='ltr'><strong>sqq.</strong></span> <span class='ocrx_word' id='word_1_344' title='bbox 569 2679 629 2734; x_wconf 92' lang='lat' dir='ltr'><strong>(in</strong></span> <span class='ocrx_word' id='word_1_345' title='bbox 647 2682 770 2720; x_wconf 91' lang='lat' dir='ltr'><strong>Com-</strong></span> 
     </span>
     <span class='ocr_line' id='line_1_45' title="bbox 4 2738 767 2794; baseline -0.003 -14"><span class='ocrx_word' id='word_1_346' title='bbox 4 2746 206 2780; x_wconf 56' lang='lat' dir='ltr'><strong>zmentat.</strong></span> <span class='ocrx_word' id='word_1_347' title='bbox 237 2743 327 2780; x_wconf 90' lang='lat' dir='ltr'><strong>Soc.</strong></span> <span class='ocrx_word' id='word_1_348' title='bbox 355 2742 405 2779; x_wconf 82' lang='lat' dir='ltr'><strong>R.</strong></span> <span class='ocrx_word' id='word_1_349' title='bbox 434 2741 547 2779; x_wconf 85' lang='lat' dir='ltr'><strong>Gott.</strong></span> <span class='ocrx_word' id='word_1_350' title='bbox 571 2740 661 2779; x_wconf 89' lang='lat' dir='ltr'><strong>Vol.</strong></span> <span class='ocrx_word' id='word_1_351' title='bbox 683 2738 767 2794; x_wconf 86' lang='lat' dir='ltr'><strong>VL)</strong></span> 
     </span>
     <span class='ocr_line' id='line_1_46' title="bbox 33 2797 768 2850; baseline -0.001 -13"><span class='ocrx_word' id='word_1_352' title='bbox 33 2798 94 2837; x_wconf 87' lang='lat' dir='ltr'><strong>De</strong></span> <span class='ocrx_word' id='word_1_353' title='bbox 115 2799 282 2837; x_wconf 82' lang='lat' dir='ltr'><strong>Gelonis</strong></span> <span class='ocrx_word' id='word_1_354' title='bbox 303 2798 357 2836; x_wconf 87' lang='lat' dir='ltr'><strong>ad</strong></span> <span class='ocrx_word' id='word_1_355' title='bbox 371 2797 667 2850; x_wconf 83' lang='lat' dir='ltr'><strong>Borysthenem</strong></span> <span class='ocrx_word' id='word_1_356' title='bbox 682 2798 768 2838; x_wconf 77' lang='lat' dir='ltr'><strong>vid.</strong></span> 
     </span>
     <span class='ocr_line' id='line_1_47' title="bbox 37 2855 769 2908; baseline -0.003 -13"><span class='ocrx_word' id='word_1_357' title='bbox 37 2856 91 2895; x_wconf 82' lang='lat' dir='ltr'><strong>ad</strong></span> <span class='ocrx_word' id='word_1_358' title='bbox 107 2857 178 2895; x_wconf 88' lang='lat' dir='ltr'><strong>Ge.</strong></span> <span class='ocrx_word' id='word_1_359' title='bbox 196 2855 352 2906; x_wconf 88' lang='lat'><strong>11‚115.</strong></span> <span class='ocrx_word' id='word_1_360' title='bbox 410 2855 509 2898; x_wconf 82' lang='lat'><strong>462.</strong></span> <span class='ocrx_word' id='word_1_361' title='bbox 535 2856 671 2906; x_wconf 82' lang='lat' dir='ltr'><strong>Quum</strong></span> <span class='ocrx_word' id='word_1_362' title='bbox 682 2856 769 2908; x_wconf 83' lang='lat' dir='ltr'><strong>su-</strong></span> 
     </span>
     <span class='ocr_line' id='line_1_48' title="bbox 31 2913 770 2967; baseline 0.003 -16"><span class='ocrx_word' id='word_1_363' title='bbox 31 2916 124 2967; x_wconf 73' lang='lat' dir='ltr'><strong>git,</strong></span> <span class='ocrx_word' id='word_1_364' title='bbox 158 2913 242 2952; x_wconf 85' lang='lat' dir='ltr'><strong>sive</strong></span> <span class='ocrx_word' id='word_1_365' title='bbox 274 2913 464 2965; x_wconf 81' lang='lat' dir='ltr'><strong>expulsus</strong></span> <span class='ocrx_word' id='word_1_366' title='bbox 489 2926 513 2950; x_wconf 90' lang='lat' dir='ltr'><strong>a</strong></span> <span class='ocrx_word' id='word_1_367' title='bbox 529 2914 673 2953; x_wconf 81' lang='lat' dir='ltr'><strong>vicinis</strong></span> <span class='ocrx_word' id='word_1_368' title='bbox 689 2928 770 2966; x_wconf 90' lang='lat' dir='ltr'><strong>po-</strong></span> 
     </span>
     <span class='ocr_line' id='line_1_49' title="bbox 34 2970 768 3026; baseline -0.001 -15"><span class='ocrx_word' id='word_1_369' title='bbox 34 2972 164 3026; x_wconf 87' lang='lat' dir='ltr'><strong>pulis,</strong></span> <span class='ocrx_word' id='word_1_370' title='bbox 204 2984 278 3010; x_wconf 86' lang='lat' dir='ltr'><strong>seu</strong></span> <span class='ocrx_word' id='word_1_371' title='bbox 300 2971 430 3024; x_wconf 81' lang='lat' dir='ltr'><strong>simpl.</strong></span> <span class='ocrx_word' id='word_1_372' title='bbox 459 2970 627 3023; x_wconf 88' lang='lat' dir='ltr'><strong>migrat,</strong></span> <span class='ocrx_word' id='word_1_373' title='bbox 670 2977 711 3010; x_wconf 91' lang='lat' dir='ltr'><strong>et</strong></span> <span class='ocrx_word' id='word_1_374' title='bbox 745 2985 768 3009; x_wconf 88' lang='lat' dir='ltr'><strong>a</strong></span> 
     </span>
    </p>
   </div>
   <div class='ocr_carea' id='block_1_9' title="bbox 102 3039 572 3091">
    <p class='ocr_par' dir='ltr' id='par_1_10' title="bbox 102 3039 572 3091">
     <span class='ocr_line' id='line_1_50' title="bbox 102 3039 572 3091; baseline -0.004 0"><span class='ocrx_word' id='word_1_375' title='bbox 102 3041 315 3091; x_wconf 78' lang='lat' dir='ltr'><strong>Vmen..</strong></span> <span class='ocrx_word' id='word_1_376' title='bbox 353 3040 495 3088; x_wconf 70' lang='lat' dir='ltr'><strong>Tou.</strong></span> <span class='ocrx_word' id='word_1_377' title='bbox 532 3039 572 3089; x_wconf 89' lang='lat'><strong>1.</strong></span> 
     </span>
    </p>
   </div>
   <div class='ocr_carea' id='block_1_10' title="bbox 825 2041 1565 2840">
    <p class='ocr_par' dir='ltr' id='par_1_11' title="bbox 826 2041 1565 2619">
     <span class='ocr_line' id='line_1_51' title="bbox 830 2041 1565 2094; baseline 0.003 -14"><span class='ocrx_word' id='word_1_378' title='bbox 830 2041 1085 2094; x_wconf 84' lang='lat' dir='ltr'><strong>Borysthene</strong></span> <span class='ocrx_word' id='word_1_379' title='bbox 1127 2041 1222 2080; x_wconf 87' lang='lat' dir='ltr'><strong>inde</strong></span> <span class='ocrx_word' id='word_1_380' title='bbox 1258 2054 1331 2094; x_wconf 86' lang='lat' dir='ltr'><strong>per</strong></span> <span class='ocrx_word' id='word_1_381' title='bbox 1370 2042 1565 2082; x_wconf 87' lang='lat' dir='ltr'><strong>Getarum</strong></span> 
     </span>
     <span class='ocr_line' id='line_1_52' title="bbox 832 2099 1563 2150; baseline 0 -12"><span class='ocrx_word' id='word_1_382' title='bbox 832 2100 1011 2150; x_wconf 83' lang='lat' dir='ltr'><strong>deserta,</strong></span> <span class='ocrx_word' id='word_1_383' title='bbox 1051 2099 1108 2138; x_wconf 85' lang='lat' dir='ltr'><strong>cis</strong></span> <span class='ocrx_word' id='word_1_384' title='bbox 1140 2105 1182 2138; x_wconf 88' lang='lat' dir='ltr'><strong>et</strong></span> <span class='ocrx_word' id='word_1_385' title='bbox 1204 2099 1316 2138; x_wconf 84' lang='lat' dir='ltr'><strong>ultra</strong></span> <span class='ocrx_word' id='word_1_386' title='bbox 1332 2099 1429 2139; x_wconf 89' lang='lat' dir='ltr'><strong>Istri</strong></span> <span class='ocrx_word' id='word_1_387' title='bbox 1448 2100 1563 2150; x_wconf 88' lang='lat' dir='ltr'><strong>ostia,</strong></span> 
     </span>
     <span class='ocr_line' id='line_1_53' title="bbox 831 2156 1564 2197; baseline 0.001 -1"><span class='ocrx_word' id='word_1_388' title='bbox 831 2158 1042 2196; x_wconf 85' lang='lat' dir='ltr'><strong>descendit</strong></span> <span class='ocrx_word' id='word_1_389' title='bbox 1086 2157 1131 2195; x_wconf 89' lang='lat' dir='ltr'><strong>in</strong></span> <span class='ocrx_word' id='word_1_390' title='bbox 1178 2156 1392 2196; x_wconf 84' lang='lat' dir='ltr'><strong>Thraciam</strong></span> <span class='ocrx_word' id='word_1_391' title='bbox 1433 2163 1474 2196; x_wconf 88' lang='lat' dir='ltr'><strong>et</strong></span> <span class='ocrx_word' id='word_1_392' title='bbox 1511 2158 1564 2197; x_wconf 85' lang='lat' dir='ltr'><strong>ad</strong></span> 
     </span>
     <span class='ocr_line' id='line_1_54' title="bbox 827 2214 1562 2268; baseline 0.001 -13"><span class='ocrx_word' id='word_1_393' title='bbox 827 2216 1070 2268; x_wconf 85' lang='lat' dir='ltr'><strong>Rhodopen.</strong></span> <span class='ocrx_word' id='word_1_394' title='bbox 1128 2214 1171 2253; x_wconf 91' lang='lat' dir='ltr'><strong>Si</strong></span> <span class='ocrx_word' id='word_1_395' title='bbox 1187 2215 1230 2254; x_wconf 89' lang='lat' dir='ltr'><strong>in</strong></span> <span class='ocrx_word' id='word_1_396' title='bbox 1245 2215 1439 2255; x_wconf 87' lang='lat' dir='ltr'><strong>historico</strong></span> <span class='ocrx_word' id='word_1_397' title='bbox 1465 2229 1562 2256; x_wconf 86' lang='lat' dir='ltr'><strong>ver-</strong></span> 
     </span>
     <span class='ocr_line' id='line_1_55' title="bbox 827 2272 1564 2323; baseline -0.001 -10"><span class='ocrx_word' id='word_1_398' title='bbox 827 2287 1012 2313; x_wconf 87' lang='lat' dir='ltr'><strong>saremur</strong></span> <span class='ocrx_word' id='word_1_399' title='bbox 1029 2303 1042 2323; x_wconf 89' lang='lat'>‚</span> <span class='ocrx_word' id='word_1_400' title='bbox 1093 2272 1234 2312; x_wconf 83' lang='lat' dir='ltr'><strong>liceret</strong></span> <span class='ocrx_word' id='word_1_401' title='bbox 1279 2273 1377 2312; x_wconf 89' lang='lat' dir='ltr'><strong>hinc</strong></span> <span class='ocrx_word' id='word_1_402' title='bbox 1411 2273 1564 2313; x_wconf 88' lang='lat' dir='ltr'><strong>discere</strong></span> 
     </span>
     <span class='ocr_line' id='line_1_56' title="bbox 829 2331 1563 2384; baseline 0 -13"><span class='ocrx_word' id='word_1_403' title='bbox 829 2333 1079 2371; x_wconf 88' lang='lat' dir='ltr'><strong>Gelonorum</strong></span> <span class='ocrx_word' id='word_1_404' title='bbox 1116 2345 1239 2384; x_wconf 85' lang='lat' dir='ltr'><strong>vagos</strong></span> <span class='ocrx_word' id='word_1_405' title='bbox 1277 2331 1389 2371; x_wconf 83' lang='lat' dir='ltr'><strong>ultra</strong></span> <span class='ocrx_word' id='word_1_406' title='bbox 1428 2337 1468 2370; x_wconf 88' lang='lat' dir='ltr'><strong>et</strong></span> <span class='ocrx_word' id='word_1_407' title='bbox 1507 2332 1563 2371; x_wconf 76' lang='lat' dir='ltr'><strong>cis</strong></span> 
     </span>
     <span class='ocr_line' id='line_1_57' title="bbox 828 2387 1561 2442; baseline -0.001 -12"><span class='ocrx_word' id='word_1_408' title='bbox 828 2391 978 2430; x_wconf 71' lang='lat' dir='ltr'><strong>Istrum</strong></span> <span class='ocrx_word' id='word_1_409' title='bbox 1008 2402 1179 2430; x_wconf 85' lang='lat' dir='ltr'><strong>errores.</strong></span> <span class='ocrx_word' id='word_1_410' title='bbox 1219 2387 1317 2442; x_wconf 90' lang='lat' dir='ltr'><strong>(Sed</strong></span> <span class='ocrx_word' id='word_1_411' title='bbox 1343 2389 1428 2430; x_wconf 84' lang='lat' dir='ltr'><strong>vid.</strong></span> <span class='ocrx_word' id='word_1_412' title='bbox 1453 2389 1500 2429; x_wconf 91' lang='lat' dir='ltr'><strong>V.</strong></span> <span class='ocrx_word' id='word_1_413' title='bbox 1518 2390 1561 2429; x_wconf 90' lang='lat' dir='ltr'><strong>L.</strong></span> 
     </span>
     <span class='ocr_line' id='line_1_58' title="bbox 833 2447 1562 2503; baseline -0.001 -15"><span class='ocrx_word' id='word_1_414' title='bbox 833 2451 899 2489; x_wconf 87' lang='lat' dir='ltr'><em>W</em></span> <span class='ocrx_word' id='word_1_415' title='bbox 898 2447 954 2503; x_wconf 88' lang='lat' dir='ltr'><strong>r.)</strong></span> <span class='ocrx_word' id='word_1_416' title='bbox 1010 2447 1071 2487; x_wconf 86' lang='lat' dir='ltr'><strong>De</strong></span> <span class='ocrx_word' id='word_1_417' title='bbox 1091 2448 1209 2487; x_wconf 87' lang='lat' dir='ltr'><strong>lactis</strong></span> <span class='ocrx_word' id='word_1_418' title='bbox 1236 2447 1376 2499; x_wconf 87' lang='lat' dir='ltr'><strong>equini</strong></span> <span class='ocrx_word' id='word_1_419' title='bbox 1396 2461 1476 2487; x_wconf 88' lang='lat' dir='ltr'><strong>usu</strong></span> <span class='ocrx_word' id='word_1_420' title='bbox 1494 2448 1562 2487; x_wconf 86' lang='lat' dir='ltr'><strong>vi-</strong></span> 
     </span>
     <span class='ocr_line' id='line_1_59' title="bbox 830 2505 1562 2560; baseline -0.001 -14"><span class='ocrx_word' id='word_1_421' title='bbox 830 2507 926 2546; x_wconf 89' lang='lat' dir='ltr'><strong>dere</strong></span> <span class='ocrx_word' id='word_1_422' title='bbox 943 2512 1062 2560; x_wconf 79' lang='lat' dir='ltr'><strong>potes</strong></span> <span class='ocrx_word' id='word_1_423' title='bbox 1081 2505 1172 2545; x_wconf 91' lang='lat' dir='ltr'><strong>loca</strong></span> <span class='ocrx_word' id='word_1_424' title='bbox 1195 2505 1307 2559; x_wconf 85' lang='lat' dir='ltr'><strong>apud</strong></span> <span class='ocrx_word' id='word_1_425' title='bbox 1330 2505 1503 2546; x_wconf 87' lang='lat' dir='ltr'><strong>Cerdam</strong></span> <span class='ocrx_word' id='word_1_426' title='bbox 1520 2512 1562 2545; x_wconf 90' lang='lat' dir='ltr'><strong>et</strong></span> 
     </span>
     <span class='ocr_line' id='line_1_60' title="bbox 826 2564 1111 2619; baseline -0.007 -15"><span class='ocrx_word' id='word_1_427' title='bbox 826 2565 978 2619; x_wconf 79' lang='lat' dir='ltr'><strong>passim</strong></span> <span class='ocrx_word' id='word_1_428' title='bbox 999 2564 1111 2603; x_wconf 84' lang='lat' dir='ltr'><strong>alios.</strong></span> 
     </span>
    </p>

    <p class='ocr_par' dir='ltr' id='par_1_12' title="bbox 825 2620 1561 2840">
     <span class='ocr_line' id='line_1_61' title="bbox 884 2620 1560 2674; baseline -0.009 -9"><span class='ocrx_word' id='word_1_429' title='bbox 884 2621 1147 2665; x_wconf 81' lang='lat'><strong>464—469.</strong></span> <span class='ocrx_word' id='word_1_430' title='bbox 1176 2621 1235 2660; x_wconf 88' lang='lat' dir='ltr'><strong>De</strong></span> <span class='ocrx_word' id='word_1_431' title='bbox 1256 2622 1324 2661; x_wconf 91' lang='lat' dir='ltr'><strong>lue</strong></span> <span class='ocrx_word' id='word_1_432' title='bbox 1346 2620 1560 2674; x_wconf 84' lang='lat' dir='ltr'><strong>pecudum.</strong></span> 
     </span>
     <span class='ocr_line' id='line_1_62' title="bbox 827 2680 1561 2734; baseline -0.005 -14"><span class='ocrx_word' id='word_1_433' title='bbox 827 2681 947 2734; x_wconf 88' lang='lat' dir='ltr'><strong>Signa</strong></span> <span class='ocrx_word' id='word_1_434' title='bbox 963 2680 1120 2734; x_wconf 86' lang='lat' dir='ltr'><strong>pecoris</strong></span> <span class='ocrx_word' id='word_1_435' title='bbox 1135 2680 1237 2719; x_wconf 81' lang='lat' dir='ltr'><strong>febri</strong></span> <span class='ocrx_word' id='word_1_436' title='bbox 1252 2680 1453 2733; x_wconf 86' lang='lat' dir='ltr'><strong>pestilenti</strong></span> <span class='ocrx_word' id='word_1_437' title='bbox 1466 2685 1561 2716; x_wconf 85' lang='lat' dir='ltr'><strong>ten—</strong></span> 
     </span>
     <span class='ocr_line' id='line_1_63' title="bbox 825 2737 1555 2789; baseline -0.007 -11"><span class='ocrx_word' id='word_1_438' title='bbox 825 2740 905 2778; x_wconf 86' lang='lat' dir='ltr'><strong>tati</strong></span> <span class='ocrx_word' id='word_1_439' title='bbox 940 2745 1170 2778; x_wconf 82' lang='lat' dir='ltr'><strong>enumerat:</strong></span> <span class='ocrx_word' id='word_1_440' title='bbox 1223 2738 1359 2789; x_wconf 83' lang='lat' dir='ltr'><strong>Quam</strong></span> <span class='ocrx_word' id='word_1_441' title='bbox 1394 2737 1555 2775; x_wconf 59' lang='lat' dir='ltr'><strong>videras.</strong></span> 
     </span>
     <span class='ocr_line' id='line_1_64' title="bbox 826 2795 1560 2840; baseline -0.011 -1"><span class='ocrx_word' id='word_1_442' title='bbox 826 2796 925 2840; x_wconf 81' lang='lat'><strong>464.</strong></span> <span class='ocrx_word' id='word_1_443' title='bbox 954 2798 1071 2836; x_wconf 76' lang='lat' dir='ltr'><strong>molli</strong></span> <span class='ocrx_word' id='word_1_444' title='bbox 1093 2795 1272 2835; x_wconf 83' lang='lat' dir='ltr'><strong>umbrae.</strong></span> <span class='ocrx_word' id='word_1_445' title='bbox 1334 2795 1484 2833; x_wconf 87' lang='lat' dir='ltr'><strong>Umbra</strong></span> <span class='ocrx_word' id='word_1_446' title='bbox 1501 2799 1560 2832; x_wconf 92' lang='lat' dir='ltr'><strong>est</strong></span> 
     </span>
    </p>
   </div>
   <div class='ocr_carea' id='block_1_11' title="bbox 824 2850 1559 2963">
    <p class='ocr_par' dir='ltr' id='par_1_13' title="bbox 824 2850 1559 2963">
     <span class='ocr_line' id='line_1_65' title="bbox 824 2850 1558 2908; baseline -0.007 -14"><span class='ocrx_word' id='word_1_447' title='bbox 824 2861 942 2908; x_wconf 88' lang='lat' dir='ltr'><strong>grata</strong></span> <span class='ocrx_word' id='word_1_448' title='bbox 961 2885 973 2905; x_wconf 91' lang='lat'><strong>,</strong></span> <span class='ocrx_word' id='word_1_449' title='bbox 1019 2854 1227 2903; x_wconf 83' lang='lat' dir='ltr'><strong>iucunda3</strong></span> <span class='ocrx_word' id='word_1_450' title='bbox 1273 2859 1316 2891; x_wconf 86' lang='lat' dir='ltr'><strong>at</strong></span> <span class='ocrx_word' id='word_1_451' title='bbox 1354 2850 1558 2904; x_wconf 89' lang='lat' dir='ltr'><strong>quomodo</strong></span> 
     </span>
     <span class='ocr_line' id='line_1_66' title="bbox 826 2910 1559 2963; baseline -0.008 -11"><span class='ocrx_word' id='word_1_452' title='bbox 826 2913 996 2952; x_wconf 78' lang='lat' dir='ltr'><strong>mollis?</strong></span> <span class='ocrx_word' id='word_1_453' title='bbox 1034 2927 1087 2953; x_wconf 89' lang='lat' dir='ltr'><strong>an</strong></span> <span class='ocrx_word' id='word_1_454' title='bbox 1120 2912 1163 2951; x_wconf 86' lang='lat' dir='ltr'><strong>in</strong></span> <span class='ocrx_word' id='word_1_455' title='bbox 1188 2924 1268 2963; x_wconf 88' lang='lat' dir='ltr'><strong>qua</strong></span> <span class='ocrx_word' id='word_1_456' title='bbox 1288 2910 1466 2948; x_wconf 88' lang='lat' dir='ltr'><strong>molliter</strong></span> <span class='ocrx_word' id='word_1_457' title='bbox 1489 2921 1559 2947; x_wconf 87' lang='lat' dir='ltr'><strong>re-</strong></span> 
     </span>
    </p>
   </div>
   <div class='ocr_carea' id='block_1_12' title="bbox 826 2967 1557 3083">
    <p class='ocr_par' dir='ltr' id='par_1_14' title="bbox 826 2967 1557 3083">
     <span class='ocr_line' id='line_1_67' title="bbox 826 2967 1557 3023; baseline -0.004 -13"><span class='ocrx_word' id='word_1_458' title='bbox 826 2971 994 3010; x_wconf 82' lang='lat' dir='ltr'><strong>cumbas</strong></span> <span class='ocrx_word' id='word_1_459' title='bbox 1011 2971 1033 3010; x_wconf 70' lang='lat'>?</span> <span class='ocrx_word' id='word_1_460' title='bbox 1081 2971 1199 3023; x_wconf 86' lang='lat' dir='ltr'><strong>longe</strong></span> <span class='ocrx_word' id='word_1_461' title='bbox 1234 2967 1409 3020; x_wconf 88' lang='lat' dir='ltr'><strong>petitum</strong></span> <span class='ocrx_word' id='word_1_462' title='bbox 1442 2972 1557 3007; x_wconf 76' lang='lat' dir='ltr'><strong>esset.</strong></span> 
     </span>
     <span class='ocr_line' id='line_1_68' title="bbox 1207 3037 1276 3083; baseline 0 0"><span class='ocrx_word' id='word_1_463' title='bbox 1207 3037 1276 3083; x_wconf 74' lang='lat'><strong>37</strong></span> 
     </span>
    </p>
   </div>
  </div>
 </body>
</html>
