1768 3320
212 196 299 232 cvl
483 173 756 226 DONATI
791 170 960 221 VITA
988 170 1042 218 P.
1079 165 1262 216 VIRG.
1300 160 1465 211 MAR.

211 311 338 350 cecini
362 307 434 346 sub
463 307 637 358 tegmine
655 303 785 356 sagi:
827 301 871 339 in
891 299 1015 337 altera
1037 293 1216 335 ostendit
1243 293 1383 332 finem:
1414 290 1562 343 quippe
1578 289 1650 342 qui
1669 289 1735 328 di-

214 375 298 419 cat,
339 368 575 405 Extremum
606 361 810 402 Arethusa
839 357 941 396 mila·
965 353 1132 394 concede
1159 350 1350 390 laborem.
1413 348 1586 398 Verum,
1625 348 1734 387 inter

212 429 318 480 ipsas
337 425 522 475 Eclogas‚
570 420 812 474 pastoralem
847 414 1197 465 conscriptumque
1232 408 1416 448 ordinem
1455 407 1616 446 nullum
1652 419 1734 445 esse

215 483 480 524 certissimum
506 485 577 518 est.
637 477 716 516 Sed.
744 480 838 514 sunt
866 473 935 525 qui
965 471 1122 519 dicant,
1159 467 1320 507 initium
1346 465 1523 505 Bucolici
1543 464 1733 504 carminis

215 557 298 582 non
323 543 452 581 Tiwre
478 551 580 587 esse,
610 535 680 574 sed
698 536 839 573 Prima
858 531 1064 583 *Syracosio
1083 528 1258 579 dignata
1279 533 1336 564 est
1357 524 1492 563 ludere
1513 538 1642 564 versu.

331 582 462 638 XXV.
502 598 693 648 Superest
726 590 984 643 explanatio.-
1028 585 1080 624 ad
1114 599 1236 637 quam
1265 589 1482 635 antequam
1509 582 1732 633 veniamus,

215 658 318 698 illud
345 655 538 703 dixerim,
577 659 697 692 tenue
730 663 810 688 esse
839 646 1072 687 Bucolicum
1101 655 1284 693 carmen,
1323 647 1363 680 et
1390 654 1519 693 usque
1546 641 1648 680 adeo
1681 641 1732 681 ab

215 716 378 759 heroico
406 713 636 752 charactere
663 709 832 756 distare,
872 711 920 744 ut
941 717 1081 743 versus
1102 714 1263 754 quoque
1283 700 1406 740 huius
1431 698 1621 739 carminis
1640 713 1732 738 suas

138 782 206 817 104
217 773 410 827 quasdam
444 784 624 811 caesuras
650 768 846 814 habeant,
895 769 935 801 et
963 763 1043 801 suis
1073 761 1226 814 legibus
1254 759 1571 812 distinguantur.
1629 758 1732 798 Nam

219 846 310 871 cum
330 831 458 870 tribus
477 828 672 882 probetur
691 831 885 864 metrum:
925 833 1107 869 caesura,
1147 818 1377 868 scansione,
1408 817 1731 868 modificatione3

216 904 299 930 non
330 890 407 928 erit
431 886 640 927 Bucolicus
668 896 827 931 versus,
859 880 935 918 nisi
958 879 1000 917 in
1021 892 1100 930 quo
1122 883 1163 916 et
1183 890 1254 929 pes
1271 877 1429 930 primus
1448 882 1608 929 partem
1635 889 1740 914 ora-¹

217 948 337 988 tionis
363 944 597 986 absolverit:
636 949 676 981 et
701 941 845 980 tertius
876 937 1090 977 trochaeus
1106 936 1233 975 suerit
1253 941 1307 974 et·>
1327 949 1514 985 caesura,
1546 940 1588 972 et
1606 947 1732 986 quar-

215 1013 281 1045 tus
298 1019 367 1059 pes
386 1004 566 1056 dactylus
584 1001 706 1053 magis
725 1012 845 1051 quam
865 995 1067 1049 spondeus
1089 1000 1248 1048 partem
1267 994 1462 1033 orationis
1478 993 1731 1032 terminave-

216 1065 293 1113 rit,
325 1064 487 1115 quintus
504 1067 544 1099 et
561 1066 698 1098 sextus
715 1071 784 1111 pes
803 1070 854 1095 ex
873 1054 1038 1106 integris
1065 1052 1312 1092 dictionibus
1329 1052 1473 1093 fuerit:
1503 1051 1617 1104 quod
1634 1051 1731 1091 Vir-

216 1122 351 1174 gilius,
383 1136 405 1159 a
426 1119 638 1159 Theocrito
661 1129 775 1169 saepe
802 1120 1028 1162 servatum,
1059 1112 1192 1151 victus
1214 1113 1346 1164 operis
1365 1111 1624 1161 difficultate,
1653 1124 1730 1149 ne-

139 1183 204 1219 105
216 1180 351 1233 glexit.
408 1180 454 1217 In
477 1178 559 1216 solo
578 1175 796 1229 principio,
825 1173 1025 1212 incertum
1044 1169 1247 1210 industria
1268 1184 1317 1209 an
1349 1184 1464 1220 casu,
1494 1168 1568 1208 has
1589 1182 1730 1210 caesu-

215 1253 281 1278 ras
312 1237 498 1276 servavit.
555 1235 675 1285 Nam,
721 1235 873 1284 Tityre,
917 1230 1101 1282 dactylus
1130 1234 1288 1282 partem
1322 1229 1517 1268 orationis
1544 1228 1730 1279 absolvit,

216 1305 259 1334 ta
272 1304 395 1347 patu,
424 1296 488 1333 lae
518 1308 633 1342 recu,
678 1291 842 1330 tertium
863 1289 1093 1341 dactylum,
1136 1288 1321 1339 quamvis
1350 1287 1400 1326 de
1422 1287 1643 1340 composita
1662 1286 1730 1325 di-

215 1354 345 1392 ctione
364 1352 576 1391 conclusit:
615 1351 713 1389 bans
740 1348 811 1387 sul)
833 1354 1024 1399 quartum
1051 1346 1278 1400 spondeum
1298 1360 1374 1399 pro
1393 1345 1568 1398 dactylo.
1629 1346 1730 1385 Cum

214 1412 444 1460 subiunxit,
485 1411 656 1461 tegmine
672 1409 800 1460 jugi,
840 1404 1066 1445 terminatis
1097 1404 1285 1458 partibus
1308 1404 1503 1444 orationis
1527 1404 1730 1456 integrum

215 1484 366 1508 comma
392 1468 578 1522 perfecit:
617 1467 728 1506 cuius
760 1465 819 1503 rei
846 1464 1092 1517 diligentiam
1118 1463 1214 1502 licet
1243 1462 1288 1501 in
1319 1462 1525 1504 Theocriti
1544 1462 1730 1502 omnibus

136 1533 203 1567 106
214 1530 334 1567 ferme
357 1527 538 1566 versibus
567 1524 769 1564 admirari.
828 1523 912 1572 Qui
937 1537 1036 1562 vero
1070 1536 1194 1576 supra
1225 1520 1334 1560 dicta
1360 1522 1442 1560 acri
1460 1521 1611 1562 iudicio
1634 1521 1729 1559 dili-

212 1592 428 1639 genterque
447 1583 729 1633 considerarit,
758 1582 871 1621 facile
892 1581 1104 1633 intelliget,
1137 1593 1240 1632 quae
1260 1580 1302 1619 in
1322 1580 1523 1632 Georgicis
1542 1579 1729 1630 intentio,

214 1645 359 1696 quique
384 1643 475 1681 finis
490 1643 634 1690 fuerit,
665 1654 739 1679 nec
754 1640 885 1679 minus
908 1641 1028 1679 etiam
1047 1642 1090 1680 in
1109 1638 1298 1678 Aeneide.
1630 1640 1638 1642 ⁴

329 1701 525 1741 Poematis
545 1700 625 1738 stili
640 1713 789 1751 genera
811 1699 887 1737 tria
904 1705 1012 1738 sunt.
1070 1698 1151 1737 Aut
1175 1698 1282 1736 enim
1305 1700 1487 1737 activum
1505 1696 1572 1734 vel
1588 1697 1729 1734 imita-

214 1762 359 1809 tivum,
390 1758 500 1810 quod
518 1759 657 1797 Graeci
677 1754 921 1810 δραματικὸν
941 1757 1155 1810 appellant,
1184 1757 1228 1796 in
1245 1770 1325 1809 quo
1344 1768 1540 1809 personae
1555 1754 1729 1806 loquen-

213 1823 273 1855 tes
299 1817 617 1856 introducuntur
644 1816 726 1854 sine
757 1822 896 1867 poetae
925 1815 1258 1855 interlocutione:
1297 1821 1348 1856 ut
1374 1819 1470 1854 sunt
1485 1812 1728 1865 tragoediae,

214 1881 256 1914 et
275 1875 521 1924 comoediae3
557 1876 659 1930 δρᾷν
677 1873 781 1911 enim
801 1874 947 1913 Graece
977 1887 1090 1926 agere
1111 1874 1280 1912 dieitur:
1311 1887 1392 1925 quo
1414 1885 1558 1926 genere
1577 1871 1729 1924 scripta

214 1939 274 1972 est
301 1933 447 1985 prima,
492 1935 639 1984 Tityre,
678 1938 740 1981 et,
787 1933 874 1983 Quo
906 1941 941 1970 te
977 1935 1114 1972 Moeri
1134 1932 1270 1984 pedes.
1329 1930 1413 1970 Aut
1441 1932 1727 1980 enarrativum,

214 1991 324 2042 quod
356 1991 495 2029 Graeci
523 1987 811 2044 διηγηματικὸν
840 1990 1060 2043 appellant:
1097 1992 1139 2029 in
1172 2005 1252 2042 quo
1282 1996 1405 2042 poeta
1431 1990 1517 2042 ipse
1545 1987 1728 2040 loquitur

214 2048 297 2087 sine
323 2049 621 2101 interpositione
652 2062 842 2101 personae
859 2079 869 2098 ,
904 2055 952 2087 ut
980 2056 1063 2088 tres
1085 2049 1205 2102 primi
1235 2049 1459 2101 Georgicon
1477 2047 1595 2097 libri,
1630 2046 1728 2085 item

213 2107 388 2146 Lucretii
424 2107 610 2145 carmina.
678 2106 762 2145 Aut
793 2121 998 2146 commune
1018 2139 1028 2157 ,
1074 2108 1140 2147 vel
1176 2109 1350 2146 mixtum
1374 2137 1384 2157 ,
1429 2106 1542 2158 quod
1581 2105 1727 2145 Graeci

215 2162 355 2216 μικτόν
389 2165 607 2217 appellant,
645 2165 718 2203 ubi
746 2171 785 2202 et
811 2172 929 2217 poeta
950 2166 1034 2219 ipse
1057 2166 1260 2218 loquitur,
1292 2171 1333 2204 et
1349 2165 1612 2205 introductae
1629 2176 1727 2217 per-

213 2235 332 2260 sonae
351 2237 359 2260 :
389 2228 437 2260 ut
452 2228 511 2261 est
526 2223 675 2275 Virgilii
694 2222 846 2262 Aeneis.

137 602 204 638 103

137 1695 202 1730 107

1040 2329 1069 2372 ᾗ.
1091 2328 1169 2363 107.
1195 2313 1383 2361 Poematis
1400 2326 1480 2360 stili
1492 2337 1634 2373 genera
1651 2324 1727 2358 tria

258 2326 288 2369 ᾗ.
309 2323 386 2359 104.
411 2337 483 2358 non
494 2326 564 2358 eric
580 2325 773 2359 Rue-olicus
792 2338 933 2367 versus,

281 2372 286 2378 ’
992 2383 1091 2408 sunt.
1147 2377 1199 2408 Ex
1235 2373 1473 2409 Grammatico
1513 2373 1652 2409 Graeco
1689 2371 1727 2404 in

212 2371 294 2404 nist.
328 2371 551 2405 Grammatici
570 2372 759 2405 subtilitas!
783 2373 866 2405 Cum
889 2373 933 2406 de

212 2430 355 2451 caesura
380 2425 485 2462 agunt
512 2419 755 2462 Grammatici,
795 2432 933 2453 versum

211 2464 407 2498 bucolicum
443 2466 644 2510 appellant,
683 2466 720 2498 in
749 2478 817 2510 quo
852 2474 934 2510 post

211 2511 339 2554 pedem
367 2518 544 2556 quartum,
581 2525 724 2569 eumque
746 2513 933 2557 dactylum,

212 2557 305 2590 nulla
326 2570 467 2592 caesura
487 2558 626 2592 incidit:
654 2557 729 2594 αδύ
750 2572 786 2593 τι
804 2557 847 2594 τὸ
870 2566 932 2602 ψι-

209 2601 380 2649 θύρισμα
410 2603 473 2639 καὶ
513 2602 537 2639 οἱ
567 2606 675 2646 πίτυς
717 2606 807 2651 [Dic
837 2608 934 2649 mihi,

211 2654 400 2694 Damoeta,
422 2653 540 2685 cuium
555 2653 704 2699 pecus?]
733 2654 836 2694 Quod
855 2667 933 2686 me·-

210 2705 299 2731 trum
331 2698 464 2732 Graeca
505 2700 686 2733 Theocriti
718 2701 932 2745 saepissime,

210 2743 335 2779 Latina
351 2744 507 2779 Maronis
530 2758 609 2779 raro
633 2747 828 2780 admittunt.

991 2422 1109 2476 fronte
1122 2421 1329 2477 Theocriti:
1353 2418 1535 2466 περὶτῶν
1554 2418 1625 2465 τῆς
1641 2429 1725 2453 ποι-

991 2478 1111 2513 ησεως
1128 2480 1386 2515 χαρακτηρων.

1039 2570 1080 2595 ut
1095 2570 1173 2596 tres
1190 2565 1301 2610 primi
1310 2565 1408 2597 Geor
1434 2562 1517 2596 icon
1536 2557 1632 2594 libri.
1657 2560 1726 2593 Cur

990 2620 1060 2642 non
1090 2615 1126 2642 et
1155 2609 1326 2655 quartus?
1376 2623 1392 2644 s
1431 2616 1503 2642 tem
1532 2619 1642 2653 usque
1679 2607 1725 2641 ad

992 2667 1067 2736 caan
1091 2664 1226 2710 partem
1241 2685 1250 2702 ‚
1276 2671 1342 2704 qua
1360 2659 1510 2691 Proteus
1531 2654 1725 2689 vaticinans

991 2715 1027 2735 1n
1055 2711 1175 2738 ucltur.
