1768 3320
487 285 492 287 ‘
518 224 663 277 PER
693 223 930 274 ANNOS
967 225 1274 276 DIGESTA
1505 246 1665 282 cxxx1

130 363 344 407 quaquam
354 361 574 405 poetaram
592 353 887 407 elegantissimi
900 355 1062 392 nomine
1083 362 1206 407 atque
1225 355 1376 395 iudicio
1394 356 1526 410 digna
1547 370 1665 401 sunt:-

129 413 289 464 itaquo,
326 426 453 464 quum
465 442 477 463 ,
510 411 645 451 morbo
665 426 877 464 oppressus
888 442 900 462 ‚
943 412 1164 453 adventare
1188 422 1357 452 mortem
1384 416 1557 468 videret,
1584 434 1666 471 pe-

128 469 220 509 tivit
238 471 448 523 oravitque
467 484 498 526 a
515 472 606 509 mis
617 471 880 510 amne-issimis
895 472 1093 522 impenso,
1129 479 1174 509 ut
1191 471 1392 523 Aeneida,
1422 487 1549 526 quam
1562 490 1666 515 non-

127 527 228 566 dum
245 529 348 566 satis
361 528 610 568 ebinmvieset
623 558 635 579 ,
668 527 881 568 abolerent.
925 528 1113 568 Maerobf
1125 529 1210 569 Sat.
1228 528 1258 579 I,
1276 528 1333 572 24
1358 533 1432 583 qui
1448 534 1555 571 enim
1575 548 1667 573 mo-

127 587 234 624 riens
252 599 408 638 poema
440 600 568 625 mum·
591 588 750 640 legavit
775 588 893 639 igni,
946 587 1050 641 quid
1079 589 1163 626 nisi
1187 587 1343 640 famae
1370 603 1472 628 suae
1498 592 1667 632 vulnera

120 645 354 696 posteritati
367 643 642 684 subtrahenda
661 645 851 684 curavit?
886 659 960 684 nee
979 647 1176 684 immerito
1183 669 1199 684 .·
1252 646 1385 686 Multa
1401 646 1445 686 in
1474 660 1562 688 eam
1579 663 1668 690 rem

126 701 342 742 variorum
366 702 668 756 Epigrammata
702 702 786 743 vid.
825 702 870 742 in
901 703 1126 743 catalecta-1
1147 705 1335 758 Scaliger-i
1368 710 1408 744 et
1442 705 1667 748 Burmanni

127 758 385 814 Anthologia.
442 760 561 801 Adde
581 762 729 801 Donat.
753 759 806 815 §.v
824 762 893 805 57.
910 762 980 805 58.
1038 762 1111 801 Est
1133 762 1250 802 etiam
1278 763 1500 815 disputatio
1521 764 1599 806 hac
1616 766 1668 806 de

126 831 180 858 re*
200 817 386 858 hominis
404 819 502 859 Itali2
527 817 721 874 (Spemne
751 820 920 872 Sperom'
957 820 1089 872 Opere
1118 820 1233 861 Tom.
1267 821 1337 876 IV)
1350 851 1360 870 ,
1399 823 1595 875 verbosa,
1626 831 1669 865 et

125 877 244 916 vanis
263 877 432 931 argutiis
448 878 718 931 inanibusque
744 878 1062 930 quaestiunculis
1074 879 1215 932 plena,
1255 887 1305 919 ut
1325 881 1448 919 lectio
1466 882 1538 921 vix
1560 883 1668 922 tole-

126 935 212 975 rar-i
232 936 385 988 possit,
415 949 500 976 non
517 937 643 990 magis
669 950 790 989 quam
815 936 1070 989 reliquorum
1097 937 1182 976 eius
1203 950 1326 991 super
1346 938 1511 992 Virgilio
1528 940 1667 981 Dialo-

129 1007 288 1046 gorum.
348 994 498 1035 Gravis
531 995 628 1035 satis
663 1001 722 1034 est
752 995 820 1035 vel
850 1008 937 1034 una
962 995 1081 1034 Plinii
1109 996 1348 1046 auctoritas,
1398 1011 1479 1049 qua
1511 1006 1669 1039 constet

128 1050 341 1104 Virgilium
358 1053 604 1106 poenituisse
623 1052 813 1093 Aeneidis
837 1059 1050 1106 tamquam
1075 1053 1300 1107 imperfecti
1321 1055 1466 1107 operis,
1522 1056 1669 1098 Maluit

125 1111 263 1150 flamen
283 1111 351 1150 vir
373 1111 520 1151 doctus
551 1113 595 1152 L.
616 1111 663 1152 Aa,
683 1112 973 1163 Bartenstein,
1003 1109 1113 1152 Prof.
1140 1112 1270 1153 Math.
1298 1120 1339 1153 et
1363 1114 1473 1154 Poes.
1494 1116 1667 1170 Coburg.

128 1168 178 1208 in·
190 1168 347 1209 Prolus.
368 1183 402 1209 a.
425 1169 542 1213 1774
557 1171 708 1224 scripta
727 1183 804 1209 nec
818 1176 922 1209 teste
945 1183 1020 1210 nec
1039 1177 1290 1223 argumento,
1309 1171 1381 1211 sed
1399 1184 1512 1212 mera
1533 1176 1667 1229 suspi-

128 1227 251 1266 cione
267 1228 537 1280 contendere,
574 1229 826 1282 poenitentia
847 1228 1026 1268 laudum
1043 1230 1091 1268 in'
1105 1227 1333 1282 Augustum
1353 1232 1666 1285 cumulatorum,

127 1291 169 1324 et
202 1285 493 1338 inductorum,
533 1287 727 1327 adversus
751 1287 1047 1339 Epicureorum
1083 1288 1356 1341 disciplinam,
1398 1288 1589 1342 deorum,
1619 1306 1666 1331 eo

129 1343 361 1384 adductum-
384 1358 468 1384 esse
498 1352 684 1399 poetam,
714 1351 764 1385 ut
788 1351 1033 1385 testamento
1058 1359 1132 1386 suo
1166 1359 1326 1393 carmen
1355 1347 1557 1389 abolitum
1582 1363 1667 1390 esse

124 1402 260 1442 vellet.

241 1461 431 1500 Ceterum
452 1460 619 1514 Virgilio
637 1475 735 1502 mox
756 1463 944 1499 comitem
960 1461 1022 1499 ad
1045 1462 1208 1514 Ehtsioe
1229 1476 1397 1515 campoa
1423 1478 1530 1503 mora
1555 1469 1667 1506 mis-it

126 1518 333 1559 Tibullum
367 1519 576 1559 iuvenem&
617 1520 703 1559 vid.
742 1519 907 1558 Domitii
944 1518 1068 1558 Marsi
1100 1520 1399 1573 Epigrammata
1434 1523 1487 1561 ad
1515 1524 1666 1564 calcem

129 1577 292 1617 Tibulli.
353 1577 525 1617 Ovidius
541 1584 633 1617 tum
660 1591 812 1617 annum
831 1577 952 1617 XXV
977 1577 1142 1630 agebat,
1181 1580 1320 1631 itaque
1337 1580 1548 1632 Virgilium
1567 1591 1665 1621 tan·-

128 1644 216 1674 tum
243 1650 286 1674 se
317 1635 466 1674 vidisoe
498 1641 672 1676 testatur
701 1636 823 1675 Trist.
853 1636 939 1686 IV,
963 1639 1037 1687 10,
1069 1636 1138 1680 51.
1197 1636 1396 1677 Horatius
1415 1652 1569 1679 annum
1597 1641 1663 1680 in-

124 1707 281 1746 gressus
297 1700 387 1733 erat
403 1693 559 1734 XLVKI.

240 1751 459 1792 Aeneidem
477 1765 577 1792 cuma
586 1753 683 1793 vivo
709 1750 875 1804 Virgilio
901 1751 1045 1790 multis
1068 1750 1281 1792 hominum
1302 1753 1511 1794 desideriis
1538 1769 1665 1809 expe-

125 1816 290 1861 ctatam,
321 1817 363 1850 et
384 1811 433 1850 ab
447 1810 631 1864 Augusto
649 1810 798 1850 litteris
815 1810 1039 1863 flagitatam
1059 1807 1160 1864 (vid.
1181 1811 1327 1852 Donat.
1339 1811 1433 1852 Vita
1444 1812 1551 1866 Virg.
1565 1829 1595 1854 s.
1607 1815 1664 1859 46

125 1874 166 1908 et
180 1869 236 1908 ibi
257 1869 351 1909 Not.
371 1882 393 1907 e
413 1869 591 1909 Macrob.
614 1869 644 1920 Ι,
665 1867 740 1923 24)
754 1899 764 1919 ,
795 1875 889 1908 tum
909 1881 957 1908 eo
976 1875 1142 1908 mortuo
1162 1883 1310 1923 magno
1327 1871 1466 1910 favore
1486 1878 1524 1911 et
1542 1886 1663 1925 prae—

126 1927 329 1967 dicatione
348 1934 561 1981 acceptam*
581 1928 727 1978 fuisse,
767 1940 819 1965 ex
838 1927 969 1979 poetis
998 1927 1083 1967 eius
1111 1929 1306 1981 temporis
1325 1929 1499 1982 colligas.
1558 1931 1664 1971 Ovi-

126 1985 218 2025 dius
239 1986 354 2025 Rem,
367 1988 464 2030 395.
485 1987 578 2029 396
594 1988 771 2025 Tantam
790 1999 831 2023 se
850 1985 964 2024 nobis
986 1986 1114 2038 Elegi
1131 1986 1270 2026 debere
1285 1987 1489 2039 fatentur,
1516 1989 1662 2040 Quan-

124 2052 212 2083 tum
240 2046 420 2096 Virgilio
450 2044 582 2083 nobile
607 2043 731 2083 debet
749 2058 846 2095 epos
856 2042 908 2098 *).
973 2044 1053 2082 Sed
1078 2043 1187 2083 idem
1209 2044 1400 2084 Aeneidis
1419 2046 1498 2086 iam
1517 2049 1661 2087 memi-

124 2101 187 2141 nit
207 2101 297 2142 Am.
322 2103 351 2153 Ι,
385 2103 451 2152 15,
482 2103 554 2154 25,
583 2102 696 2155 quod
714 2115 874 2141 carmen
895 2101 948 2141 ad
967 2115 1122 2141 annum
1139 2105 1238 2154 736,
1266 2104 1503 2156 proximum
1524 2119 1547 2143 a
1566 2106 1662 2145 Vir-

123 2160 206 2213 gilii
223 2167 375 2211 morte,
405 2161 615 2200 Massonus
643 2161 808 2200 retulit:
854 2162 1014 2211 Titynae
1042 2169 1080 2198 et
1106 2170 1259 2213 segetes
1284 2163 1523 2216 Aeneiaque
1541 2179 1661 2203 arma

124 2219 330 2270 legentur,
360 2219 499 2258 Roma
516 2219 760 2271 triumphati
776 2219 877 2256 dum
896 2227 1023 2269 caput
1043 2217 1148 2257 orbis·
1172 2222 1259 2258 erit.
1321 2221 1374 2259 Et
1393 2221 1435 2260 in
1453 2221 1553 2261 Arte
1575 2224 1655 2266 751

127 2276 238 2316 edita
254 2276 323 2316 lib.
344 2276 421 2328 III}-
442 2280 528 2320 337
548 2279 606 2316 Et
622 2277 855 2330 profugum
873 2277 1046 2315 Aenean
1058 2307 1070 2327 ‚
1104 2277 1217 2316 altae
1230 2279 1467 2330 primordia·
1480 2282 1656 2330 Romae,

130 2335 220 2387 Quo
234 2336 401 2374 nullum
419 2338 547 2374 Latio
575 2337 728 2374 clarius
755 2343 866 2373 extat
899 2349 1017 2386 ομι-ς,
1069 2335 1262 2375 Nondum
1281 2336 1463 2376 absoluta
1490 2345 1532 2378 et
1551 2339 1660 2377 edita

124 2399 213 2432 erat
237 2393 401 2443 Aeneis,
440 2407 533 2433 cum
567 2393 804 2447 Propertius
844 2390 953 2446 (non
982 2398 1077 2431 ante
1108 2397 1207 2444 729,
1235 2400 1283 2433 ut
1311 2395 1657 2452 suprarvidjmus)

123 2451 278 2491 nobiles
307 2452 408 2491 illos*
429 2466 571 2492 versus
597 2452 793 2492 scriberet
815 2450 882 2490 lib.
909 2451 947 2491 ΙΙ
969 2451 1075 2504 Eleg.
1105 2458 1207 2491 extr.
1239 2456 1291 2496 61
1314 2467 1400 2507 sqq.
1436 2455 1521 2506 Qui
1552 2470 1659 2494 nunc

122 2509 286 2549 Aeneae
315 2513 484 2549 Troiani
499 2513 670 2549 suscitat
687 2525 806 2549 arma
824 2515 900 2548 etc.

238 2568 447 2621 Virgilium
465 2569 604 2621 paullo
615 2574 720 2622 post,
741 2574 782 2607 et
799 2567 935 2606 adhuc
955 2581 1053 2607 aevo
1073 2565 1292 2620 Augusteo,
1318 2569 1362 2608 in
1379 2568 1527 2608 scholis
1536 2582 1658 2622 prae-

123 2625 274 2666 lectum
295 2634 337 2666 et
354 2633 590 2666 enarratum
610 2627 754 2677 fuisse,
787 2640 808 2664 e
834 2626 1030 2665 Suetonio
1055 2626 1201 2665 scimus
1226 2626 1276 2665 de
1295 2627 1350 2666 ill.
1370 2627 1591 2666 Grammat.
1623 2641 1657 2667 c.

128 2686 182 2726 16
210 2685 264 2734 Q,
283 2685 475 2724 Caecilius
507 2686 676 2739 Epirota
705 2685 879 2724 Cornelii
903 2684 1006 2723 Galli
1033 2684 1241 2723 familiaris
1260 2688 1491 2737 —primus
1510 2686 1660 2724 dicitur

125 2742 250 2781 latine
269 2758 318 2782 ex
342 2752 515 2795 tempore
534 2745 785 2796 disputasse,
836 2745 1073 2795 primusque
1101 2744 1330 2795 Virgilium
1355 2751 1392 2781 et
1421 2744 1526 2782 alio-s·
1554 2757 1657 2794 poe-

126 2806 190 2836 tas
223 2815 347 2839 novos
379 2803 613 2854 praelegere
650 2804 827 2853 coepisse
835 2816 851 2848 ;
891 2801 1013 2840 etiam
1041 2801 1174 2840 Orosii
1194 2806 1343 2840 aetate:
1385 2801 1502 2840 OrOS.
1528 2801 1566 2849 l,
1602 2802 1654 2842 18

125 2854 278 2896 Aeneas
294 2881 352 2888 —
372 2860 517 2912 qualia
530 2875 610 2912 per
621 2862 838 2898 triennium
859 2858 966 2898 bella
988 2862 1246 2909 excitaverit,
1290 2868 1461 2912 quantos
1478 2859 1655 2910 populos

146 2965 154 3012 ἐ
219 2958 256 3013 ’).
271 2961 324 2993 Ita
343 2959 435 3005 leg.;
465 2974 545 2997 nam
575 2975 668 3010 opus
692 2961 813 2997 nobile
844 2969 937 2995 esset
955 2961 1097 3007 quidem
1121 2972 1260 2995 carmen
1280 2960 1437 3005 epicum,
1470 2971 1542 2993 non
1562 2971 1654 3005 poe-

126 3017 173 3039 ais
198 3018 312 3051 epica-

1290 3063 1372 3110 i*
