1734 3320
150 256 254 304 600

466 251 523 301 Ρ.
568 249 933 302 VIRGILII
978 249 1358 302 MARONIS

150 378 308 444 Cogit
327 377 505 429 hiems
519 419 532 443 ‚
572 376 877 444 eademque
901 375 1045 427 calor
1067 374 1355 444 liquefacta
1377 378 1617 432 remittit.

147 452 389 517 Utraque
409 450 486 499 vis
508 448 696 515 apibus
714 448 915 514 pariter
935 447 1258 510 metuenda3
1294 465 1478 517 neque
1498 448 1615 506 illae

145 519 532 588 Nequidquam
556 520 611 568 in
630 519 782 569 tectis
807 519 1050 568 certatim
1069 519 1252 568 tenuia
1275 535 1397 569 cera

149 592 490 658 Spiramenta
512 589 713 653 linunt,
750 587 993 656 fucoque
1017 597 1070 639 et
1091 587 1318 639 floribus
1343 606 1463 640 oras

145 662 404 731 Explent,
451 659 872 728 Conlectumque
898 659 1033 709 haec
1061 659 1174 727 ipsa
1206 659 1274 710 ad
1304 677 1535 711 munera
1568 660 1688 728 glu-

145 805 215 854 Et
234 803 379 853 visco
403 811 455 853 et
473 800 733 866 Phrygiae
761 809 974 850 servant
999 801 1120 868 pice
1145 800 1343 851 lentius
1368 799 1511 854 Idae.

944 739 1039 780 ten
1618 736 1687 786 40

149 875 322 941 Saepe
350 874 511 923 etiam
539 870 773 935 effossiS‚
812 871 853 921 si
874 888 999 921 vera
1026 880 1105 922 est
1124 869 1291 936 fama,
1330 871 1548 922 latebris

148 944 261 995 Sub
283 954 423 994 terra
447 941 637 994 fovere
658 941 854 1005 larem,
891 943 1219 1011 penitusque
1235 951 1484 1010 repertae

195 1073 243 1108 36
267 1085 313 1106 ea
339 1074 473 1120 quippe
499 1072 620 1107 Barth.
651 1072 740 1106 Adv.
770 1073 965 1114 XXXVII,
992 1074 1015 1109 6
1035 1085 1053 1106 e
1074 1073 1159 1106 Mss.
1187 1071 1321 1106 laudat.
1369 1072 1558 1121 calorique
1577 1072 1690 1121 facta

147 1121 335 1154 Romanus.
386 1120 574 1167 calefacta
605 1121 760 1154 remittit
787 1120 951 1155 Parrhas.
1002 1120 1161 1154 resolvit
1185 1120 1277 1153 alter
1294 1120 1477 1164 Rottend.‚
1513 1133 1556 1159 ex
1572 1122 1689 1157 inter-

146 1167 361 1213 pretatione.

146 1215 323 1258 Parrhas.,
348 1215 451 1249 male.

145 1310 251 1344 idem.
300 1311 440 1345 lentius
469 1311 563 1344 idem
593 1310 758 1345 Parrhas.

468 1169 515 1204 38
548 1169 589 1202 in
626 1168 730 1202 abest
772 1167 908 1201 Zulich.

548 1215 597 1251 40
622 1215 815 1250 collectam
844 1215 936 1248 lzaec
960 1222 1075 1261 quart.
1105 1216 1235 1249 Moret.
1284 1216 1300 1249 i
1325 1227 1368 1248 sa
1393 1215 1486 1250 haec
1504 1216 1615 1251 Goth.
1633 1229 1688 1263 pr.

144 1262 189 1297 41
217 1264 408 1310 viscosque
429 1263 538 1297 Goth.
566 1275 636 1297 sec.
685 1264 817 1310 Figiae
839 1262 930 1297 Gud.
960 1275 978 1296 e
1003 1264 1174 1310 Frigiae,
1209 1229 1321 1308 quoti,

862 1309 910 1346 42
934 1323 955 1343 e
977 1309 1099 1357 fossis
1122 1310 1269 1344 Mentel.

1013 1168 1060 1203 39
1093 1180 1201 1202 succo
1230 1169 1263 1202 V
1266 1179 1320 1201 en.
1371 1166 1466 1215 fuco
1499 1169 1627 1203 linunt
1652 1177 1690 1203 et

1325 1262 1363 1295 in
1393 1262 1484 1298 aliis.
1535 1272 1688 1298 servent

1372 1309 1420 1346 43
1445 1310 1522 1345 Sub
1549 1319 1688 1345 terram

146 1358 252 1392 codd.
275 1358 371 1403 apud
399 1357 573 1399 Pierium,
605 1358 699 1392 liber
728 1357 883 1392 Fabricii
914 1357 1104 1399 Chemnic.‚
1130 1358 1216 1391 Mss.
1237 1356 1392 1399 Barthii‚
1420 1359 1592 1400 Venetus,
1612 1360 1688 1393 Re-

146 1405 246 1451 gius,
276 1406 386 1439 Goth.
414 1418 470 1452 pr.
499 1412 535 1439 et
560 1412 648 1440 vett.
680 1406 774 1448 edd„
808 1406 906 1440 velut
931 1407 1021 1440 Ven.
1039 1411 1076 1439 et
1093 1405 1203 1439 Paris.
1233 1405 1338 1441 1494.
1365 1405 1469 1439 etiam
1491 1407 1627 1452 Egnat„
1652 1413 1690 1441 at

147 1453 251 1487 Aldd.
286 1460 323 1487 et
357 1460 500 1487 ceterae
528 1452 646 1499 vulgg.
665 1453 742 1488 Sub
761 1462 877 1487 terra.

931 1451 1008 1487 Sub
1039 1461 1165 1486 terras
1186 1453 1369 1487 Mediceus
1389 1453 1518 1497 Pierii,
1545 1460 1581 1487 et
1600 1466 1688 1488 unus

146 1501 313 1535 Arundel.
338 1501 431 1535 conf.
454 1502 681 1534 Burmannus.
724 1499 859 1548 fovere
886 1507 1008 1534 tuetur
1033 1500 1164 1534 Medic.
1183 1500 1313 1543 Pierii,
1340 1501 1432 1535 Gud.
1455 1514 1533 1536 cum
1550 1508 1689 1546 septem

147 1548 225 1582 aliis
239 1576 247 1591 ‚
273 1547 405 1594 Regius
422 1548 579 1582 Martini.

621 1547 760 1595 fodere
777 1548 882 1593 vulgo
902 1555 984 1581 ante
1002 1547 1124 1582 Heius.
1161 1547 1223 1594 (ita
1245 1547 1349 1582 etiam
1366 1549 1401 1584 7.
1423 1550 1456 1585 8.
1480 1549 1534 1584 14.
1560 1556 1594 1583 et
1605 1549 1703 1583 Me-¹

147 1596 215 1630 dic.
236 1609 255 1630 a
275 1609 321 1630 m.
345 1608 415 1630 sec.
446 1598 503 1632 W
498 1596 542 1642 r.)
585 1595 740 1643 fodiere
757 1596 886 1630 Medic.
906 1608 926 1630 a
941 1608 987 1629 m.
1007 1608 1063 1642 pr.
1088 1595 1159 1630 vid.
1175 1595 1299 1630 Heins.
1319 1603 1356 1630 et
1376 1597 1440 1631 Ge.
1458 1598 1517 1640 ΙΙΙ,
1544 1594 1627 1632 420.

145 1717 255 1743 vere.
316 1707 384 1746 37.
415 1719 543 1758 neque
574 1706 672 1743 illae
696 1704 891 1757 Nequid—

147 1778 289 1815 quam,
320 1762 363 1801 h.
385 1777 431 1801 ac
450 1769 621 1816 propter
642 1762 722 1802 hoc
744 1762 889 1815 ipsum.

145 1821 426 1873 nequidquam
471 1821 513 1860 h.
551 1822 577 1860 l.
619 1822 704 1860 sine
735 1834 888 1870 caussa,

146 1879 324 1929 frustra3
357 1886 398 1918 at
417 1880 561 1931 Georg.
581 1879 610 1929 Ι,
626 1880 694 1923 95.
709 1882 776 1927 96.
794 1882 888 1921 192.

146 1937 231 1979 403
267 1937 352 1976 sine
392 1939 545 1976 fructu.
627 1941 695 1981 39.
740 1938 888 1989 Spira—

147 2005 300 2046 menta‚
334 2009 437 2048 quae
456 2011 496 2036 v.
518 1996 572 2039 35
605 1998 775 2048 angusti
792 1996 889 2034 adt-

147 2062 227 2093 tus.
250 2055 356 2093 cons.
385 2056 542 2094 Colum.
573 2054 645 2104 IX,
670 2058 710 2104 7,
731 2054 770 2098 5.
809 2052 888 2108 (ri—

146 2126 233 2152 mas
263 2113 488 2158 alvearium
527 2119 670 2152 tenues
698 2113 890 2165 intelligit

146 2171 260 2211 Voss.
297 2174 369 2212 W
363 2171 443 2227 elz.)
471 2172 605 2224 fiacus
632 2178 692 2210 est
717 2172 803 2224 alga
822 2172 888 2211 vel

145 2230 244 2269 ulva
266 2231 423 2269 marina
444 2231 511 2270 vel
530 2230 742 2283 palustris3
785 2244 888 2282 quae

148 2302 242 2327 cum
278 2288 331 2328 ad.
359 2289 400 2329 11.
423 2290 449 2328 l.
479 2289 614 2328 minus
645 2289 698 2329 sit
726 2289 887 2339 idonea,

149 2347 325 2391 alterum
368 2348 658 2387 assumendum
697 2354 757 2386 est
780 2378 790 2398 ‚
840 2353 890 2386 ut

133 2406 266 2458 fiacus
306 2405 359 2444 sit
390 2406 502 2458 quod
538 2406 743 2457 allinitur,
785 2405 827 2445 h.
861 2406 888 2445 l.

147 2478 291 2502 succus
315 2464 486 2516 florum3
523 2479 598 2518 pro
622 2479 702 2517 quo
733 2465 890 2503 dictum

133 2523 267 2575 sucus
287 2531 324 2560 et
332 2524 463 2574 flores
475 2539 491 2571 ;
538 2536 618 2575 quo
649 2523 890 2562 oblinuntur

147 2580 275 2619 rimae
310 2581 426 2620 alvei.
457 2581 657 2632 floribus,
701 2581 744 2621 h.
767 2595 889 2620 succo

146 2639 311 2678 ssorum.
342 2639 500 2678 Habuit
520 2645 612 2678 ante
633 2640 771 2679 oculos
792 2639 889 2678 Ari-

147 2703 243 2736 stot.
265 2698 391 2737 verba
408 2697 461 2736 H.
481 2696 527 2737 A.
558 2698 630 2747 IX,
651 2699 719 2740 40.
743 2713 781 2750 p.
803 2697 889 2741 944

148 2756 210 2794 ed.
228 2756 352 2795 Paris.
375 2757 420 2795 D.
443 2762 484 2794 et
500 2756 583 2799 945
603 2755 649 2795 A.
710 2759 779 2798 40.
809 2757 888 2795 Pa-

146 2821 286 2854 ratum
315 2814 368 2854 ad
393 2813 474 2853 hoc
493 2815 710 2854 consilium
732 2816 888 2866 gluten,

148 2887 178 2911 ε.
205 2873 430 2926 glutinum,
473 2878 535 2911 est
556 2873 742 2925 propolis
769 2878 886 2911 vete-

147 2944 242 2970 rum
294 2931 345 2970 de
395 2932 539 2985 apibus
585 2931 885 2984 magistrorum.

147 2990 300 3029 Plinius
326 2989 399 3040 XI,
425 2993 474 3040 7,
504 2995 601 3029 sect.
622 2993 648 3032 6
681 2990 725 3028 E
741 2991 887 3028 vilium

140 3050 468 3101 populorumque
521 3049 677 3086 mitiore
724 3048 888 3100 gummi

949 1704 1132 1757 propolis
1148 1735 1158 1754 ,
1204 1706 1412 1744 crassioris
1444 1705 1532 1742 iam
1556 1700 1689 1742 mate-

949 1765 1055 1811 riae,
1098 1763 1265 1801 additus
1284 1762 1462 1815 floribus
1492 1762 1640 1817 (succo
1667 1775 1689 1800 e

948 1819 1137 1875 floribus)
1154 1851 1164 1871 ‚
1199 1821 1379 1860 nondum
1411 1829 1546 1859 tamen
1576 1835 1684 1870 cera,

948 1880 1021 1917 sed
1033 1880 1232 1930 favorum
1248 1879 1577 1929 stabilimentum,
1605 1893 1689 1932 qua

948 1952 1083 1976 omnes
1089 1938 1268 1990 frigoris
1294 1946 1368 1976 aut
1395 1940 1569 1976 iniuriae
1591 1937 1688 1976 acli-

949 2004 1014 2034 tus
1044 1995 1321 2046 obstruuntur,
1376 1996 1494 2034 odore
1523 2004 1560 2034 et
1593 1998 1689 2048 ipsa

949 2056 1173 2093 etiamnum
1190 2056 1317 2106 gravi
1327 2085 1339 2104 ,
1381 2062 1427 2093 ut
1449 2068 1533 2107 qua
1553 2054 1688 2105 pleri-

949 2127 1025 2165 que
1038 2127 1115 2165 pro
1133 2113 1317 2165 galbano
1338 2121 1513 2152 utantur.
1553 2112 1688 2151 Minus

948 2178 1059 2210 recte
1078 2171 1130 2210 ad
1142 2174 1378 2223 pissoceron
1398 2177 1567 2211 revocat
1584 2184 1686 2224 poe-

947 2235 1013 2267 tae
1037 2230 1164 2269 verba
1181 2230 1234 2269 ad
1254 2244 1286 2269 e.
1306 2230 1333 2269 l.
1355 2229 1616 2279 Harduinus‚
1647 2235 1688 2268 et

949 2288 1001 2327 ad
1019 2289 1223 2327 eritlzaeeu
1240 2288 1444 2337 Martinus
1465 2302 1559 2328 cum
1579 2287 1687 2338 aliis;

948 2346 1023 2386 etsi
1052 2347 1217 2386 nomina
1246 2347 1347 2386 haec
1368 2347 1596 2400 permutari
1612 2351 1686 2385 v‘e-

947 2419 1042 2445 rum
1063 2412 1142 2445 est:
1165 2406 1248 2445 vid.
1266 2405 1514 2445 Beckmann.
1533 2405 1586 2444 ad
1606 2404 1687 2444 Mi-

947 2464 1034 2503 rab.
1067 2464 1186 2504 Ausc.
1224 2464 1298 2515 15,
1318 2478 1407 2517 pag.
1426 2462 1495 2506 42.
1554 2463 1686 2503 Varro

949 2522 1014 2572 ΙΙΙ,
1039 2525 1105 2574 16,
1125 2526 1181 2566 23
1214 2524 1281 2562 De
1308 2523 1373 2561 his
1399 2522 1589 2575 propolin
1610 2536 1686 2561 νο-

948 2589 1055 2631 cant,
1086 2596 1105 2619 e
1127 2596 1206 2635 quo
1222 2581 1397 2633 faciunt
1417 2580 1477 2619 ad
1494 2580 1687 2632 foramen

947 2641 1131 2678 introitus
1153 2647 1382 2691 protectum
1429 2640 1473 2677 in
1524 2639 1682 2688 alvum,

947 2701 1127 2736 maxime
1140 2705 1307 2735 aestate.
1343 2696 1477 2736 Idaea
1490 2699 1582 2749 pix,
1599 2696 1684 2736 vid.

949 2755 1019 2794 Ge.
1036 2755 1102 2806 111,
1123 2754 1220 2798 450.

1006 2812 1074 2855 42.
1106 2813 1265 2867 effossis
1295 2827 1379 2852 non
1418 2814 1535 2865 quasi
1574 2814 1686 2867 ipsae

945 2872 1161 2922 effodiant,
1212 2878 1260 2911 ut
1312 2871 1479 2911 Servius
1498 2907 1502 2909 ,
1527 2872 1684 2925 accipit.

929 2931 1077 2983 Jove-re
1098 2932 1247 2980 larem,
1275 2929 1484 2981 habitant,
1515 2930 1600 2970 vid.
1632 2930 1686 2969 ad

944 2989 1088 3042 Georg.
1101 2989 1167 3039 III,
1180 2987 1265 3031 420
1282 2989 1399 3041 fovit
1408 2989 1581 3028 lzumum
1598 3003 1683 3028 ser-

940 3062 1058 3100 pens.
1131 3048 1200 3089 43.
1230 3045 1298 3089 44.
1341 3047 1393 3086 Et
1418 3047 1589 3100 reperiri
1613 3061 1683 3086 so-
