1734 3320
313 197 805 254 Gitone-mort
838 199 983 250 LIB.
1012 200 1115 264 111,
1156 205 1376 252 10—17

1507 203 1612 253 503

6 316 22 323 f
78 333 312 398 Propter
333 343 554 396 aquam,
587 325 754 376 tardis
780 325 971 391 ingens
995 325 1090 375 ubi
1114 324 1340 377 flexibus
1366 336 1508 378 errat

76 400 308 452 Mincius
329 406 384 449 et
406 406 593 447 tenera
615 396 876 464 praetexit
897 390 1162 446 arundine
1185 397 1340 464 ripas,

1546 400 1610 450 15

77 473 143 521 In
162 468 349 520 medio
372 466 509 517 mihi
531 469 726 519 Caesar
750 466 875 531 erit,
911 465 1294 534 templumque
1318 467 1539 519 tenebit.

76 539 162 592 Illi
181 539 354 596 victor
376 553 501 604 egO,
540 546 594 588 et
617 536 780 602 Tyrio
807 545 1127 605 conspectus
1153 537 1208 586 in
1237 545 1413 602 ostr0‚
1447 598 1459 613 Ι

126 681 173 716 17
195 678 285 723 mi,

321 678 417 725 quod
439 677 574 724 ubique
605 677 744 720 editur,
777 682 899 711 tuetur
930 675 1062 711 Medic.
1091 689 1168 712 cum
1195 676 1298 721 aliis,
1329 677 1367 711 h.
1394 677 1434 711 in
1452 677 1610 712 Caesaris

76 726 271 762 honorem,
307 728 354 760 At
370 725 456 759 Illic
473 726 650 759 Romanus
663 751 673 767 ,
698 724 827 759 Medic.
848 737 927 758 cum
945 723 1024 758 aliis
1044 724 1295 771 antiquissimis
1317 725 1438 759 Pierii.
1485 725 1545 759 Sic
1574 724 1612 758 in

75 775 200 810 runc.
217 773 256 808 in
273 772 476 819 Cantabrig.
490 780 526 807 et
542 771 724 816 Arundel„
747 772 785 807 h.
802 784 834 806 e.
852 772 899 806 ad
917 771 1099 817 templum.
1131 773 1245 807 Porro
1265 781 1303 807 et
1321 773 1426 808 abest
1445 785 1466 807 a
1484 773 1609 806 Franc-

50 893 214 934 —redux
262 892 455 941 referret,
508 904 602 930 cum
641 890 815 930 victoria

77 956 354 1005 compararet,
386 963 510 1001 quam
533 949 677 1001 aliquis
706 949 814 988 inter

76 1011 254 1050 Graecos
292 1022 345 1048 ex
383 1007 554 1047 sollemni
594 1007 815 1046 certamine

76 1068 215 1108 victor
244 1071 490 1120 reportaret.
554 1064 706 1104 Notum
737 1079 814 1105 au-

74 1132 159 1166 tem
175 1131 259 1175 est,
297 1124 458 1165 nullum
489 1123 730 1163 sollennium
747 1123 816 1163 lu-

76 1184 227 1224 dorum
252 1182 297 1222 in
326 1181 495 1222 Graecia
524 1195 650 1234 genus
678 1181 813 1231 fuisse,

75 1243 120 1282 in
149 1256 231 1295 quo
259 1255 346 1280 nou
370 1254 418 1280 eo
447 1246 632 1292 tempore
664 1240 814 1292 ingenii

76 1300 328 1350 certamina,
387 1294 546 1354 ἆγαῑνες
601 1297 813 1352 μουσικοὶ,

75 1358 352 1412 eloquentiae,
391 1356 566 1411 poetices
604 1357 811 1409 inprimis,

74 1417 399 1457 instituerentur.
461 1415 517 1453 De
543 1414 740 1468 Olympiis
772 1421 814 1453 et

75 1475 219 1515 ceteris
236 1473 484 1514 sollenm‘bus
507 1486 632 1525 aeque
656 1480 814 1512 certum

75 1541 157 1585 est,
188 1547 236 1573 ac
266 1533 317 1572 de
346 1531 569 1584 Dionysiis,
610 1530 813 1570 Panathe—

74 1593 185 1632 naeis
214 1597 288 1631 etc.
355 1590 540 1630 Victores
582 1596 719 1628 autem
761 1602 814 1628 ex

75 1650 297 1704 olympicis
326 1662 375 1688 ac
409 1648 554 1687 ceteris
593 1648 700 1687 ludis
729 1661 814 1687 non

78 1708 204 1748 modo
247 1706 419 1747 sollenni
464 1720 615 1759 pompa
668 1706 814 1745 urbem

79 1766 402 1819 suamingressos
413 1777 508 1815 esse,
526 1778 672 1804 verum
692 1764 814 1804 etiam

4 1862 6 1864 ,
73 1825 272 1866 victoriae
319 1822 500 1877 praemia
547 1822 625 1862 diis
671 1836 816 1862 conse-

78 1896 222 1933 crasse,
242 1882 450 1923 interdum
467 1881 588 1920 etiam
604 1880 690 1921 sive
709 1888 814 1920 tem-

76 1942 193 1996 plum
215 1941 301 1981 sive
326 1954 439 1980 aram
470 1939 634 1978 aliudve
662 1953 814 1978 monu-

73 2006 259 2039 mentum
289 1999 335 2038 in
355 1998 549 2039 victoriae
578 1998 815 2037 memoriam

75 2058 315 2108 condidisse,
344 2056 485 2096 multis
505 2069 558 2094 ex
572 2056 815 2108 antiquitate

78 2116 273 2169 exemplis
291 2129 339 2154 ac
359 2115 491 2154 titulis
513 2113 651 2153 adhuc
668 2128 814 2166 super-

74 2175 240 2214 stitibus
257 2173 456 2212 declarari
472 2178 621 2225 potest.
677 2172 814 2211 Unum

75 2245 410 2272 commemorasse
425 2244 537 2269 nunc
557 2229 721 2282 quidem
746 2244 814 2268 sa-

74 2292 129 2331 tis
161 2291 238 2341 sit,
279 2289 393 2342 quod
414 2288 586 2328 Athenis
616 2294 813 2341 superest,

74 2355 388 2389 monumentum
400 2347 667 2399 choragicum,
691 2347 813 2398 vulgo

76 2407 367 2447 Demosthenis
403 2408 589 2444 Latema
629 2404 785 2443 dictum
798 2434 810 2454 ,

77 2465 192 2518 quod
218 2471 316 2518 post
343 2464 541 2517 Sponium
569 2464 632 2501 Le
659 2464 752 2515 Roy
774 2469 816 2501 et

77 2525 217 2563 Stuart
234 2537 269 2562 c.
281 2523 336 2562 IV
355 2522 562 2562 exhibent.
594 2521 710 2570 Quae
721 2520 815 2572 qui-

77 2582 172 2621 dem
200 2595 224 2619 a
249 2581 366 2620 nobis
386 2581 495 2620 (licta
519 2580 553 2619 si
572 2579 814 2629 memineris,

76 2639 180 2679 nihil
194 2639 360 2691 quidem
372 2639 595 2678 abhorrens
615 2644 688 2677 aut
702 2638 816 2676 inso—

76 2698 165 2736 lens
188 2697 234 2736 in
256 2704 347 2736 toto
377 2704 521 2751 poetae
550 2697 725 2735 carmine
744 2710 817 2734 oc-

78 2761 230 2795 curret.
270 2756 419 2795 Laudis
438 2770 485 2795 ac
501 2755 699 2795 victoriae
719 2767 815 2793 suae

78 2813 258 2867 poeticae
284 2821 594 2853 monumentum
631 2818 817 2851 exstruet

77 2871 300 2924 templum,
340 2871 384 2910 in
420 2886 501 2924 quo
538 2871 719 2924 praemia
746 2884 816 2910 re-

78 2925 243 2984 portata
258 2934 466 2981 tamquam
485 2930 654 2968 donaria
673 2942 817 2968 conse-

80 2993 190 3039 cret5
226 2987 424 3040 templum
448 2994 585 3027 autem
611 2987 815 3040 ingeniose

872 890 971 930 satis
998 890 1058 930 ita
1077 896 1219 941 ornat,
1248 897 1298 931 ut
1317 890 1501 944 Augusto
1524 905 1611 930 non

871 949 995 988 modo
1026 949 1282 1000 dedicatum,
1322 949 1395 989 sed
1412 955 1454 988 et
1475 949 1611 988 omni-

870 1007 950 1047 bus
974 1008 1023 1046 iis
1051 1007 1301 1047 instructum
1331 1015 1373 1047 et
1401 1008 1611 1047 excultum

873 1079 958 1104 esse
993 1066 1155 1115 iubeat,
1207 1079 1310 1118 quae
1348 1066 1402 1105 ad
1438 1065 1611 1118 Augusti

871 1123 1012 1164 laudes
1028 1124 1324 1176 praedicandas
1335 1125 1444 1164 viam
1464 1137 1609 1177 parare

871 1189 1077 1235 poterant.
1136 1183 1237 1222 Cum
1258 1189 1395 1221 autem
1417 1182 1525 1222 inter
1543 1182 1610 1221 di·-

871 1241 990 1281 vinos
1026 1239 1203 1280 honores
1249 1241 1371 1280 etiam
1415 1241 1610 1280 ludorum

871 1299 1066 1338 sollennia
1084 1299 1178 1348 sint,
1209 1299 1331 1338 etiam
1351 1298 1453 1338 haec
1468 1298 1610 1338 inAu—

870 1357 978 1410 gusti
1002 1356 1202 1396 honorem
1226 1371 1268 1396 se
1295 1357 1505 1397 editurum
1525 1369 1610 1395 esse

870 1416 1088 1469 promittit.
1154 1416 1198 1455 Si
1231 1422 1368 1455 autem
1396 1415 1543 1468 ingenii
1564 1415 1610 1454 iu

869 1480 992 1527 poeta
1021 1474 1179 1527 copiam
1209 1480 1250 1513 et
1267 1475 1519 1513 incrementa
1537 1487 1610 1512 co-

870 1545 1061 1585 gnoscere
1079 1533 1230 1585 volupe
1260 1539 1341 1582 est,
1372 1533 1478 1572 cons.
1499 1538 1606 1571 extr.

869 1597 1031 1644 partem
1051 1590 1217 1630 Aeneid.
1237 1591 1340 1639 VIII,
1353 1597 1394 1630 et
1412 1604 1517 1640 eum,
1537 1590 1609 1642 qui

870 1649 1009 1688 locum
1030 1655 1126 1687 ante
1153 1648 1292 1688 oculos
1316 1648 1482 1698 habuit,
1512 1650 1609 1687 Sta-

871 1707 976 1746 tium
1003 1706 1129 1746 Theb.
1159 1707 1216 1757 H,
1239 1706 1500 1750 728—740.
1531 1707 1609 1745 Ce-

870 1771 1007 1804 terum
1033 1765 1164 1804 multa
1193 1764 1247 1804 ad
1271 1764 1313 1804 h.
1342 1765 1369 1804 L
1391 1765 1609 1818 disputan-

870 1829 953 1862 tem
968 1823 1065 1863 vide
1082 1823 1384 1876 sagacissimum
1396 1837 1442 1862 ac
1453 1823 1610 1862 doctis-

871 1882 1018 1921 simum
1049 1882 1196 1922 Virum
1233 1881 1461 1931 Hurdium,
1496 1895 1610 1920 nunc

870 1940 971 1979 Ven.
989 1940 1289 1993 vigorniensem
1302 1938 1607 1994 (Worcestriae)

870 1998 1134 2051 Episcopum,
1170 1999 1223 2037 ad
1241 1998 1385 2038 Horat.
1411 1998 1535 2052 Epist.
1555 1997 1610 2036 ad

869 2056 973 2109 Aug.
992 2057 1082 2096 Vol.
1103 2057 1152 2106 II,
1175 2071 1215 2109 p.
1234 2056 1303 2098 43.

932 2117 999 2156 13.
1043 2115 1248 2154 Victoriae
1295 2119 1609 2152 monumentum

871 2179 1081 2211 exstruam
1098 2172 1315 2225 templum,
1346 2171 1525 2210 Caesaris
1550 2171 1609 2210 ti-

870 2231 960 2269 tulo
980 2231 1223 2270 ornandum.
1236 2244 1384 2282 ponere
1401 2231 1607 2281 templum,

869 2287 1058 2339 τιθέναι,
1088 2289 1187 2327 satis
1212 2294 1371 2327 notum.
1427 2289 1607 2338 Propter,

869 2360 997 2400 prope
1013 2347 1228 2396 Mincium,
1268 2346 1319 2385 de
1346 2345 1460 2384 cuius
1483 2346 1608 2384 inun-

874 2406 1009 2444 dantis
1034 2405 1168 2444 vicina
1198 2405 1312 2457 aquis
1330 2403 1608 2456 stagnantibus

870 2477 996 2516 supra
1031 2464 1208 2503 vidimus
1238 2463 1291 2502 ad
1319 2463 1453 2514 Eclog.
1486 2462 1517 2511 Ι,
1538 2461 1607 2504 52.

872 2522 958 2571 VII,
985 2525 1050 2564 12.
1075 2525 1141 2564 13.
1172 2522 1315 2574 Georg.
1340 2521 1393 2570 H,
1419 2522 1514 2562 198.
1534 2519 1607 2557 inf.

873 2579 973 2619 Aen.
993 2582 1046 2629 X,
1066 2583 1164 2623 206.
1186 2603 1245 2610 -
1276 2582 1343 2622 16.
1373 2580 1519 2618 Statua
1542 2576 1607 2615 dei

874 2639 919 2677 in
945 2639 1079 2677 medio
1112 2638 1289 2690 templo,
1329 2637 1373 2679 ἐν
1413 2639 1472 2692 τῷ
1497 2637 1606 2689 ναῷ,

874 2697 1073 2736 sacrario:
1102 2703 1153 2736 ut
1176 2710 1294 2749 saepe
1317 2695 1361 2734 in
1387 2693 1520 2735 numis
1542 2692 1606 2732 vi-

872 2756 990 2795 situr.

934 2817 1000 2856 17.
1029 2814 1157 2852 victor
1186 2826 1287 2863 ego,
1331 2810 1400 2862 qui
1419 2807 1606 2847 carminis

872 2872 1049 2926 palmam
1080 2885 1127 2909 ac
1159 2870 1329 2922 gloriam
1355 2868 1399 2906 in
1429 2865 1608 2918 patriam

871 2929 1084 2969 retulerim
1105 2943 1116 2978 ;
1161 2928 1206 2966 id
1261 2925 1373 2977 quod
1413 2923 1606 2962 absolutis

875 2988 1101 3041 Georgicis,
1131 2998 1234 3037 quae
1254 2983 1422 3036 Neapoli
1453 2981 1607 3021 scribe·
1631 3028 1634 3030 q
