1734 3320
157 218 260 270 532
483 217 539 267 P.
575 204 933 268 VIRGILII
978 215 1356 266 MARole

158 348 245 394 Tu
267 358 404 410 quos
426 341 492 392 ad
508 341 748 392 studium
770 351 929 409 atque
943 359 1108 392 usum
1123 339 1384 391 formabis
1405 351 1685 407 agrestem,

155 417 270 465 Iam
288 412 485 463 vitulos
509 412 753 476 hortare,
790 412 1040 480 viamque
1062 413 1245 462 insiste
1270 412 1555 475 domandi,r

155 487 301 537 Dum
320 482 500 534 faciles
523 484 686 532 animi
709 483 982 546 iuvenum,
1007 482 1139 533 dum
1161 482 1381 532 mobilis
1410 492 1564 534 aetas,
1589 486 1687 534 165

156 559 232 607 Ac
253 555 491 621 primum
515 553 657 603 laxos
675 554 826 603 tenui
849 552 917 602 de
938 554 1139 603 vimine
1166 552 1352 603 circlos

160 625 365 677 Cervici
388 625 673 684 subnecte;
714 622 937 687 dehinc,
974 623 1070 672 ubi
1095 623 1263 673 libera
1286 622 1423 673 colla

161 695 386 746 Servitio
409 694 706 757 adsum-int,
742 694 867 759 ipsis
892 710 920 743 e
940 693 1226 760 torquibus
1253 702 1405 760 aptos

158 769 327 831 Iunge
352 782 531 831 pareS,
572 773 624 813 et
648 779 780 828 coge
801 763 1028 828 gradum
1051 761 1301 813 conferre
1324 763 1606 823 iuvencos3

159 839 335 903 Atque
359 835 457 885 illis
478 835 584 884 iam
606 850 766 900 saepe
784 843 936 884 rotae
961 831 1225 884 ducantur
1245 834 1431 883 inanes
1590 837 1688 883 170

158 977 208 1011 ita
228 989 266 1010 se
291 976 442 1010 habeat:
469 996 514 1001 —
539 975 715 1010 invertere
733 975 857 1020 glebis.
911 979 1040 1010 Cetera
1057 984 1269 1023 pascuntur
1289 975 1421 1010 viridis
1439 982 1607 1008 armenta
1620 985 1691 1019 per

158 1023 313 1064 herba-53
352 1026 407 1057 Τιι
429 1036 521 1069 quos
537 1024 587 1056 ad
604 1024 767 1057 studium
786 1043 831 1048 —
853 1036 920 1069 pro
943 1023 1080 1068 vulgari
1110 1024 1225 1066 dicta,
1259 1029 1404 1069 praeter
1426 1033 1507 1064 eos,
1534 1032 1626 1067 quos
1641 1019 1691 1052 ad

159 1072 323 1106 stadium
343 1079 454 1118 atque
473 1083 579 1104 usum
595 1069 779 1116 formabis
796 1079 979 1117 agrestem
994 1097 1002 1113 ‚
1037 1071 1104 1103 hos
1132 1073 1204 1104 iam
1221 1071 1360 1104 vitulos
1380 1070 1543 1103 hortare.
1589 1068 1690 1100 Mar-

158 1125 246 1162 tyno
266 1130 451 1163 parueram
483 1117 520 1150 in
548 1117 670 1163 priore
702 1117 878 1159 editione;
916 1118 1140 1151 deserueram
1167 1123 1315 1163 postea,
1351 1116 1433 1162 quia
1462 1115 1585 1150 durior
1602 1113 1691 1147 mihi

158 1165 343 1198 videbatur
362 1165 547 1206 iunctura,
575 1177 656 1198 nam
687 1166 935 1210 expectabam:
962 1169 1014 1199 At
1045 1178 1147 1210 quo-5⁸.
1195 1166 1298 1199 Nunc
1325 1171 1444 1197 tamen
1463 1164 1509 1197 ad
1526 1162 1625 1209 prius
1641 1161 1689 1194 il-

157 1212 219 1245 lud
235 1212 452 1245 redeundum
476 1224 552 1245 esse
571 1212 699 1254 video,
724 1213 856 1247 Vossio
876 1224 1016 1260 quoque
1044 1219 1232 1254 monente,
1270 1211 1329 1257 qui
1352 1211 1458 1244 etiam
1486 1217 1692 1258 pascantur

159 1259 356 1304 adoptavit.
406 1259 518 1293 Vides
541 1272 597 1292 me
618 1260 707 1293 haec
737 1260 861 1293 saltem
887 1271 959 1293 non
988 1260 1051 1293 sub
1074 1259 1190 1293 ferula
1208 1259 1362 1301 dictare,
1386 1271 1452 1292 nec
1473 1270 1549 1292 cum
1571 1257 1690 1291 cuius—

157 1306 253 1352 piam
276 1306 500 1340 contumelia.
527 1307 683 1351 (Cetera,
702 1307 724 1340 i.
749 1320 778 1341 e.
799 1314 836 1340 ut
855 1307 961 1340 etiam
972 1306 1170 1352 Philargyr.
1188 1306 1455 1355 interpretatur,
1479 1317 1552 1339 non
1568 1304 1691 1349 signa—-

157 1361 219 1396 ta,
254 1354 346 1387 unde
375 1354 431 1387 lac
461 1360 599 1387 tantum
632 1355 855 1399 erogabatur.
896 1355 993 1399 Wr.)
1043 1353 1204 1400 Expunxi
1231 1360 1348 1387 autem
1372 1365 1507 1386 comma
1527 1359 1609 1398 post
1628 1360 1689 1391 tu;

157 1413 239 1434 nam
275 1401 421 1446 iungere
457 1407 635 1446 praestat:
682 1414 775 1448 quos
809 1410 850 1435 tu
874 1400 1072 1449 formabi&
1177 1401 1246 1436 163
1271 1401 1320 1434 ad
1347 1401 1474 1434 studia
1505 1401 1691 1440 Romanus,

159 1448 309 1481 Gudian.
363 1459 429 1494 pro
472 1461 544 1482 var.
583 1448 667 1482 lect.
699 1449 862 1482 Parrhas.
911 1461 930 1482 a
971 1461 1018 1482 m.
1058 1460 1127 1482 sec.
1199 1446 1367 1481 servabis
1401 1447 1527 1492 fragm.
1561 1448 1690 1479 Moret.

160 1497 226 1540 (-
255 1495 333 1530 165.
359 1495 561 1541 Philargyr.
587 1495 637 1529 ait
653 1522 661 1537 ‚
696 1508 804 1541 posse
834 1495 940 1529 etiam
966 1496 1018 1528 ita
1040 1496 1130 1530 haec
1149 1495 1338 1540 distingui:
1374 1496 1497 1538 animi,
1520 1496 1691 1528 iuvenum

159 1543 245 1576 dam
262 1555 306 1576 m.
328 1551 399 1576 aet.
432 1545 488 1577 W
483 1544 537 1587 r.)
638 1544 706 1578 166
730 1546 782 1578 At
795 1545 956 1590 primum
975 1543 1056 1576 edd.
1079 1549 1166 1576 vett.
1204 1546 1254 1576 Ec
1272 1542 1421 1576 Nonius.
1458 1542 1585 1588 lapsos
1603 1542 1690 1585 Reg-

157 1588 314 1623 Martini.
365 1590 476 1624 ciclos
502 1590 638 1636 aiiquot
661 1590 764 1624 codd.
786 1598 819 1624 et
839 1591 894 1625 ed.
918 1592 1009 1624 Ven.
1059 1591 1176 1623 circo-s·
1195 1590 1288 1623 Gud.
1309 1601 1376 1634 pro
1407 1588 1476 1623 div.
1497 1586 1582 1622 lect.
1601 1589 1692 1622 Par-

157 1637 253 1670 rhas.
276 1637 386 1671 Goth.
411 1649 480 1671 sec.
506 1646 542 1671 et
564 1638 688 1682 fragm.
709 1637 825 1672 Vatic.
851 1651 870 1671 a
890 1650 934 1670 m.
954 1649 1008 1682 pr.
1030 1649 1107 1671 cum
1133 1637 1221 1670 Iulio
1243 1637 1394 1679 Sabino3
1420 1636 1510 1670 hanc
1526 1635 1650 1670 vocem
1672 1647 1691 1668 e

157 1684 325 1717 Lucretio
346 1684 549 1718 restitutam
569 1698 645 1718 esse
665 1685 777 1718 vellet
797 1685 943 1720 Wakef.
965 1685 1010 1718 ad
1027 1685 1168 1718 Lucret.
1187 1686 1249 1726 VI,
1274 1683 1355 1720 954.

158 1731 301 1775 Medic„
326 1732 390 1764 sed
409 1731 503 1764 idem
523 1731 590 1765 sab
612 1741 720 1766 nocte
738 1739 772 1765 et
789 1733 922 1765 criclos·
947 1744 967 1766 a
985 1745 1030 1765 m.
1050 1744 1105 1777 pr.
1155 1732 1286 1765 deinde
1306 1744 1393 1765 unus
1410 1731 1526 1764 Mead.

1452 1685 1520 1719 167
1546 1684 1693 1717 cervice

1624 1730 1691 1766 168

159 1780 260 1825 ipsos
285 1787 375 1812 tunc
403 1778 541 1812 zulich.
575 1779 684 1812 Goth.
715 1791 784 1812 sec.
834 1781 935 1825 ipso-s·
968 1787 1004 1812 et
1024 1780 1161 1812 *Morem
1193 1785 1308 1824 quart.
1356 1780 1448 1825 ipsis
1467 1779 1513 1812 de
1536 1777 1690 1821 Oblong.

159 1826 250 1871 ipsis
271 1833 307 1858 et
326 1826 490 1869 Longob.
506 1826 624 1859 Pierii.
674 1827 767 1872 ipsis
794 1839 838 1859 ex
856 1828 944 1869 Reg.
994 1827 1085 1872 ipsis
1112 1838 1192 1858 cam
1217 1838 1304 1859 unus
1334 1825 1452 1859 Mead.
1503 1826 1601 1872 aptis
1618 1827 1691 1858 Zu—

159 1872 243 1906 lich.
291 1880 396 1905 actos
429 1872 510 1906 duo.

625 1874 692 1908 169
716 1873 862 1919 gradus
889 1873 998 1906 Goth.
1031 1885 1104 1920 sec.
1153 1874 1322 1906 iuvencis
1358 1872 1486 1906 Medic.
1516 1885 1535 1905 a
1561 1884 1607 1905 m.
1635 1883 1689 1916 pr.

161 1920 230 1954 170
252 1921 376 1965 Atque
400 1919 487 1953 illos
512 1920 643 1953 Medic.
668 1932 689 1953 a
715 1932 760 1953 m.
788 1931 843 1964 pr.
893 1920 1084 1953 ducuntur
1112 1920 1284 1954 Rottend.
1313 1932 1367 1965 pr.
1397 1925 1434 1953 et
1464 1931 1552 1952 unus
1571 1919 1689 1953 Mead.

159 1966 303 2000 Mentel.
323 1977 377 2011 pr.
427 1966 627 2001 «iactentur
646 1968 737 2002 Ven.

159 2088 274 2127 grege
312 2081 557 2128 pascuntur,
609 2081 771 2128 praeter
807 2089 897 2125 εοε,

160 2134 230 2185 qui
279 2134 392 2186 operi
433 2133 690 2173 destinantur
728 2134 897 2173 rustico.

162 2190 250 2245 (cfr.
272 2191 381 2230 infra
401 2206 460 2230 VS.
483 2195 582 2234 212.
602 2206 703 2244 sqq.:
737 2192 898 2244 „Atque

161 2250 252 2288 ideo
276 2256 418 2288 tauros
447 2250 591 2302 procul
612 2257 731 2302 atque
750 2251 792 2289 in
812 2251 898 2289 sola

160 2308 339 2360 relegant
369 2308 540 2358 Pascua,
589 2316 682 2361 post
716 2315 897 2348 montem

162 2365 392 2418 oppositum
410 2396 420 2415 ,
453 2372 494 2404 et
512 2373 625 2405 trans
643 2367 810 2406 flumina
834 2367 897 2405 la·-

161 2429 224 2474 ta3
254 2422 338 2462 Aut
356 2424 467 2462 intus
501 2425 656 2463 clausos
683 2432 822 2464 satura
846 2425 898 2463 ad

160 2482 366 2534 praesepia
382 2485 593 2520 se1·vant.“
618 2482 737 2537 Wr.)
801 2486 896 2525 163.

162 2540 324 2577 Transit
368 2540 419 2578 ad
467 2540 577 2579 atiud
614 2547 898 2593 praeceptum,

162 2597 273 2649 quod
291 2597 464 2636 formula
486 2599 666 2637 orditur:
695 2601 755 2637 Τιι
767 2614 891 2651 quos;

161 2661 210 2694 ut
234 2661 274 2694 et
304 2655 397 2693 alibi
426 2655 542 2694 fecit:
575 2670 675 2708 quos
693 2663 740 2695 tu
759 2663 895 2696 autem

164 2713 216 2752 ad
235 2713 415 2753 studium
432 2720 605 2765 agreste,
636 2714 676 2752 h.
701 2729 801 2767 opus
820 2728 895 2753 ru-

163 2772 329 2821 sticum,
361 2771 533 2810 educare
556 2786 696 2824 paras,
733 2773 814 2810 iam
830 2772 895 2810 vi-

161 2830 269 2869 tulos
308 2829 560 2868 adsuefacere
603 2829 722 2868 debes
755 2829 894 2867 labori.

161 2888 375 2926 Rationem
393 2887 585 2927 domandi
602 2888 726 2926 boves
748 2902 769 2924 a
789 2887 895 2926 Var-

161 2959 261 2984 rone
286 2946 403 2998 petiit
431 2946 480 2984 de
511 2947 558 2984 R.
594 2946 641 2984 R.
677 2946 715 2995 I,
745 2949 812 2987 20.
854 2951 895 2983 et

164 3003 388 3056 diligentius
406 3004 558 3043 Colum.
578 3004 652 3054 VI,
671 3007 711 3054 2,
735 3006 770 3044 1.
801 3003 895 3042 Pal-

956 2074 1037 2113 lad.
1064 2074 1139 2124 IV,
1179 2076 1245 2116 12.
1265 2098 1322 2104 —-
1376 2074 1468 2118 164.
1501 2075 1690 2126 viamque

957 2135 1092 2170 insiste
1124 2133 1342 2183 domandi,
1388 2139 1515 2172 artem
1547 2137 1588 2170 et
1619 2146 1690 2170 ra—

956 2191 1106 2229 tionem
1127 2191 1357 2243 ingredere,
1398 2204 1538 2230 curam
1561 2190 1690 2229 susci-

956 2263 1005 2302 pe
1028 2249 1240 2299 domanffi,
1272 2248 1312 2288 h.
1335 2262 1367 2289 e.
1384 2250 1464 2288 iam
1488 2255 1580 2288 tum
1598 2262 1687 2287 ma-

954 2314 1048 2347 ture
1068 2307 1199 2346 doma.
1262 2308 1357 2351 165.
1372 2308 1530 2360 faciles
1547 2308 1689 2356 animi,

954 2366 1113 2415 molles,
1158 2365 1317 2404 dociles.
1351 2366 1434 2405 vid.
1464 2359 1520 2404 ad
1543 2364 1688 2404 Tibull.

954 2424 984 2473 Ι,
1018 2426 1055 2474 1,
1087 2423 1155 2465 40.
1186 2423 1345 2462 mobilis
1372 2433 1511 2473 aetas,
1545 2422 1589 2461 in
1610 2436 1689 2474 qua

957 2495 1102 2534 corpus
1121 2482 1279 2531 mobile,
1312 2477 1539 2535 εὐκίνητον,
1570 2481 1688 2519 flexi-

956 2540 1011 2590 le,
1041 2540 1161 2591 agile,
1197 2545 1394 2592 vegetum.

1015 2600 1109 2639 166.
1145 2600 1238 2639 167.
1289 2598 1498 2650 Expressit
1525 2610 1687 2638 versum

953 2655 1176 2693 Nemesian.
1215 2655 1360 2708 Cyneg.
1407 2654 1490 2697 184
1536 2655 1687 2695 Libera

956 2721 1050 2750 tunc
1078 2714 1262 2763 primum
1285 2722 1546 2752 consuescant
1579 2714 1687 2751 oolla

956 2771 1105 2821 ligari:
1139 2770 1188 2808 de
1207 2772 1361 2811 catulis.
1424 2774 1519 2814 168.
1549 2780 1682 2822 aptos,

953 2828 1133 2878 vinctos,
1165 2841 1292 2867 nexos
1319 2836 1360 2869 et
1382 2830 1551 2882 illigatos
1577 2829 1687 2868 invi-

954 2899 1039 2924 cem
1071 2899 1120 2924 ex
1156 2886 1340 2926 vimineis
1381 2888 1458 2926 illis
1494 2887 1685 2938 vinculis3

952 2958 1035 2982 non
1069 2957 1118 2982 ex
1148 2946 1358 2995 cornibus,
1405 2951 1453 2984 ut
1480 2946 1559 2984 iam
1595 2952 1685 2984 tum

953 3008 1096 3054 stupor
1123 3001 1336 3043 hominum
1369 3003 1594 3043 multorum
1622 3003 1685 3041 fe-
