1734 3320
154 202 257 251 484

483 201 539 250 Ρ.
574 199 940 251 VIRGILII
974 199 1354 251 MARONIS

151 324 409 378 Defectus
430 324 554 376 solis
572 325 745 376 varios
759 368 771 392 ‚
809 326 1080 394 lunaeque
1103 325 1340 384 labores3

152 396 313 449 Unde
335 406 545 447 tremor
565 397 748 458 terris3
790 414 893 464 qua
916 397 967 446 vi
988 397 1153 446 maria
1176 395 1275 446 alta
1296 403 1598 446 tumescant

154 467 434 520 Obiicibus
458 468 651 534 ruptiS,
678 483 973 534 rursusque
996 467 1050 515 in
1075 483 1132 516 se
1157 467 1270 534 ipsa
1291 464 1555 527 residant;
1583 470 1686 518 480

155 538 299 602 Quid
322 547 532 588 tantum
557 539 778 588 Oceano
800 546 1100 603 properent
1123 554 1179 587 se
1201 538 1448 602 tinguere
1475 535 1616 586 soles

151 609 403 672 Hiberni‚
439 608 526 658 vel
550 623 686 675 quae
710 607 874 656 tardis
897 624 1050 657 mora
1069 607 1318 658 noctibus
1342 606 1532 658 obstet.

156 680 273 743 Sin,
310 678 406 728 has
425 695 496 727 ne
520 678 725 745 possim
748 687 969 727 naturae
997 676 1264 727 adcedere
1287 685 1491 744 partes,

151 749 397 815 Frigidus
421 749 687 798 obstiterit
711 748 913 797 circum.
934 747 1250 814 praecordia
1276 746 1512 812 sanguisz

201 883 272 920 478
308 881 448 917 laboris
473 879 621 914 Mentel.
650 892 672 914 a
698 892 744 914 m.
771 893 825 926 pr.
874 880 1015 913 Laudat
1043 892 1166 913 versus
1194 880 1351 914 Macrob.
1378 879 1423 912 de
1450 882 1569 914 Somn.
1590 878 1684 925 Scip-

152 933 180 974 1,
207 933 262 966 15.

358 929 428 964 479
454 936 664 962 tusemcunt
690 928 853 973 Longob.
883 933 919 961 et
951 929 1056 961 Voss.
1086 940 1140 972 pr.

1235 928 1306 963 480
1333 925 1502 960 Obicibus
1527 925 1688 961 scribunt

154 978 234 1020 alii3
260 984 297 1011 et
314 976 364 1010 sic
382 976 451 1009 iam
471 975 564 1021 apud
583 974 738 1008 Gellium
755 977 801 1009 N.
820 978 860 1008 A.
884 976 945 1016 IV,
973 976 1028 1011 17.
1067 973 1243 1021 (obicibus
1265 980 1409 1020 praeter
1438 973 1528 1007 alios
1554 973 1685 1008 Medic.

154 1027 255 1059 Rom.
281 1030 318 1058 et
340 1027 437 1058 Serv.
469 1022 563 1066 Wr.)
615 1023 789 1056 residunt
817 1023 871 1055 ed.
896 1023 984 1055 Dan.
1014 1028 1049 1055 et
1070 1028 1146 1057 ant.
1171 1022 1250 1055 edd.
1300 1021 1465 1055 resident
1481 1021 1610 1069 Moret.
1630 1024 1686 1066 pr.

153 1071 220 1108 481
240 1079 446 1119 properant
464 1070 518 1103 ed.
540 1071 630 1102 Iunt.
646 1071 841 1117 'intingere
861 1069 968 1103 Goth.
989 1082 1059 1102 sec.

1131 1069 1201 1105 483
1225 1081 1299 1103 non
1322 1075 1472 1114 quatuor
1490 1080 1547 1114 ap.
1569 1069 1686 1102 Burm.

155 1121 209 1165 (et
230 1122 325 1154 Serv.
343 1117 471 1151 Dresd.
502 1117 598 1162 Wr.)
648 1129 724 1151 non
739 1130 894 1164 possum
915 1117 1022 1151 Goth.
1038 1129 1107 1150 sec.

155 1238 268 1277 dium
283 1237 403 1276 fuisse
418 1236 620 1276 traditum
642 1242 749 1286 erat3
769 1249 893 1288 porro

154 1297 250 1349 quia
288 1295 569 1350 Empedoclis,
621 1300 715 1347 post
751 1295 892 1332 Xeno—

152 1354 328 1408 phanem
379 1360 420 1392 et
458 1352 758 1402 Parmenidem,
799 1351 894 1407 περὶ

155 1409 322 1465 φύσεως
359 1413 539 1451 carmina
582 1411 767 1463 inprimis
802 1425 892 1449 ma—

153 1485 273 1524 gnam
294 1471 581 1510 auctoritatem
609 1469 836 1518 habebant,
869 1483 892 1507 a

152 1530 342 1570 Lucretio
366 1529 539 1567 maxime
554 1527 890 1577 commendatam,

154 1589 268 1628 cuius
297 1588 501 1627 studiosus
531 1586 753 1626 admodum
772 1586 892 1624 fuisse

153 1647 320 1687 videtur
341 1646 541 1698 Virgilius.
582 1645 747 1683 Habent
770 1644 892 1682 etiam

153 1705 338 1759 physices
372 1705 504 1757 capita
546 1702 648 1742 haec
692 1709 733 1741 et
770 1717 892 1755 argu-

154 1770 293 1803 menta
312 1763 393 1801 hoc
410 1762 629 1815 praecipui,
661 1761 773 1812 quod
793 1774 893 1813 poe-

154 1823 283 1861 ticum
308 1822 375 1860 vel
407 1820 581 1858 maxime
602 1825 793 1858 ornatum
816 1818 892 1856 ad-

154 1880 342 1919 mittunt.
392 1879 692 1931 Expresserunt
718 1877 892 1918 eundem

153 1939 290 1977 locum
323 1950 577 1976 communem
597 1931 715 1974 multi
734 1942 891 1988 poetae,

156 1997 207 2035 ab
230 1997 365 2048 Intpp.
392 1995 569 2044 laudati,
600 1994 784 2046 inprimis
801 1993 891 2031 Ma·-

154 2055 224 2094 nil.
256 2055 295 2104 Ι,
326 2056 380 2096 99
404 2067 489 2105 sqq.
519 2053 704 2106 Propert.
733 2051 809 2101 III,
841 2052 890 2101 5,

155 2113 211 2156 25
240 2126 325 2164 sqq.
405 2111 503 2154 478.
542 2112 663 2149 lunae
712 2110 890 2159 labores,

140 2172 347 2211 desectus.
377 2169 589 2209 Lucretius
608 2169 656 2219 V,
678 2170 762 2211 750
776 2168 894 2206 dixe-

156 2236 242 2269 rat:
284 2229 389 2267 Solis
414 2230 508 2266 item
536 2241 692 2280 quoque
716 2227 895 2279 dejectus

158 2290 383 2339 Lunaeque
407 2285 581 2324 latebras
600 2283 683 2339 (vel
709 2284 789 2323 hoc
809 2299 892 2323 uno

157 2359 294 2396 versu,
326 2344 535 2396 virgiliani
557 2343 742 2382 carminis
761 2357 893 2394 quan-

156 2410 200 2443 ta
231 2402 410 2442 suavitas
440 2402 511 2452 sit,
551 2400 764 2455 intelliges)
785 2402 892 2439 Plu-

156 2461 265 2500 ribus
285 2476 305 2499 e
337 2462 493 2498 caussis
517 2458 578 2513 (hi
599 2465 694 2498 sunt
712 2459 892 2511 defectus

157 2517 279 2573 varii)
299 2519 403 2567 fieri
431 2517 503 2555 tibi
515 2532 636 2569 posse
656 2517 892 2568 putandum

158 2585 228 2616 est.
286 2576 383 2618 479.
415 2590 498 2628 qua
517 2578 561 2613 vi
583 2590 652 2625 m.,
674 2574 714 2613 h.
734 2588 892 2613 caussas

159 2648 338 2674 accessus
377 2647 423 2671 ac
450 2646 628 2672 recessus
669 2646 791 2675 maris
825 2646 893 2670 ae·-

158 2693 344 2733 stuantis.
375 2690 671 2743 Argumentum
695 2704 789 2729 sane
805 2690 895 2743 phi-

157 2750 387 2805 losophicae
426 2749 774 2801 contemplationis
812 2749 895 2787 sol-

157 2811 336 2859 lennius,
368 2821 490 2860 quam
511 2807 704 2856 alterum,
736 2813 894 2859 tempe—

158 2874 310 2908 statum
322 2866 444 2906 maris
461 2877 643 2915 caussae3
674 2864 785 2916 quod
802 2864 894 2915 qui—-

158 2927 250 2966 deni
271 2931 309 2964 et
323 2925 455 2978 ipsum
466 2923 592 2975 verba
606 2923 771 2961 ferrent.
809 2921 894 2960 Ob-

159 2987 255 3024 iices
274 2990 369 3023 sunt
389 2983 529 3022 littora
549 2981 732 3034 inprimis
758 2980 801 3020 in
824 2993 892 3018 ae—

953 1236 1127 1275 stuariis.
1188 1234 1285 1278 481.
1317 1236 1484 1274 Caussas
1505 1234 1687 1274 varieta-

951 1295 1003 1333 tis
1031 1295 1075 1333 in
1107 1294 1264 1333 dierum
1283 1294 1544 1346 noctiumque
1569 1306 1685 1332 men-

952 1367 1047 1392 sura
1072 1353 1259 1404 intellige.
1320 1351 1454 1391 Etiam
1490 1351 1571 1390 hoe
1602 1352 1686 1390 Lu-

953 1411 1104 1450 cretius
1134 1416 1378 1463 exposuerat
1411 1411 1465 1460 V,
1496 1412 1579 1453 679
1601 1423 1684 1461 sqq.

958 1470 1070 1520 Quid
1090 1478 1249 1508 lantum
1263 1476 1478 1521 properent
1495 1469 1595 1507 soles
1618 1467 1685 1506 hi-

949 1527 1059 1566 berni
1073 1558 1083 1576 ,
1130 1528 1188 1566 sol
1229 1528 1273 1566 in
1316 1526 1473 1577 hieme,
1524 1526 1687 1565 hiemali

949 1592 1132 1638 tempore
1149 1617 1158 1635 ,
1212 1588 1392 1638 tinguere
1425 1600 1467 1623 se
1504 1585 1681 1635 Oceano,

950 1644 1133 1683 occidere
1153 1650 1227 1683 etc.

1007 1702 1091 1744 483
1104 1726 1161 1734 --
1171 1702 1269 1745 489.
1281 1703 1322 1741 Si
1341 1700 1605 1755 philosophus
1622 1714 1685 1740 es-

950 1773 991 1798 se
1017 1761 1181 1812 nequit,
1228 1761 1399 1813 agricola
1431 1761 1573 1799 saltem
1602 1772 1685 1798 esse

950 1819 1054 1857 vult.

1009 1875 1107 1919 484.
1137 1878 1356 1929 Stuporem
1396 1876 1518 1915 animi
1555 1890 1577 1914 a
1593 1876 1686 1928 fri-

947 1948 1045 1986 ἑξονε
1068 1937 1282 1987 sanguinis
1297 1936 1444 1974 ducere
1462 1941 1571 1974 recte
1589 1941 1685 1987 pot-

952 1998 1011 2031 est
1029 1999 1167 2045 poeta,
1219 1994 1288 2046 qui
1307 1999 1472 2032 tantum
1490 1993 1685 2047 probabi-

950 2051 1003 2090 lia
1022 2052 1206 2102 sequitur
1217 2067 1227 2103 3
1248 2052 1431 2105 inprimis
1449 2066 1540 2091 eum
1552 2065 1572 2090 e
1589 2051 1685 2105 phi-

952 2108 1132 2162 losophis
1181 2111 1368 2150 nonnulli
1414 2111 1474 2149 ita
1519 2111 1685 2152 sensisse

955 2168 1185 2207 videantur.
1218 2169 1484 2220 Empedocles
1499 2171 1686 2207 animum

953 2241 1035 2264 esse
1061 2235 1190 2265 censet
1219 2228 1331 2265 cordi
1358 2227 1561 2281 suffusum
1585 2242 1685 2266 san-

949 2287 1120 2336 guinem
1151 2285 1231 2325 Cic.
1252 2286 1368 2325 Tusc.
1389 2286 1468 2335 Qu.
1501 2285 1531 2335 I,
1550 2288 1590 2336 9,
1613 2285 1685 2324 ubi

951 2342 1035 2382 vid.
1058 2343 1213 2382 Davies.
1256 2344 1382 2394 Quod
1401 2357 1500 2384 vero
1522 2344 1684 2396 sangui-

951 2414 1044 2439 nem
1074 2403 1182 2440 circa
1204 2402 1448 2454 praecordia
1475 2407 1683 2451 memorat,

950 2472 1001 2498 ex
1021 2460 1188 2511 antiqua
1205 2460 1403 2500 Italorum
1430 2459 1685 2513 philosophia

950 2517 1126 2570 petitum
1151 2519 1284 2558 videri
1310 2525 1494 2571 poterat,
1537 2519 1581 2557 in
1604 2532 1684 2570 qua

947 2576 1213 2626 praecordia,
1258 2575 1432 2629 φρένας,
1464 2578 1683 2631 πραπίδας,
1712 2584 1717 2589 “

951 2633 1085 2672 sedem
1103 2648 1186 2672 non
1202 2634 1324 2673 modo
1342 2641 1529 2674 motuum
1547 2635 1682 2685 animi,

951 2690 1022 2729 sed
1050 2697 1090 2729 et
1126 2693 1272 2731 mentis
1292 2722 1302 2742 ,
1356 2693 1568 2733 faciebant.
1599 2693 1682 2733 vid.

953 2749 1090 2787 Cicero
1121 2749 1217 2789 ibid.
1258 2751 1337 2789 Sed
1365 2758 1406 2790 et
1434 2749 1514 2791 hoc
1550 2751 1684 2804 ipsum

951 2807 1264 2860 Empedocleum
1287 2815 1348 2848 est
1363 2810 1520 2862 „cuius
1542 2823 1683 2849 versus

951 2865 1146 2904 laudatur
1177 2867 1221 2905 in
1266 2867 1503 2920 Etymologo
1536 2867 1683 2920 Magno

950 2923 994 2961 in
1017 2920 1116 2976 αἷμα
1137 2930 1175 2962 et
1203 2925 1315 2964 alibi:
1358 2922 1472 2979 Αἷμα
1499 2923 1576 2980 γοῖρ
1604 2922 1683 2967 οἷν-

950 2978 1137 3036 θρώποις
1154 2979 1423 3038 περικάρδιόν
1440 2983 1520 3026 ἐστι
1540 2981 1682 3038 νόημα.
