1734 3320
239 162 729 233 GEORGICQN
761 162 907 213 LIB.
941 161 992 225 Ι,
1029 163 1327 220 504-513
1441 170 1546 219 883

0 292 243 358 >Addunt
258 292 317 342 in
332 267 523 359 spatia,
561 298 638 355 et,
674 287 871 340 frustra
894 287 1187 342 retinacula
1205 289 1452 356 tendenS,

64 421 136 459 513
160 419 321 458 Addunt
337 419 378 453 in
397 419 521 466 spatia
534 419 750 452 Burmannus
771 416 972 459 revocavit,
997 429 1075 451 cum
1092 416 1217 452 Heius.
1233 418 1271 452 in
1297 420 1420 465 spatio
1435 431 1546 465 prae-

12 468 168 504 tulisset.
213 465 374 501 Addunt
395 467 437 500 in
464 467 591 514 spatia
615 471 692 499 erat
711 465 821 499 lectio
847 464 952 498 Aldd.
975 471 1010 498 et
1035 476 1079 498 ex
1097 464 1155 498 his
1175 465 1430 519 prosectarum3
1462 468 1548 502 Ad-

17 516 116 551 dunt
131 514 174 550 ee
196 514 239 549 in
260 514 385 562 spatia
401 513 526 558 Egnat.
548 511 715 546 Commel.
733 511 858 557 steph.
875 511 1009 554 Palm„
1034 519 1069 545 et
1085 524 1127 546 ex
1148 511 1205 545 lus
1222 512 1406 558 vulgatae3
1438 513 1490 548 ita
1510 521 1548 547 et

16 561 119 597 mulfi
146 557 270 604 codd„
303 559 411 594 etiam
434 559 602 594 Arundel.
629 566 667 593 et
689 566 836 605 uterque
860 558 1068 600 Gothan133
1105 565 1143 592 et
1168 559 1221 593 sic
1246 559 1379 605 legitur
1398 561 1436 594 in
1464 560 1546 595 edd.

17 608 189 652 Quinctil.
214 609 299 642 Inst.
326 609 388 641 Or.
408 607 502 647 vm,
521 608 557 650 3,
576 608 635 643 78.
683 610 732 641 At
750 605 851 640 multi
882 606 987 640 codd.
1014 619 1055 640 se
1084 605 1273 650 omittunt,
1305 614 1346 641 ut
1362 607 1487 642 Heius.
1510 614 1548 641 et

15 654 154 691 Pierius
173 655 220 689 de
236 665 302 688 suo
318 653 497 695 Mediceo,
516 656 676 689 Romano
688 681 698 697 ,
722 661 825 699 atque
843 653 921 687 aliis
939 660 1141 695 testantur-3
1165 660 1317 699 quatuor
1333 654 1396 689 alii
1413 667 1435 689 a
1452 657 1549 688 Bur-

16 714 165 747 manno,
188 701 283 736 inter
298 713 391 748 quos
405 701 537 747 Regius
548 729 558 745 ,
589 702 745 748 quinque
764 714 786 735 a
805 700 960 734 Martino
978 708 1014 735 et
1030 700 1069 734 in
1086 701 1142 735 ed.
1160 700 1332 747 Cuningh.
1345 728 1355 745 ,
1386 714 1407 736 e
1426 713 1495 748 qua
1512 709 1548 736 et

15 750 97 833 3:1³:
106 748 957 843 assereres
973 748 1135 830 {aaz
1151 747 1547 844 remeas:

17 846 71 879 u'o
95 844 249 887 habent,
287 843 383 889 quod
411 844 518 877 etiam
542 844 722 878 Drakenb.
751 842 916 888 vulgavit.
962 843 1035 876 Iam
1060 842 1099 876 in
1113 851 1236 877 nostro
1250 842 1334 878 loco
1354 844 1487 878 Medic.
1509 850 1548 878 et

17 891 110 926 Gud.
129 891 268 925 habent
284 889 456 935 scriptum
476 891 637 926 Addunt
660 891 800 939 spati03
830 890 900 923 nisi
923 890 1020 936 quod
1046 890 1085 924 in
1104 890 1235 924 Medic.
1253 892 1294 925 in
1321 897 1358 924 et
1384 904 1409 925 α
1438 903 1547 938 supra

17 945 101 973 sunt
120 938 309 984 adscripta.
356 939 413 971 Ita
428 938 533 972 etiam
551 938 589 972 in
606 939 692 972 Mss.
712 937 891 972 nonnullis
910 949 968 982 ap.
988 936 1154 979 Quinctil.
1175 939 1267 980 VIII,
1287 938 1323 981 3,
1339 939 1386 974 78
1402 938 1546 984 legitur.

16 986 105 1020 Erat
116 985 237 1032 itaque
256 984 439 1031 pertenuis
460 986 673 1028 auctoritas,
697 997 765 1031 qua
784 984 905 1018 Heius.
924 984 1025 1018 nixus
1045 986 1205 1020 Addunt
1222 998 1263 1020 se
1282 986 1322 1019 in
1340 998 1359 1020 s
1386 988 1463 1020 atio
1483 998 1547 1020 re-

16 1033 200 1080 ponebat3
224 1031 366 1078 gravior
383 1031 528 1066 alterius
545 1031 711 1067 lectionis
728 1032 887 1067 Addunt
912 1033 953 1066 in
975 1034 1118 1079 spatia:
1147 1038 1188 1066 ut
1210 1045 1251 1066 se
1270 999 1480 1079 suppleatur
1503 1045 1548 1067 ex

17 1086 132 1114 antec.
143 1107 154 1123 ,
178 1086 219 1114 ut
234 1082 322 1114 Aen.
342 1081 369 1122 1,
387 1079 459 1115 440
481 1077 609 1126 Infert
624 1092 664 1114 se
675 1088 727 1104 ·—
745 1081 942 1125 miscetque
958 1081 1063 1113 viris.
1100 1080 1171 1114 vel
1189 1087 1226 1113 ut
1246 1080 1408 1114 absolute
1427 1093 1547 1126 pona-

16 1135 75 1162 tur
93 1127 273 1169 Addunt,
307 1134 346 1160 ut
368 1125 410 1160 fit
427 1127 467 1160 in
483 1126 583 1171 aliis,
613 1139 680 1174 pro
703 1127 863 1161 Addunt
885 1138 935 1159 se.
984 1127 1082 1161 Haec
1097 1127 1192 1160 forte
1209 1127 1334 1161 melius
1355 1129 1547 1173 expediunt

17 1186 113 1217 rem,
145 1186 250 1220 quam
279 1185 369 1219 quae
388 1174 563 1208 cumulata
581 1181 662 1208 sunt
685 1175 729 1208 ab
754 1173 914 1207 Heinsio.
961 1174 1054 1207 Nam
1073 1174 1118 1208 de
1138 1186 1181 1208 eo
1201 1186 1305 1208 nemo
1327 1175 1490 1218 dubitet,
1515 1175 1547 1209 si

17 1221 219 1256 adiunctum
239 1227 335 1254 esset
355 1233 522 1263 cursum,
547 1222 751 1267 expeditam
772 1233 847 1254 rem
868 1232 965 1254 esse:
995 1222 1155 1255 Addunt
1173 1234 1321 1256 cursum
1341 1224 1383 1257 in
1402 1224 1545 1270 spatia3

17 1275 57 1302 ut
75 1268 217 1303 addere
235 1268 398 1316 gradum
418 1275 454 1302 et
472 1269 620 1311 similia;
642 1269 727 1303 item
743 1269 930 1314 corripere
949 1270 1118 1314 spatium.
1166 1268 1224 1303 Sic
1245 1281 1406 1315 quoque,
1431 1277 1546 1304 utrum

16 1316 59 1350 in
129 1316 211 1350 atla
245 1327 291 1348 an
327 1316 368 1349 in
439 1318 517 1350 atio
547 1316 667 1362 legas,
707 1328 833 1362 parum
860 1315 992 1355 refert3
1033 1327 1099 1350 nec
1132 1315 1216 1349 inde
1251 1328 1310 1350 res
1342 1317 1546 1359 conficitur,

18 1374 65 1409 qu
139 1374 196 1408 ap.
216 1362 359 1396 Lucret.
378 1364 412 1397 V
459 1364 530 1399 300
549 1371 624 1398 est:
658 1366 834 1411 Ignescat
856 1371 978 1396 tamen
1000 1363 1040 1396 in
1064 1364 1187 1410 spatio
1207 1363 1394 1411 longoque
1409 1373 1546 1398 meatu.

16 1411 71 1444 De
99 1409 227 1444 ceteris
253 1409 325 1444 vid.
348 1411 438 1444 Not.
486 1411 673 1446 Schrader.
700 1410 738 1444 in
765 1409 905 1443 schedis
932 1409 1026 1443 coni.
1056 1411 1283 1457 quadrigae,
1314 1412 1480 1454 Ardent,
1505 1412 1547 1445 in

18 1458 144 1504 spatia
177 1465 215 1491 et
233 1455 293 1504 fr.
343 1457 521 1501 (Difficile
548 1466 623 1502 est,
656 1458 743 1493 certi
768 1456 903 1502 aliquid
937 1456 983 1490 de
1011 1456 1047 1490 h.
1075 1457 1101 1491 1.
1136 1457 1393 1503 pronunciare,
1428 1471 1546 1505 quum,

20 1503 197 1550 quidquid
213 1515 257 1538 ex
271 1504 378 1538 variis
396 1505 612 1540 lectiom‘bus
624 1532 633 1548 ,
666 1517 754 1551 quas
774 1503 930 1538 enotavit
947 1504 1113 1538 Heinsius
1125 1531 1134 1547 ,
1159 1505 1441 1548 concinnaveris,
1471 1517 1548 1540 non

19 1551 105 1585 satis
126 1557 266 1585 constet
286 1550 331 1584 de
358 1552 437 1598 ipsa
453 1553 489 1586 vi
507 1565 548 1587 ac
572 1559 755 1598 potestate
781 1551 886 1584 huius
906 1550 1070 1585 dictionis
1093 1552 1233 1586 addere
1249 1553 1290 1586 in
1311 1554 1456 1600 spatia,
1487 1553 1547 1587 vel

18 1598 160 1633 addere
173 1599 214 1632 in
231 1599 375 1646 spatio,
406 1599 465 1633 vel
486 1601 626 1634 addere
642 1613 682 1634 se
699 1600 822 1647 spatio
834 1625 844 1642 ‚
878 1598 936 1632 vel
956 1599 1095 1632 addere
1114 1611 1155 1633 se
1174 1600 1216 1633 in
1235 1603 1377 1646 spatio,
1400 1600 1461 1634 vel
1476 1600 1547 1634 de-

16 1645 125 1692 nique
147 1644 287 1678 addere
304 1657 345 1680 se
363 1648 404 1681 in
424 1649 558 1694 spatia.
606 1646 644 1682 Si
666 1646 806 1693 quaeris
819 1672 829 1687 ,
862 1646 959 1692 quod
979 1645 1131 1691 primum
1153 1646 1278 1701 quaeri
1299 1647 1410 1681 debet
1427 1647 1464 1680 in
1483 1646 1548 1681 tali

18 1704 76 1734 re,
106 1692 201 1725 unde
222 1697 303 1726 orta
329 1692 378 1727 sit
404 1699 506 1728 tanta
531 1694 696 1729 lectionis
714 1693 918 1734 diversitas,
951 1705 1090 1727 causam
1116 1693 1221 1727 hums
1243 1693 1297 1727 rei
1326 1694 1385 1728 vix
1406 1694 1546 1729 dubites

18 1739 104 1786 quin
121 1738 298 1782 medicei,
322 1741 414 1775 Gnd.
428 1748 468 1774 et
486 1742 631 1776 Mentel.
654 1754 709 1787 pr.
730 1740 838 1775 lectio
859 1740 1019 1774 Addunt
1039 1742 1162 1788 spatio
1179 1740 1328 1776 indicet.
1372 1741 1546 1787 Virgilius

15 1786 159 1821 videtur
180 1785 366 1832 scripsisse
382 1789 543 1823 Addunt
563 1802 603 1823 se
621 1790 743 1837 spatio
753 1802 762 1830 ;
786 1788 855 1822 iam
872 1787 988 1821 media
1007 1799 1095 1822 voce
1110 1800 1178 1834 per
1195 1789 1470 1835 subsequentem
1486 1789 1548 1823 in-

18 1900 184 1948 queant.
244 1895 394 1947 Spatia
420 1894 490 1934 hic
515 1895 566 1935 de
599 1901 754 1948 septem

18 1953 157 2007 spatiis
178 1966 251 1993 seu
266 1954 375 2007 gyris
402 1955 627 2008 accipiunt,
658 1953 754 2005 qui-

17 2010 96 2051 bus
109 2011 155 2051 in
169 2012 286 2052 Circo
302 2012 498 2052 decursus
519 2013 752 2051 finiebatur.

18 2070 103 2109 Nee
123 2076 263 2109 tamen
286 2069 367 2110 hoc
381 2084 552 2111 necesse.
603 2071 754 2122 Spatia

18 2142 97 2182 pro
115 2129 247 2181 spatio
263 2127 306 2167 h.
325 2129 415 2182 ipso
434 2130 525 2169 loco
537 2160 548 2180 ‚
577 2143 658 2181 quo
680 2128 755 2167 de-

21 2186 205 2226 curritur
221 2216 235 2237 ‚
273 2193 315 2226 et
342 2186 393 2226 de
427 2188 603 2227 decursu
630 2199 756 2238 aeque

19 2244 124 2284 bene
146 2245 353 2296 dicuntur,
375 2251 427 2284 ut
445 2246 516 2286 Ge.
535 2246 583 2296 11,
600 2245 756 2299 penult.

20 2302 90 2353 ΠΙ,
108 2305 207 2346 203.
235 2302 335 2343 Aen.
361 2304 410 2353 V,
431 2308 528 2348 316.
585 2304 758 2343 Addunt

21 2360 241 2415 quadrigae
268 2365 313 2401 in
338 2366 476 2415 spatia
489 2381 501 2402 .·
534 2362 758 2402 difficulta-

11 2426 108 2459 tem
127 2419 284 2459 habent
294 2451 305 2470 ‚
345 2434 468 2473 quam
499 2421 573 2461 vix
590 2421 650 2460 ita
666 2420 758 2460 tolli

20 2491 138 2533 posse
166 2492 330 2529 censeo,
366 2486 416 2518 ut
444 2493 583 2519 omnes
609 2480 653 2518 in
672 2479 758 2518 sol-

21 2536 147 2575 vendi
207 2538 379 2577 modum
438 2538 727 2578 conveniamus
748 2553 758 2576 :

20 2595 160 2634 nullus
178 2596 286 2635 enim
308 2602 381 2646 est,
410 2596 455 2635 in
476 2611 558 2650 quo
578 2611 663 2636 non
680 2596 758 2635 ali-

3 2652 125 2704 squid
157 2655 385 2706 asperitatis
419 2656 677 2707 relinquatur
706 2654 757 2693 ab

22 2710 214 2750 insolenti
240 2726 321 2751 usu
355 2716 435 2754 τοῦ·
460 2714 620 2753 addere.
657 2713 759 2753 sub-

22 2768 264 2821 intelligitur
292 2784 316 2808 a
350 2770 589 2811 doctissimis
624 2772 757 2811 inter-⁷

21 2827 206 2879 pretibus
228 2827 325 2866 inde
354 2843 379 2867 a
408 2830 548 2869 Servio
576 2845 753 2880 cursum,

21 2883 63 2923 h.
104 2885 329 2924 intendunt
346 2916 358 2936 ‚
406 2887 451 2926 in
483 2888 582 2940 ipsis
617 2888 758 2941 spatiis

22 2942 215 2982 currendi
242 2951 411 2984 sumunt
439 2945 547 2984 vires
556 2961 568 2996 3
602 2946 646 2984 in
676 2960 757 2998 quo

19 3006 158 3040 tamen
190 3001 364 3052 durum,
415 3003 550 3042 omitti
583 3018 756 3042 cursum.

809 1895 971 1935 Addere
990 1897 1130 1948 spatia
1138 1897 1286 1947 spatiis·
1304 1902 1408 1936 esset
1423 1895 1548 1936 alium

810 1959 903 2007 post
948 1954 1075 1993 alium
1129 1952 1347 1994 decursum
1391 1955 1547 2006 facere,

812 2012 926 2051 aliud
939 2019 1034 2066 post
1045 2011 1159 2051 aliud
1175 2013 1353 2065 spatium
1363 2026 1548 2065 currere3

812 2077 856 2110 at
880 2070 923 2109 h.
948 2071 975 2110 l.
1001 2085 1087 2110 non
1112 2069 1216 2121 hoe,
1263 2071 1336 2110 sed
1372 2074 1548 2124 impetus

812 2130 1067 2168 currentium
1101 2134 1142 2166 et
1170 2129 1309 2168 servor
1343 2138 1489 2168 auctus
1523 2143 1549 2168 a

811 2193 934 2241 poeta
950 2187 1170 2240 respicitur
1180 2194 1203 2237 ,‘
1222 2188 1294 2239 qui
1311 2188 1443 2227 maior
1456 2202 1549 2227 ma-

812 2246 955 2298 iorque
976 2252 1018 2285 et
1034 2246 1234 2285 maximus
1250 2259 1334 2285 esse
1352 2246 1457 2285 solet
1472 2246 1548 2286 sub

814 2304 1009 2343 decursus
1039 2304 1174 2344 finem.
1232 2306 1288 2343 In
1315 2307 1476 2357 spatia,
1504 2304 1549 2345 h.

811 2363 857 2401 in
872 2363 1101 2413 decursum,
1118 2363 1200 2401 iam
1217 2363 1352 2415 aliqua
1369 2376 1422 2402 ex
1430 2370 1550 2416 parte

812 2422 985 2471 sactum,
1025 2421 1148 2460 debet
1182 2421 1285 2460 addi
1314 2428 1400 2462 non
1437 2421 1551 2461 aliud

813 2493 863 2519 ac
889 2494 1045 2519 novum
1080 2479 1258 2533 spatium
1274 2510 1288 2531 ,
1335 2479 1408 2519 sed
1437 2479 1550 2519 aliud

814 2538 914 2590 quid
928 2569 939 2588 ‚
979 2538 1093 2590 quod
1133 2537 1272 2577 adhue
1305 2539 1549 2591 quaerimus

814 2597 993 2647 Servius,
1004 2599 1049 2635 in
1053 2611 1249 2649 processu
1258 2611 1450 2649 equorum
1460 2611 1551 2636 cur-

815 2669 883 2694 sus
910 2663 1098 2707 augetur.
1148 2655 1415 2707 Pomponius:
1444 2655 1549 2706 „ad-

817 2713 923 2752 dunt
952 2713 998 2752 in
1029 2713 1182 2766 spatia,
1218 2713 1265 2752 id
1293 2719 1370 2764 est,
1395 2714 1439 2752 in
1462 2714 1550 2766 ipso

815 2771 948 2825 spatio
976 2772 1171 2811 currendi
1194 2780 1360 2810 sumunt
1399 2771 1550 2810 viresf‘

814 2830 975 2869 Addere
994 2843 1077 2868 esse
1097 2843 1215 2883 posse
1243 2842 1408 2882 augere,
1438 2834 1551 2867 recte

814 2888 984 2941 ponitur
993 2903 1004 2938 ;
1021 2887 1093 2926 sed
1110 2888 1322 2940 quaeritur
1340 2899 1417 2935 reS,
1428 2899 1554 2937 quam

817 2945 1035 2997 quadrigae
1055 2946 1239 2995 addunt,
1271 2950 1430 2996 augent.
1467 2942 1550 2982 Ao-

816 3004 1012 3057 cipiebam
1040 3004 1189 3042 addere
1217 3016 1295 3055 pro
1315 3001 1466 3040 addere
1487 3014 1550 3052 se;
