1734 3320
119 86 222 167 584

120 244 265 292 Tum
316 256 448 290 vero
505 239 757 290 ardentes
807 238 984 302 oculi,

449 115 506 164 P.
540 112 895 166 VIRGILII
938 112 1314 164 MARONIS

1052 248 1213 307 atque
1273 240 1538 293 adtractus
1589 241 1654 293 ab

916 309 1023 359 alto
1518 340 1521 344 ¹
1553 318 1656 368 505

121 382 373 449 Spiritus,
411 379 687 430 interdum
713 379 919 444 gemitu
945 380 1140 445 gravis3
1179 381 1398 450 imaque
1421 382 1608 451 longo.

117 452 210 503 Ilia
232 450 466 517 singultu
489 450 748 512 tendunt3
787 449 826 498 it
847 450 1065 502 naribus
1089 459 1203 501 ater

120 523 367 588 Sanguis,
408 530 460 571 et
487 522 728 572 obsessas
754 518 936 582 fauces
961 522 1162 587 premit
1186 538 1371 589 aspera
1394 524 1587 590 lingua.

117 592 328 645 Profuit
352 593 554 642 inserto
577 591 758 641 latices
779 588 1070 641 infundere
1094 607 1266 641 cornu

116 667 385 724 Lenaeos3
426 679 486 712 ea
510 662 618 711 visa
642 660 779 711 salus
806 661 1166 711 morientibus
1189 679 1322 724 una3

1552 668 1656 718 510

117 738 246 786 Mox
270 742 381 783 erat
403 732 510 782 hoc
533 732 710 799 ipsum
736 731 920 794 exitiO,
958 730 1220 799 furiisque
1245 731 1437 783 refecti

117 804 420 865 Ardebant,
459 803 668 869 ipsique
692 819 845 865 suos,
885 803 989 851 iam
1013 814 1194 853 morte
1218 803 1317 853 sub
1345 819 1516 870 aegra,

119 878 226 942 (DI
245 874 471 924 meliora
497 873 622 941 piis,
664 889 1020 941 erroremque
1046 873 1293 924 hostibus
1319 873 1530 941 illumi)

166 1018 234 1054 505
261 1015 474 1050 abstractus
491 1014 623 1069 Regius
644 1014 804 1048 Martini.

901 1016 972 1051 506
995 1015 1140 1051 Wakef.
1167 1015 1389 1062 interpungit
1419 1018 1575 1064 spiritus
1592 1019 1656 1053 in-

118 1066 284 1106 terdum,
307 1065 448 1111 gemitu
473 1075 614 1109 grams.
665 1062 815 1096 Gravius
848 1069 921 1105 est,
959 1063 1055 1108 quod
1089 1063 1182 1096 idem
1209 1063 1246 1096 in
1272 1064 1478 1109 parenthesi
1506 1065 1657 1100 includit

117 1126 186 1147 VSS.
208 1111 424 1147 505—508.
450 1110 640 1156 (refutatus
660 1110 703 1143 ab
725 1109 862 1144 Iahnio.
893 1112 950 1145 W
945 1110 1008 1155 ιη),
1039 1112 1199 1157 gemitus
1218 1111 1332 1154 Leid.,
1358 1112 1404 1145 ad
1419 1112 1656 1158 vulgariorem

116 1160 301 1194 rationem.
351 1159 502 1203 altaque
524 1158 637 1204 longo
658 1157 788 1191 Medic.
819 1170 839 1190 a
864 1170 910 1192 m.
939 1170 994 1204 pr.
1031 1160 1084 1204 (In
1103 1157 1182 1203 ipso
1211 1170 1315 1192 versu
1343 1160 1496 1205 altaque
1516 1161 1552 1193 in
1575 1161 1657 1195 Me-

117 1208 200 1249 dic„
224 1207 368 1252 appicto
388 1212 505 1238 tamen
525 1217 632 1250 supra
650 1205 751 1250 signo
766 1231 776 1247 ,
802 1205 897 1250 quod
918 1205 1052 1239 indicet
1065 1231 1074 1247 ,
1098 1217 1175 1239 voe.
1199 1207 1364 1252 imaque,
1390 1207 1425 1239 in
1445 1207 1514 1241 fine
1533 1220 1656 1242 versus

117 1255 295 1297 additum,
330 1253 384 1286 illi
414 1252 699 1286 substituendum
727 1265 825 1293 esse;
860 1252 997 1286 scilicet
1029 1253 1283 1286 aberraverant
1316 1253 1411 1287 oculi
1438 1254 1578 1289 librarii
1610 1256 1657 1289 ad

117 1301 339 1347 superiorem
356 1312 505 1334 versum.
537 1299 632 1343 lVr.)
684 1312 832 1347 unaque
850 1300 1014 1334 Parrhas.
1075 1301 1220 1346 imaque
1247 1301 1354 1348 longi
1374 1302 1449 1335 Ilia
1466 1303 1658 1351 singultus

117 1350 278 1384 tendunt
293 1347 457 1382 Reiskius
476 1346 700 1382 coniiciebat.

782 1347 852 1382 507
877 1349 917 1381 in
933 1346 1089 1382 naribus
1104 1348 1191 1392 Reg.
1213 1359 1387 1393 superscr.
1423 1358 1505 1383 ater
1526 1359 1562 1384 et
1582 1362 1656 1384 na·-

118 1395 221 1431 ribus
248 1397 350 1429 Rom.
400 1403 522 1428 autem
551 1407 618 1439 pro
641 1403 723 1428 ater
750 1406 836 1427 unus
856 1395 972 1429 Mead.

1068 1395 1138 1430 508
1165 1407 1364 1441 oppressas
1384 1397 1479 1441 apud
1497 1398 1655 1431 Macrob.

116 1447 190 1478 Sat.
219 1444 290 1485 VI,
329 1445 371 1485 2,
410 1441 513 1476 male.
573 1441 702 1476 obesas
726 1441 836 1476 Goth.
865 1454 934 1476 sec.
995 1454 1131 1489 aspera
1160 1442 1217 1475 vel
1243 1443 1353 1476 arida
1381 1450 1494 1489 quart.
1525 1446 1655 1479 Moret-

117 1491 183 1527 511
211 1492 361 1531 exitium
395 1489 514 1532 Toll.,
556 1489 620 1523 sed
649 1489 721 1523 vid.
747 1491 863 1523 Burm.

116 1540 186 1574 512
210 1540 249 1572 in
270 1546 387 1571 morte
401 1538 590 1571 Romanus.

923 1488 1063 1536 refecto
1099 1491 1188 1523 Ven.
1252 1488 1387 1536 referti
1411 1491 1482 1525 duo
1518 1493 1651 1526 Moret.

687 1536 756 1572 513
782 1538 833 1570 Di
853 1537 1008 1571 meliora
1027 1538 1137 1583 prius
1154 1537 1332 1580 Parrhas„
1357 1549 1440 1572 mox
1463 1551 1534 1585 que
1553 1540 1656 1573 abest

116 1585 218 1619 Leid.
268 1585 511 1629 ardoremque
539 1582 709 1618 hostibus
734 1585 923 1618 Romanus.
973 1584 1043 1618 Sed
1071 1584 1142 1618 vid.
1169 1583 1206 1618 h.
1236 1584 1261 1619 l.
1288 1586 1405 1619 Burm.
1462 1588 1656 1621 horrorem

118 1633 198 1667 cod.
218 1631 372 1666 Fabricii
395 1630 573 1665 Chemnic.
593 1639 627 1665 et
642 1631 750 1666 Goth.
772 1644 841 1666 sec.

119 1740 285 1782 crudior
308 1755 355 1781 ac
380 1741 537 1782 saevior
557 1742 656 1782 fieri.
704 1741 766 1780 Ita
786 1740 859 1779 de-

117 1816 229 1840 mum
265 1801 507 1840 Servianum
549 1802 684 1840 locuni
713 1799 860 1839 habet:

118 1860 298 1898 validior
319 1860 430 1909 fieri.
499 1860 556 1898 Ut
593 1865 739 1898 contra
778 1860 860 1896 mi—

118 1926 259 1956 tescere
274 1948 283 1966 ,
318 1919 482 1967 molliri,
515 1918 723 1967 dicuntur,
755 1930 861 1968 quo-

118 1990 213 2015 rum
230 1976 353 2014 nimia
372 1976 431 2015 vis
450 1975 717 2015 imminuitur.
761 1975 858 2017 505.

118 2034 216 2077 506.
247 2034 458 2073 Lucretius
483 2034 548 2084 VI,
574 2033 685 2076 1184
720 2032 860 2072 Creber

117 2095 303 2144 spiritus,
355 2101 428 2131 aut
461 2095 605 2144 ingens
619 2123 630 2142 ,
685 2105 856 2144 raroque

117 2159 287 2189 coortus.
375 2151 454 2190 Sed
475 2182 485 2201 ,
538 2164 642 2203 quae
691 2156 856 2190 tantum

115 2209 354 2259 illustrant,
404 2209 474 2248 hic
509 2203 681 2261 quidem'
714 2208 858 2247 afferre

116 2281 201 2306 non
222 2281 449 2320 possumus
491 2267 619 2306 Multa
640 2267 856 2306 huiusmo-

119 2325 160 2363 di
183 2326 292 2378 apud
313 2326 487 2364 Cerdam
518 2326 650 2366 videri
671 2331 855 2379 possunt.

117 2383 215 2426 507.
247 2384 413 2422 tendant
452 2397 516 2434 se,
561 2391 610 2423 ut
636 2385 717 2424 iam
739 2396 857 2436 saepe

118 2448 191 2480 aut
210 2442 375 2480 tendant
394 2456 446 2481 sc.
468 2443 642 2495 pecudes
654 2458 665 2494 3
695 2449 744 2482 ut
763 2456 856 2481 mo-

118 2499 171 2538 do
195 2514 235 2539 v.
258 2500 341 2542 503
367 2500 480 2538 dant.
515 2501 596 2539 hoc
614 2502 776 2550 melius,
807 2506 857 2539 ut

117 2572 228 2596 nunc
262 2558 315 2596 ad
354 2563 490 2597 totum
532 2573 655 2611 genus
691 2559 855 2609 redeat3

117 2622 409 2657 armentorum.
450 2617 548 2659 508.
567 2619 715 2669 lingua
733 2632 857 2669 aspe-

116 2690 187 2724 ra,
220 2674 553 2725 inflammatione,
575 2678 736 2726 premit,
761 2675 856 2727 quia

117 2732 239 2772 simul
258 2733 512 2772 intumuerat
531 2732 596 2788 (ut
614 2733 735 2773 Ovid.
759 2733 855 2772 Met.

117 2791 203 2842 VII,
224 2791 310 2835 556
338 2792 501 2844 Aspera
519 2793 667 2844 lingua
694 2789 851 2845 tumet),

104 2850 259 2901 fauces
287 2849 488 2900 obsessas,
532 2863 603 2890 seu
622 2848 857 2903 simpliciter

119 2907 378 2959 constrictas,
409 2908 648 2949 interclusas
677 2908 765 2961 ipso
784 2913 856 2946 tu-

918 1754 1053 1791 more,
1088 1754 1160 1779 seu
1180 1740 1409 1791 ulceribus,
1449 1754 1551 1793 quae
1571 1741 1656 1781 fre·-

919 1799 1085 1850 quentia
1095 1799 1138 1837 in
1148 1798 1228 1838 hoc
1238 1800 1395 1849 morbo,
1416 1806 1457 1838 et
1470 1814 1492 1837 a
1504 1801 1657 1839 Lucre—-

917 1857 975 1895 tio
998 1857 1120 1895 etiam
1138 1864 1440 1896 memorantur:
1479 1873 1518 1898 v.
1543 1858 1655 1901 1146

919 1915 1116 1954 ulceribus
1146 1917 1256 1955 vocis
1275 1918 1344 1955 via
1372 1924 1488 1968 septa
1504 1916 1650 1956 coibat.

922 1975 1180 2023 Φλυκταίνας
1245 1974 1388 2013 Graeci
1452 1975 1657 2028 appellant

917 2030 1045 2085 (quae
1081 2033 1354 2071 restituendae
1391 2033 1435 2071 in
1474 2034 1655 2087 Geopon.

915 2091 1042 2141 XVII,
1065 2094 1134 2141 29,
1159 2091 1230 2130 ubi
1250 2092 1373 2145 vulgo
1401 2091 1496 2144 περὶ
1532 2097 1656 2143 φθει-

916 2152 1099 2203 ριῶντος.
1130 2149 1228 2188 Cod.
1264 2147 1376 2203 φλύη
1401 2151 1553 2191 ταίνων
1579 2153 1656 2205 τῆς

914 2203 1100 2262 γλώσσης
1119 2208 1192 2261 leg.
1216 2207 1512 2264 φλυκταινῶν).

975 2266 1072 2308 509.
1119 2267 1349 2305 Imitatione
1397 2280 1586 2319 expressa
1631 2281 1656 2306 a

914 2324 1069 2363 Nemes.
1108 2325 1253 2378 Cyneg.
1285 2327 1383 2367 228.
1413 2328 1512 2368 229.
1562 2325 1655 2366 Vini

900 2396 1034 2439 ¹usum
1067 2397 1204 2422 omnes
1231 2385 1314 2422 sere
1331 2389 1491 2423 veteres
1510 2383 1589 2423 hac
1610 2385 1655 2423 in

915 2441 1147 2480 calamitate
1197 2442 1506 2481 commendant:
1544 2448 1654 2481 tam-

914 2513 1037 2551 quam
1056 2500 1360 2553 antisepticum5
1399 2499 1474 2538 etsi
1496 2500 1654 2553 saepius

914 2571 1060 2596 nocere
1101 2558 1242 2597 debuit
1286 2571 1409 2610 quam
1448 2559 1652 2611 prodesse.

915 2616 1012 2658 512.
1056 2615 1259 2654 Ardebant
1291 2616 1423 2668 furiis
1444 2647 1455 2666 ,
1511 2617 1653 2656 furore
1684 2622 1686 2624 ’

915 2674 1261 2726 corripiebantur,
1304 2687 1405 2726 quos
1424 2674 1568 2714 vinum
1585 2675 1652 2714 in—

913 2732 1051 2770 fusum
1088 2733 1299 2772 refecerat.
1366 2733 1464 2775 513.
1506 2734 1653 2773 Versus

915 2790 1063 2829 eximio
1115 2804 1207 2830 cum
1244 2790 1417 2830 artificio
1455 2791 1653 2843 insertus3

916 2848 1215 2888 abominatione
1244 2849 1324 2889 hac
1352 2849 1405 2888 ad
1425 2850 1653 2889 miseratio-

914 2920 1009 2946 nem
1030 2913 1071 2946 et
1096 2907 1183 2961 ipsa
1207 2908 1400 2948 faciente:
1432 2908 1527 2948 date
1546 2922 1653 2947 erro—
