1734 3320
249 163 743 258 0110801008
788 204 931 254 Lm.
957 204 1057 267 m,

1104 209 1173 257 23
1184 235 1253 246 —
1265 211 1329 257 31
1454 208 1556 259 507

26 337 207 402 Atque
229 332 319 383 hic
339 330 643 382 undantem
661 328 809 379 bello
826 345 1197 398 magnumque
1221 329 1488 384 fluentem

8 404 236 468 «Nilum,
270 418 332 453 ac
354 400 525 452 navali
548 401 814 466 surgentis
839 417 962 451 aere
986 399 1280 454 columnas,

26 473 243 527 Addam
253 471 405 523 urbis
413 472 568 523 Asiae
585 470 832 536 domitaS,
849 470 1177 539 pulsumque
1188 471 1475 553 Niphaten,
1488 478 1557 524 30

13 543 426 645 -FidentemtIue
448 540 574 607 fuga
592 540 856 592 Parthum
874 541 1151 609 versisque
1173 543 1397 608 sagittiS‚

223 685 270 707 ue
287 672 375 707 hinc
394 671 505 706 Goth.
524 682 596 706 sec.
616 678 651 705 et
667 670 833 706 Brunckii
851 670 963 712 liber,
989 671 1086 718 quod
1102 670 1166 705 ille
1187 671 1347 718 recepit:
1384 671 1454 705 erit
1471 682 1558 716 ergo

26 731 117 766 pro,
151 719 190 754 in
216 731 256 762 e,
295 725 436 765 postea.
478 718 639 764 (recepit
666 719 775 752 etiam
800 718 959 752 Vossius.
1007 722 1130 765 Atque
1155 719 1238 762 lu'c,
1269 719 1293 753 i.
1321 731 1353 753 e.
1376 718 1414 752 18
1444 718 1560 752 altera

26 767 283 813 foriumparte

291 773 366 809 ,ut
381 766 494 801 altera
507 765 609 800 valva
623 778 778 812 pugnam
796 765 1055 811 Gangaridum,
1079 765 1193 800 altera
1210 766 1469 812 Aegyptiorum
1490 777 1557 799 ex-

26 813 162 849 hibeat.
221 814 383 848 Ceterum
409 814 448 847 in
482 812 654 847 eiusmodi
682 813 927 858 phantasmate
961 825 1041 847 non
1060 814 1254 858 premenda
1292 813 1419 848 omnia.
1459 812 1557 857 Wr.)

5 862 77 898 *30
98 864 153 896 At
182 869 262 896 tum
283 859 393 895 urbes
425 860 481 895 ed.
509 861 600 894 Ven.
647 861 837 915 Niphaten
854 860 983 894 Medic.
1007 873 1028 894 a
1053 873 1099 894 m.
1117 872 1188 894 sec.
1216 873 1293 895 cum
1320 860 1437 894 multis
1467 859 1558 894 aliis.

28 909 175 955 (Medic.
191 920 214 942 8
228 920 275 942 ιιι.
294 920 350 954 pr.
368 908 573 948 Navacem3
597 907 662 940 sed
678 907 792 952 priori
809 920 834 941 a
855 914 1050 953 expunctae
1068 919 1175 953 supra
1194 907 1371 953 adscripta
1392 909 1427 949 i·
1451 919 1559 952 supra

28 961 251 1002 vcomparet
260 954 298 1003 J,
321 968 356 989 m
371 963 487 989 autem
502 954 541 988 in
558 967 584 988 n
604 961 769 988 mutatur.
803 955 992 1002 Niphaten
1010 955 1045 990 3.
1065 955 1099 990 5.
1118 957 1152 992 8.
1176 955 1376 1002 ΜΡΙιαιεηι
1390 956 1481 991 2.7.
1501 956 1558 990 11.

28 1004 86 1039 12.
116 1004 214 1047 Wr.)

262 1003 464 1050 Mphatem
484 1008 567 1036 ante
581 1001 703 1035 Heins-
751 1002 917 1057 Niphate
938 1001 1047 1036 Goth.
1068 1014 1139 1036 sec.
1162 1015 1183 1036 a
1202 1015 1248 1036 m.
1264 1015 1334 1047 pr„
1357 1002 1457 1048 quasi
1467 1003 1559 1035 Par-

26 1050 111 1090 thus
130 1050 176 1084 ab
197 1061 241 1084 eo
260 1056 383 1084 monte
402 1049 523 1095 pulsus
544 1055 650 1083 esset.
697 1049 768 1083 Sed
787 1049 948 1094 virgulae
974 1048 1166 1083 omissione
1184 1049 1315 1084 factum
1331 1057 1432 1095 puto.
1480 1049 1557 1083 Ni-

21 1097 163 1179 Ῡζιὲιεεε
173 1097 318 1152 pulsus
326 1096 495 1130 audacter
513 1096 657 1130 dictum.
694 1096 732 1130 Si
751 1097 883 1139 victus,
908 1096 1081 1139 domitus,
1107 1103 1212 1137 esset,
1238 1097 1329 1130 nihil
1349 1096 1556 1131 offenderet.

116 1145 251 1190 Bryant
267 1142 377 1178 fuisse
393 1143 617 1178 coniectabat
629 1143 855 1190 pulsumque
874 1123 1094 1178 'Phraacetm

27 1243 275 1284 nisPalatini
289 1257 325 1283 a.
337 1244 422 1287 725
442 1243 630 1283 dedicati.
660 1243 766 1282 Pro-

26 1309 134 1357 pert.
154 1302 203 1353 11,
232 1305 304 1353 23,
335 1305 391 1345 12
422 1303 479 1341 Et
506 1303 656 1342 valvae
683 1303 765 1340 Li-

27 1361 120 1414 byci
143 1360 275 1399 nobile
303 1361 434 1399 dentis
460 1375 563 1413 opus
574 1375 591 1409 ;
631 1360 763 1399 altera

27 1420 200 1458 deiectos
218 1420 421 1458 Parnassi
437 1421 581 1459 vertice
603 1418 764 1468 Gallos,

27 1478 159 1516 altem
174 1477 374 1516 moerebat
388 1477 549 1529 funera
573 1477 765 1516 Tantali-

16 1534 132 1591 dos.)
151 1541 243 1575 tum
262 1549 304 1575 v.
326 1534 383 1578 34
399 1535 512 1588 signa
529 1548 577 1574 ac
594 1541 764 1574 statuas.

27 1595 227 1646 Pugnam
253 1594 594 1647 Gangaridarum
621 1590 766 1647 (Indo-

27 1665 124 1692 rum
141 1651 196 1691 ad
214 1651 362 1704 Gangis
381 1652 485 1691 ostia
503 1652 553 1691 ab
573 1651 766 1690 occiden-

27 1710 102 1749 tali
121 1709 256 1766 parte)
283 1717 502 1760 memorat,
533 1710 629 1762 quia
650 1723 765 1749 com-

27 1768 166 1808 munis
188 1768 257 1807 ille
283 1768 454 1808 laudum
479 1769 593 1808 locus
611 1768 657 1807 in
674 1768 766 1807 Au·-

27 1825 168 1880 g'usto,
197 1833 248 1866 ut
263 1825 388 1866 Indos
405 1841 497 1866 cum
517 1826 680 1866 Parthis
697 1827 767 1866 vi-

29 1891 117 1924 ctos
139 1885 176 1924 ei
193 1891 267 1924 aut
288 1885 579 1939 promitterent
595 1892 669 1924 aut
689 1885 766 1924 ‹la-

27 1949 136 1984 rent.
173 1944 282 1983 conf.
313 1958 402 1997 sup.
431 1944 574 1996 Georg.
592 1944 642 1994 II,
669 1946 765 1986 171.

32 2004 129 2044 172.
158 2000 260 2041 Aen.
278 2002 310 2052 I,
337 2004 437 2044 289.
497 2002 668 2041 Curabit
684 2002 767 2041 ita-

30 2073 111 2112 que
131 2074 156 2099 8
177 2060 383 2113 scalptore
404 2060 538 2113 effingi
555 2060 680 2099 Indos
699 2060 768 2099 vi-

31 2124 141 2168 ctos,
170 2117 401 2171 Aegyptum
422 2119 653 2168 subactam,
675 2123 769 2171 post

30 2175 240 2215 Actiacam
257 2177 485 2227 victoriam,
505 2182 597 2216 tum
616 2176 766 2226 Asiam,

31 2234 266 2287 Armeniam
293 2241 336 2273 et
361 2234 536 2274 Parthos
567 2235 621 2273 ad
647 2235 767 2274 obse—

32 2293 175 2346 quium
199 2292 400 2332 redactos.
458 2293 660 2332 Memorat
690 2307 767 2332 au-

30 2358 118 2391 tem
136 2365 221 2402 105,
251 2365 325 2404 per
343 2365 443 2405 quas
464 2366 529 2391 ars
549 2352 768 2405 symbolice

32 2423 81 2449 ea
114 2409 288 2448 reddere
320 2410 474 2462 possit:
517 2424 696 2464 pugnam
726 2416 768 2448 et

31 2469 231 2508 victorem
262 2467 515 2520 Augustum,
555 2469 693 2507 Nilum
726 2474 769 2506 et

33 2532 251 2579 tropaeum
294 2527 506 2565 columnae
554 2533 767 2566 rostratae.

34 2584 238 2634 Quaeras,
269 2585 474 2637 quomodo
496 2586 618 2624 urbes
639 2592 681 2624 et
698 2598 769 2624 re-

34 2643 178 2694 liqna?
215 2643 397 2693 Scilicet,
419 2650 468 2682 ut
486 2644 532 2682 in
548 2644 682 2682 numis
701 2643 769 2683 vi-

36 2701 178 2740 demus
193 2702 423 2753 provincias
438 2703 625 2741 muliebri
639 2703 770 2741 forma

35 2758 256 2811 supplices,
306 2760 540 2799 Armeniam
576 2767 771 2799 maestam

36 2817 243 2856 sedentem
266 2817 376 2856 inter
402 2833 532 2869 arma,
570 2818 772 2858 Parthum

36 2889 169 2914 unum
192 2875 259 2915 vel
287 2875 369 2914 duo
395 2876 448 2914 ad
472 2883 686 2929 tropaeum
706 2890 771 2916 se-

37 2934 181 2973 dentes
205 2933 391 2972 manibus
410 2941 504 2986 post
521 2941 682 2987 tergum
702 2948 772 2974 re-

37 2992 195 3031 vinctis.
263 2990 491 3044 Augustum
523 3000 661 3032 autem
698 3006 772 3046 per

1129 1143 1257 1189 (urbes
1283 1144 1414 1179 Medic.
1455 1144 1554 1188 Wr.)

827 1245 1046 1296 Quirinum
1058 1243 1310 1296 designatum
1322 1244 1469 1296 videri,
1481 1245 1559 1284 ob-

822 1303 937 1342 vium
965 1308 1036 1341 est.
1103 1302 1248 1341 Melius
1276 1301 1358 1342 hoc
1374 1333 1386 1354 ,
1436 1317 1558 1356 quam

828 1361 1045 1413 Quirinum
1076 1374 1153 1413 pro
1190 1361 1345 1413 populo
1378 1361 1557 1413 Quirini,

821 1419 1039 1468 Romanis,
1079 1432 1103 1456 a
1138 1425 1262 1471 poeta
1300 1419 1391 1459 dici.
1438 1435 1559 1459 arma

827 1478 989 1529 Quirini
996 1476 1154 1530 poetica
1170 1478 1464 1517 consuetudine
1481 1493 1558 1532 pro

822 1536 998 1585 Quirino
1019 1535 1064 1574 in
1081 1535 1203 1574 armis
1216 1567 1227 1586 ,
1258 1542 1429 1576 armato.
1473 1537 1561 1576 Nisi

821 1609 941 1633 ayma
966 1608 1043 1647 pro
1066 1593 1194 1644 bello,
1233 1607 1369 1647 pugna
1393 1601 1466 1634 aut
1492 1595 1560 1635 vi-

822 1652 974 1703 ctoria,
1005 1652 1116 1691 dicta
1147 1652 1342 1705 accipias,
1381 1653 1495 1706 quod
1518 1659 1560 1693 et

820 1711 955 1765 ipsum
975 1710 1078 1749 bene
1099 1709 1227 1749 fieret.

879 1771 951 1811 28.
967 1771 1037 1811 29.
1065 1767 1309 1821 Aegyptum,
1334 1768 1453 1808 victis
1470 1768 1560 1808 An-

822 1828 937 1867 tonio
955 1833 997 1866 et
1010 1826 1224 1880 Cleopatra
1240 1841 1379 1880 pugna
1392 1826 1560 1867 Actiaca

822 1885 982 1935 navali,
1013 1885 1053 1924 in
1074 1891 1320 1939 potestatem
1341 1886 1392 1925 ab
1416 1885 1561 1939 Augu-

823 1950 887 1984 sto
910 1943 1122 1984 redactam
1140 1950 1355 1986 memorat.
1393 1946 1560 1983 zmdan-

823 2011 904 2041 tem
930 2002 1033 2041 bello
1064 2008 1107 2041 et
1127 2016 1353 2055 magnum,
1388 2003 1559 2056 copiose,

813 2062 1018 2113 fluentem
1061 2058 1182 2115 (nam
1216 2061 1324 2112 fluit
1360 2075 1554 2113 magnas,

824 2119 994 2168 malm-s,
1023 2117 1195 2168 fluvius,
1225 2115 1358 2167 πολῦς
1375 2118 1479 2172 ῤ’έειτ
1507 2119 1559 2158 cf.

824 2177 955 2215 Bentl.
983 2175 1036 2214 ad
1059 2176 1205 2215 Horat.
1223 2176 1243 2215 Ι
1263 2177 1389 2215 Serm.
1407 2179 1448 2227 7,
1469 2175 1558 2231 28),

826 2233 928 2289 (vid.
960 2240 1103 2273 notata
1128 2234 1183 2273 ad
1210 2233 1310 2273 Aen.
1330 2234 1436 2285 VIII,
1461 2235 1560 2278 559.

828 2291 952 2347 Wr.)
990 2293 1128 2332 Nilum
1157 2307 1304 2345 magno
1336 2293 1484 2346 spiritu
1514 2307 1561 2330 a-

824 2364 961 2389 mnem
982 2351 1174 2404 appellat,
1204 2357 1375 2404 propter
1395 2365 1561 2403 magnos

824 2416 1043 2463 apparatus
1063 2410 1227 2448 bellicos
1246 2409 1297 2447 ab
1318 2408 1495 2448 Antonio
1516 2409 1562 2448 in

825 2467 1009 2520 Aegypto
1038 2469 1189 2519 180105,
1217 2473 1266 2507 ut
1285 2468 1459 2520 populos
1486 2473 1561 2506 aut

824 2527 1058 2580 provincias
1075 2526 1176 2565 bello
1192 2534 1386 2564 tumentes
1404 2526 1560 2575 dicunt,

826 2599 922 2623 cum
942 2585 1119 2623 animose
1140 2584 1293 2623 bellum
1317 2590 1466 2636 parant
1474 2599 1486 2635 3
1514 2589 1563 2622 ut

828 2643 993 2682 omnino
1016 2643 1225 2695 superbia,
1254 2643 1386 2692 fastu,
1413 2651 1562 2681 tumere

828 2701 1022 2740 dicuntur
1047 2700 1246 2740 homines.
1306 2700 1434 2749 Quod
1468 2713 1563 2738 cum

828 2760 888 2811 ad⁴
897 2759 1072 2799 fluvium
1088 2760 1344 2808 transfertur,
1357 2758 1562 2811 praeclare

826 2818 894 2858 ille
923 2818 1073 2857 fluctus
1100 2818 1288 2866 volvere,
1336 2830 1458 2867 aquas
1486 2828 1562 2852 au-

826 2890 918 2929 gere
948 2883 990 2915 et
1021 2876 1214 2923 incitare,
1260 2875 1365 2912 bello
1405 2872 1563 2911 undare

828 2935 913 2973 dici
939 2940 1085 2987 potest.
1143 2933 1239 2971 Fert
1266 2932 1374 2970 idem
1402 2930 1562 2983 patrius

828 3006 973 3031 sermo.
1040 2992 1131 3031 Hoc
1159 2990 1325 3039 melius,
1372 3002 1496 3040 quam
1529 2988 1562 3026 si
