1734 3320
3 326 26 348 ,·
351 258 840 310 GEORGICON
877 260 1019 310 Lm.
1056 262 1160 324 lv,
1197 269 1414 316 7—18.
1531 270 1633 320 597

22 349 24 351 >
100 383 728 466 Pinguibusastabuliffi
772 401 1163 453 meropesque,
1210 388 1448 459 aliaeque
1478 393 1633 444 volu-

897 472 1038 520 creS,

99 527 169 577 Et
189 523 441 575 manibus
461 528 675 576 Procne
699 533 888 594 pectus
912 526 1113 592 signata
1142 529 1388 581 cruentis,

103 594 303 654 Omnia
325 611 454 645 nam
479 595 584 646 late
605 604 837 659 vastant,
875 596 1123 664 ipsasque
1147 596 1375 648 volantis

100 666 217 726 Ore
239 663 426 716 ferunt
450 665 667 717 dulcem
692 666 833 716 nidis
855 667 1133 718 inmitibus
1157 684 1348 720 escam.

100 738 170 787 At
188 735 380 804 liquidi
399 734 581 787 fontes
603 746 657 788 et
675 746 859 803 stagna
880 737 1105 788 virentia
1124 732 1314 789 musco

175 834 254 883 14.
291 845 594 893 vomcmzs3

1570 536 1633 584 15

149 981 196 1018 14
218 980 266 1016 ab
292 981 454 1018 stabulis
474 983 606 1018 Medic.
642 981 764 1028 (idque
783 983 913 1030 reponi
941 983 1042 1018 iubet
1059 984 1206 1020 VVakef.
1237 985 1284 1019 ad
1303 984 1445 1019 Lucret.
1465 986 1529 1027 I'V,·
1550 984 1631 1021 245.

100 1029 164 1063 cfr.
188 1030 233 1071 Q.
252 1031 298 1064 V.
319 1031 348 1073 1,
373 1032 405 1066 1.
434 1030 532 1074 Wr.)
581 1043 652 1077 que
670 1037 756 1076 post
784 1044 952 1079 meropes
980 1032 1083 1066 abest
1115 1045 1134 1065 a
1161 1038 1314 1077 quatuor
1341 1032 1436 1078 apud
1453 1034 1569 1066 Burm.
1596 1038 1632 1065 et

100 1076 157 1110 ed.
174 1076 268 1110 Ven.
288 1077 419 1112 Medic.
437 1077 546 1113 Pierii
566 1084 603 1111 et
622 1088 691 1111 uno
718 1078 837 1113 Mead.
887 1079 986 1113 aliae
1012 1078 1126 1112 videri
1152 1085 1275 1125 potest
1299 1079 1402 1113 nimis
1427 1086 1535 1116 tenue
1553 1091 1631 1113 esse

98 1122 307 1158 vocabulum
338 1136 407 1170 pro
433 1124 654 1170 reliquorum
693 1125 879 1170 dignitate.
936 1126 1054 1160 Sensit
1082 1138 1222 1172 quoque
1249 1127 1300 1160 Io.
1328 1126 1537 1169 Schmder„
1571 1125 1632 1173 qui

100 1169 193 1204 coni·
220 1183 459 1219 meropesque
486 1172 680 1218 malaeque
706 1173 878 1207 volucres
895 1173 952 1207 vel
974 1185 1143 1221 meropes
1165 1173 1373 1219 avidaeque
1397 1187 1431 1207 ν.
1452 1173 1507 1207 vel
1530 1172 1631 1207 blat-

100 1225 235 1264 neque
251 1230 287 1253 v.
309 1218 367 1252 vel
386 1231 595 1267 veapaeque
614 1232 648 1253 ν.
674 1220 783 1263 (Bene
805 1221 922 1261 aliae,
956 1221 1064 1253 modo
1083 1231 1240 1262 comma,
1263 1232 1335 1254 non
1356 1220 1572 1263 semicolon,
1592 1220 1631 1254 in

99 1264 170 1299 fine
189 1277 312 1300 versus
330 1277 464 1311 ponas;
490 1273 679 1312 praeparat
699 1266 791 1300 enim
810 1268 908 1301 aliae
926 1268 1112 1301 transitum
1132 1267 1179 1300 ad
1199 1268 1382 1310 Procnen,
1415 1268 1485 1302 hoc
1503 1267 1628 1301 modo:

99 1323 197 1346 cum
219 1312 346 1347 aliae
378 1313 624 1355 volucres,
658 1321 747 1347 tum
778 1314 971 1347 maxime
1004 1315 1193 1348 Procne.
1240 1316 1287 1349 Et
1304 1321 1360 1348 est
1387 1315 1628 1349 Graecismus:

99 1354 197 1394 ἄλλα
222 1370 265 1395 τε
294 1358 443 1405 πτηνὰ,
477 1360 543 1395 καὶ
569 1358 749 1406 Πρόκνη,
783 1362 878 1395 unde
907 1361 1151 1407 explicandum
1177 1368 1233 1394 est
1259 1363 1365 1395 etiam
1389 1362 1478 1396 illud
1509 1357 1630 1402 ἄλλως

97 1417 140 1442 τε
163 1406 242 1442 καί.
290 1407 382 1442 Plat.
409 1408 514 1454 Apol.
543 1411 642 1442 Socr.
671 1421 748 1453 cap.
778 1410 853 1444 16.:
895 1435 918 1451 „
928 1408 1074 1453 φαῦλοι
1099 1405 1173 1453 γὰρ
1192 1403 1241 1443 ἂν
1267 1404 1341 1444 εἷεν
1360 1409 1440 1444 τῶν
1457 1406 1630 1454 ἡμιθέων

99 1449 188 1490 ὅσοι
214 1450 255 1489 ἐν
284 1454 406 1502 Τροίᾳ
433 1452 762 1500 τετελευτήκασιν,
798 1455 852 1491 οἵ
881 1466 928 1490 τε
963 1451 1105 1490 ἄλλοι
1134 1454 1220 1491 καὶ
1253 1452 1275 1491 ὁ
1310 1455 1395 1501 τῆς
1422 1454 1630 1496 Θέτιδος

97 1498 222 1542 υἱός.
232 1502 258 1522 “
306 1503 370 1537 cfr.
391 1505 506 1536 Sturz.
523 1503 643 1536 Lexic.
664 1504 835 1549 Xenoph.
859 1503 942 1536 Vol.
962 1504 989 1536 1.
1005 1514 1086 1548 pag.
1109 1502 1188 1538 141.
1210 1504 1312 1538 Adde
1333 1506 1376 1545 Q.
1393 1505 1438 1537 V.
1455 1503 1628 1545 XXXIII,

97 1549 133 1584 6.
161 1549 261 1594 Wr.)
366 1549 411 1585 15
446 1551 598 1597 Progne
617 1549 775 1584 scribunt
794 1550 1016 1592 deteriores,
1043 1556 1084 1583 ut
1111 1563 1257 1598 cygnus
1282 1563 1349 1596 pro
1369 1563 1519 1596 cycnus.
1565 1551 1630 1584 Est

96 1593 268 1642 Πρόκνη.
324 1597 395 1630 vid.
432 1597 557 1630 Heius.
590 1597 636 1631 ad
682 1597 783 1631 Ovid.
824 1598 913 1631 Met.
949 1599 1021 1638 VI,
1062 1596 1144 1632 428.
1211 1601 1260 1631 Ec
1292 1598 1448 1631 maculis
1485 1599 1630 1631 Procne

96 1643 297 1678 Markland.
319 1644 366 1678 ad
394 1646 484 1678 Stat.
513 1644 598 1679 Silv.
629 1645 675 1686 V,
699 1645 733 1687 3,
759 1643 806 1680 84
834 1644 946 1685 coni.;
979 1645 1162 1688 eleganter
1189 1645 1334 1690 utique,
1366 1645 1396 1678 si
1422 1651 1553 1689 poetae
1577 1644 1629 1678 ita

97 1690 273 1737 placuisse
299 1697 491 1725 constaret.
548 1691 705 1725 Maculas
742 1691 834 1725 enim
862 1691 939 1738 ipse
968 1699 1074 1738 poeta
1105 1691 1265 1726 declarat
1294 1692 1365 1725 suis
1395 1692 1533 1732 verbis;
1570 1703 1628 1725 eas

33 1744 37 1745 ’
98 1737 206 1771 etiam
223 1738 326 1772 Ovid.
346 1739 398 1773 Vl
419 1739 506 1772 Met.
528 1739 599 1774 670
617 1739 776 1784 appellat
794 1747 916 1773 notas.
964 1739 1002 1774 Si
1022 1746 1138 1772 tamen
1162 1739 1315 1773 maculas
1333 1739 1403 1773 sibi
1427 1738 1506 1784 ipsa
1525 1750 1629 1772 manu

97 1785 276 1859 adspersit
287 1811 298 1828 ‚
321 1785 445 1831 quidni
462 1784 633 1840 manibus
650 1788 835 1840 cruentis-3
861 1786 897 1820 h.
917 1798 1055 1841 cruore,
1074 1795 1210 1841 pectas
1228 1788 1399 1834 signasse
1417 1786 1509 1819 bene
1527 1785 1628 1820 dica-

96 1838 175 1866 tur.
214 1832 350 1867 habens
375 1839 501 1877 pectus
530 1840 706 1877 signatum
734 1833 896 1866 manibus
922 1845 1006 1868 suls.
1101 1832 1147 1869 16
1168 1846 1344 1882 quasque
1372 1833 1545 1867 volucres
1569 1844 1627 1879 ap.

97 1879 255 1914 Nonium
270 1879 310 1914 in
327 1880 450 1915 nido-t.
546 1881 591 1916 18
615 1883 667 1914 Et
685 1881 827 1926 Menag.
849 1880 951 1915 alter.
1443 1902 1446 1905 »

20 2012 22 2014 ·
65 2027 67 2029 ·
98 1995 168 2052 (de
191 2011 273 2051 quo
293 1998 366 2038 inf.
386 1998 491 2054 243)
510 2000 751 2052 pronuntiat
768 2000 839 2039 Iu-
897 2001 982 2041 vid.
1013 2000 1124 2055 apud
1154 1999 1336 2039 Cerdam.
1368 1997 1427 2053 (et
1443 1999 1490 2038 V.
1509 1998 1552 2037 L.
1575 1998 1625 2037 ad

95 2055 175 2096 lius
193 2057 330 2096 Sabin.
360 2058 417 2096 At
435 2071 667 2110 perperam:
689 2058 838 2096 distin-

95 2116 184 2167 guit
202 2121 424 2168 utrumque
444 2129 571 2168 genus
591 2116 746 2154 Colum.
764 2116 836 2165 IX,

97 2176 146 2224 7,
177 2174 218 2218 5.
247 2177 273 2217 6
304 2182 524 2213 venenatus
557 2175 687 2212 stellio
713 2196 772 2203 —
797 2180 839 2212 et

95 2246 197 2271 mox
228 2241 368 2271 contra
389 2231 625 2284 fallaciam
664 2233 807 2270 lacerti
820 2262 829 2280 ,

97 2292 171 2343 qui
190 2290 300 2329 velut
317 2298 450 2328 custos
471 2289 665 2328 vestibulo
682 2290 834 2341 prode-

96 2347 259 2386 untibu-s·
310 2348 476 2386 inhians
523 2347 672 2399 apibus
713 2347 836 2401 affert

95 2408 280 2444 exitiscm.
341 2406 591 2444 Memoratus
607 2406 737 2444 stellio
762 2406 834 2445 inf.

96 2462 196 2506 242.
237 2478 393 2516 merops
422 2470 521 2502 nota
552 2463 660 2513 avis,
692 2464 835 2516 apibus

94 2522 271 2561 inimica.
292 2524 522 2574 apiastrum
535 2522 658 2574 vulgo
673 2527 835 2572 vocant,

97 2586 170 2620 aut
189 2581 240 2619 ab
266 2594 388 2633 apum
416 2580 661 2619 comestione
685 2593 836 2619 nomen

97 2639 317 2691 imponunt
343 2654 355 2689 3
406 2638 688 2690 Jmmenwolf‚
728 2640 834 2677 Bie-

97 2697 284 2749 nensrass
319 2695 432 2750 (vid.
469 2696 675 2735 Kleinium
720 2698 833 2735 Hist.

96 2755 254 2793 Avium
273 2756 397 2793 Fam.
418 2755 486 2805 IV,
509 2755 609 2793 Gen.
626 2754 691 2802 15,
714 2754 833 2795 Tr.2.

98 2813 298 2865 Expressa
331 2813 464 2866 imago
499 2812 610 2866 apud
638 2811 833 2851 Albinum

99 2871 213 2908 Hist.
244 2879 331 2908 nat.
364 2871 520 2910 Avium
542 2871 588 2909 T.
614 2870 656 2919 I,
686 2884 725 2909 n.
744 2868 832 2924 44).

99 2927 280 2966 Eandem
322 2942 405 2967 una
453 2943 547 2967 cum
589 2927 832 2979 hirundine,

99 2987 278 3035 Procne,
319 2987 441 3024 etiam
479 2987 548 3026 alii
585 3000 832 3026 commemo-

98 3050 195 3083 rant
218 3044 328 3084 inter
357 3058 451 3084 aves
485 3045 628 3098 apibus
656 3045 833 3084 infestas.

895 2058 937 2098 h.
970 2059 996 2097 l.
1031 2058 1160 2113 Wr.)
1233 2058 1300 2101 15.
1338 2057 1469 2096 Etiam
1505 2056 1627 2096 Ovid.

894 2117 990 2156 Met.
1015 2117 1093 2167 VI,
1131 2118 1215 2159 669
1254 2130 1382 2168 neque
1417 2115 1553 2153 adhuc
1577 2115 1629 2153 de

889 2183 1051 2226 pectore
1075 2175 1213 2213 caedis
1247 2173 1445 2227 Efficgere
1479 2181 1597 2210 notae
1611 2202 1622 2222 ‚

891 2234 1137 2286 signataque
1156 2234 1358 2284 sanguine
1381 2231 1531 2282 pluma
1550 2239 1621 2268 est.

891 2291 1053 2329 Scilicet
1079 2290 1257 2329 maculas
1282 2290 1327 2328 in
1355 2289 1458 2328 collo
1477 2287 1626 2327 hirun-

892 2348 998 2387 dinis
1021 2349 1199 2388 rubellas
1222 2348 1271 2386 ab
1295 2347 1487 2399 sanguine
1504 2359 1625 2399 repe-

890 2413 1008 2457 tunt,
1048 2421 1129 2459 quo
1160 2406 1352 2459 respersit
1377 2418 1418 2443 se
1457 2405 1624 2454 Procne,

893 2479 988 2503 cum
1005 2465 1136 2505 filium
1150 2464 1337 2504 manibus
1357 2463 1439 2502 suis
1462 2463 1624 2515 iugula-

892 2529 971 2562 ret.
1031 2527 1097 2566 16.
1131 2526 1197 2566 17.
1237 2524 1290 2561 Et
1318 2522 1426 2575 ipsas
1448 2521 1625 2573 apiculas

889 2582 1071 2634 rapiunt,
1100 2587 1150 2621 ut
1166 2582 1287 2634 pullis
1306 2581 1387 2619 suis
1407 2579 1624 2618 comeden-

893 2639 965 2677 das
997 2645 1215 2693 apponant.
1277 2637 1351 2693 (De
1379 2639 1509 2676 forma
1528 2651 1623 2675 ora—

890 2697 1014 2736 fionis
1043 2698 1129 2738 vid.
1164 2697 1216 2747 Q.
1247 2697 1294 2737 V.
1331 2695 1549 2744 XXXIIII,
1583 2698 1622 2737 3.

890 2755 1010 2806 Adde
1032 2762 1243 2809 praeterea
1274 2756 1367 2794 Not.
1397 2754 1451 2792 ad
1471 2753 1570 2791 Aen.
1592 2752 1623 2802 1,

890 2811 989 2856 471.
1014 2816 1085 2855 W
1077 2813 1134 2869 r.)
1164 2815 1345 2854 volantes
1360 2843 1371 2861 ,
1409 2809 1457 2852 τᾶ
1475 2808 1622 2863 mma,

888 2872 1039 2911 iterum
1056 2879 1104 2911 ut
1122 2887 1209 2926 sup.
1239 2871 1311 2920 ΙΠ,
1337 2870 1419 2911 147
1448 2870 1623 2908 volitans

892 2930 943 2969 de
972 2930 1138 2970 insecto.
1208 2928 1497 2969 Ornatissimus
1524 2940 1623 2966 ver-

890 2990 980 3028 sus!
1010 2989 1099 3027 nidi
1116 3002 1191 3041 pro
1210 2987 1342 3041 pullis.

954 3049 1020 3089 18.
1062 3055 1213 3098 stagna
1264 3045 1433 3084 virentia
1467 3057 1619 3092 musco,
