1768 3320
204 237 356 272 cxxw
496 225 550 272 P.
582 221 873 272 VIRGILII
908 217 1223 269 MARONIS
1261 217 1430 267 VITA

203 354 388 390 extremis
417 353 544 390 Asiae
576 355 662 390 iam
691 353 816 389 vic-lor
834 352 875 387 in
898 351 975 387 oris
1004 347 1211 386 meellem
1231 347 1379 384 avertis
1403 346 1606 395 Romanis
1621 349 1730 385 ami-

1757 210 1768 250 ,ἶ

204 409 278 447 bus
293 410 466 458 Indum,
510 409 562 448 ad
589 424 622 448 a.
653 408 758 458 7243
789 407 834 457 II,
857 406 941 449 497
970 404 1055 444 Aut
1080 406 1285 442 coniurato
1312 403 1553 442 descendens
1580 405 1731 444 Dacus
1764 428 1768 430 -

203 467 255 506 ab
285 469 410 518 Istro,
442 467 493 505 ad
528 481 563 506 a.
594 468 689 509 725.
729 466 794 515 ΙΙΙ,
824 468 878 506 26
911 465 961 502 In
979 462 1142 515 foribus
1165 462 1729 515 pugnam—Gangaridum

191 525 365 576 sociam
378 556 388 574 ,
423 527 657 577 victorisque
676 539 793 562 arma
815 523 994 573 Quirini,
1028 529 1147 572 atque
1165 520 1472 559 hio—AVz'lum.
1486 543 1544 550 —-
1559 520 1730 560 Addam

204 582 318 621 urbes
348 584 475 621 Asiae
504 584 699 632 domitas,
732 582 976 632 pulsumque
1011 578 1226 629 JM'pnaten
1243 607 1254 627 ,
1302 578 1592 631 Fidentemque
1607 579 1729 631 fibga

202 640 405 678 Parthum
432 644 629 693 versisque
661 641 822 691 saginis
830 654 845 685 ,·
886 639 940 675 Et
967 637 1045 674 duo
1074 644 1194 687 rapta
1224 650 1351 674 manu
1377 636 1534 675 diverso
1561 651 1611 675 ex
1640 637 1729 676 orbe

203 706 382 749 tropaea,
413 700 567 751 Bisque
579 697 848 748 trimnplzalas
867 704 1031 746 nlroque
1051 709 1078 731 a
1098 695 1226 732 littore
1240 702 1396 746 gentes.
1448 694 1548 734 Tam
1569 696 1727 748 magni-

203 756 277 794 fiee
306 763 448 808 poetae
477 757 526 795 de
553 755 669 807 gestis
701 769 735 793 a.
763 756 845 795 723
881 759 921 791 et
956 751 1038 794 724
1068 751 1263 802 tradunt,
1303 752 1499 792 nonnulla
1518 759 1728 806 tamquam

202 814 511 853 vaticinantium
533 813 696 866 spiritu:
727 812 866 850 saltem
894 810 974 849 hoc
991 811 1133 861 Georg.
1151 810 1217 860 III,
1249 813 1305 852 26
1325 824 1382 863 sq.
1410 811 1524 862 loco,
1555 825 1637 864 quo
1657 813 1728 852 su-

203 877 316 910 turas
347 872 523 910 Caesaris
551 871 690 910 laudes
712 870 956 909 vaticinatur
977 868 1112 918 Mar03
1153 868 1248 907 add.
1271 867 1371 908 Aen.
1394 869 1498 920 VIII,
1518 869 1603 912 724
1625 884 1727 923 sqq„

203 935 250 968 ut
279 930 377 969 adeo
408 929 510 968 nihil
540 929 637 968 hinc
670 929 712 966 in
740 927 888 966 horum
921 940 1122 965 annorum
1154 926 1334 965 historiis
1363 928 1555 967 constitui
1587 929 1726 981 possit.

202 987 408 1027 Hactenus
442 990 577 1039 itaque
608 986 708 1026 nihil
751 992 876 1037 esset,
917 985 1028 1038 quod
1057 998 1199 1024 versus
1229 985 1306 1035 IV,
1346 986 1432 1029 559
1458 987 1730 1038 sqq.‚Caesar

202 1047 299 1083 dum
315 1060 490 1097 magnus
515 1046 573 1083 ad
600 1046 730 1083 altum
754 1045 965 1083 Fulminat
992 1043 1228 1095 Euphraten
1261 1043 1363 1082 bello
1383 1043 1620 1096 damnaret,
1651 1045 1727 1085 nisi

203 1103 301 1141 aliae
323 1110 452 1142 essent
473 1104 521 1141 de
542 1103 588 1142 iis
607 1102 861 1155 suspiciones.

315 1162 524 1214 Virgilium
549 1161 713 1213 Neapoli
741 1160 1027 1212 Georgicorum
1054 1166 1213 1212 partem
1243 1167 1354 1200 certe
1383 1167 1609 1200 extremam
1627 1174 1726 1214 per-

201 1219 393 1269 texuisse,
425 1233 475 1258 ex
495 1220 562 1259 lib.
585 1220 637 1258 IV
660 1225 763 1257 extr.
785 1219 1041 1257 manifestum
1064 1225 1189 1270 esset,
1204 1219 1253 1269 *si
1285 1233 1427 1259 versus
1447 1219 1538 1258 illos
1564 1220 1614 1259 ab
1642 1220 1726 1259 eius

202 1291 325 1316 manu
352 1292 431 1316 esse
457 1279 551 1316 satis
588 1283 801 1316 constaret.
860 1277 958 1315 Erat
986 1290 1032 1314 ea
1063 1277 1163 1316 urbs
1188 1277 1411 1323 illustrium
1439 1284 1482 1316 et
1509 1278 1727 1317 doctorum

201 1335 383 1374 virorum
404 1349 558 1374 secessu
576 1335 645 1373 illa
667 1341 795 1374 aetate
821 1335 1005 1388 inprimis
1040 1336 1226 1386 celebris,
1261 1342 1311 1391 ut
1333 1336 1416 1375 otio
1438 1350 1486 1374 ac
1501 1336 1726 1387 levioribus
1760 1358 1762 1360 v

201 1393 343 1432 studiis
374 1407 413 1432 se
440 1394 496 1432 ibi
526 1394 837 1433 committerent.
898 1395 951 1432 In
977 1395 1061 1431 otia
1080 1402 1225 1432 natam
1247 1395 1532 1446 Parthenopen
1554 1395 1725 1435 Ovidius

200 1452 374 1503 appellat
402 1452 496 1491 Met.
524 1452 613 1502 XV,
646 1455 742 1495 712.
779 1451 862 1492 vid.
891 1451 1034 1491 Horat.
1062 1452 1192 1505 Epod.
1222 1452 1270 1503 V,
1306 1451 1361 1495 43
1395 1453 1531 1505 ibique
1558 1454 1724 1493 Baxter.

199 1509 375 1548 Statium
403 1510 497 1548 Silv.
523 1510 596 1559 III,
630 1511 667 1559 5,
703 1511 770 1553 85.
810 1509 952 1548 Silium
978 1510 1067 1561 XII,
1092 1513 1160 1561 31,
1189 1510 1454 1563 inprimisque
1482 1512 1726 1552 Strabonem

198 1567 245 1616 V,
265 1582 304 1620 p.
332 1570 426 1610 378.
449 1569 506 1607 Cf.
532 1569 686 1607 Camilli
704 1568 903 1620 Peregrini
933 1568 1192 1622 Campaniam
1210 1569 1315 1609 felic.
1335 1570 1435 1609 Diss.
1455 1569 1503 1621 II,
1523 1569 1566 1624 §.
1587 1573 1658 1613 21.
1683 1577 1739 1631 (εἴΑ

199 1626 251 1663 ad
270 1627 338 1664 Ge.
359 1626 427 1676 IV,
445 1624 541 1670 564.

312 1684 444 1723 Etiam
462 1684 647 1722 Aeneidis
673 1684 906 1724 condendae
932 1685 1071 1738 paullo
1106 1685 1226 1724 altius
1247 1685 1423 1739 petitum
1444 1687 1567 1726 fuisse
1587 1686 1723 1726 consi-

200 1741 298 1780 lium
313 1773 323 1792 ,
364 1748 456 1795 post
489 1742 700 1795 Spencium
722 1743 766 1782 in
793 1744 988 1796 Polymet.
1017 1743 1168 1797 Dialog.
1187 1744 1255 1795 ΙΙΙ,
1273 1758 1313 1798 p.
1332 1746 1385 1787 18
1408 1751 1624 1786 autumant
1644 1745 1724 1784 viri

202 1798 333 1849 docti,
363 1806 411 1839 ut
440 1814 639 1839 summum
666 1802 786 1840 unius
811 1802 1025 1855 imperium
1056 1807 1096 1840 et
1123 1808 1284 1855 gentem
1313 1802 1456 1842 Iuliam
1476 1803 1571 1843 satis
1590 1803 1626 1842 ei
1643 1804 1724 1843 im-

199 1858 310 1909 perio
331 1858 566 1897 destinatam
586 1859 774 1898 Romanis
794 1861 1106 1899 commendaret.
1126 1862 1175 1900 cf.
1190 1861 1449 1913 DisquiS.Iin
1464 1861 1564 1918 Aen.
1577 1860 1722 1916 §.XV-

199 1915 281 1954 Iam
302 1922 412 1965 tum,
445 1930 536 1955 cum
560 1917 751 1969 Georgica
770 1920 983 1969 scriberet,
1017 1920 1066 1957 de
1086 1918 1263 1958 Aeneide
1292 1933 1385 1959 eum
1411 1917 1615 1973 cogitasse,
1632 1915 1723 1960 ὀοΙ-

198 1973 328 2025 ligunt
347 1974 412 2012 alii
430 1988 480 2013 ex
501 1976 640 2027 Georg.
664 1977 740 2026 ΙΠ,
766 1976 821 2020 46
841 1991 897 2030 sq.
930 1980 1039 2017 Mox
1067 1986 1203 2017 tamen
1232 1978 1415 2018 ardentes
1437 1981 1638 2032 accingar
1655 1979 1722 2018 do·-

199 2046 282 2069 Cere
298 2046 465 2083 Plbglllls
491 2034 686 2072 Chesaris.

794 2104 857 2154 U.
896 2104 951 2155 C.
988 2109 1019 2155 7
1024 2107 1106 2158 25.

429 2185 613 2232 Caesar
639 2187 935 2235 Octavianus
965 2190 1017 2238 V.
1091 2190 1223 2238 Sext.
1246 2190 1493 2252 Apuleius.
1525 2247 1528 2249 ¹

571 2284 615 2315 α.
644 2268 694 2316 C.
719 2272 799 2318 29.
881 2271 1076 2334 Virgilii
1094 2273 1338 2321 41—42.
1683 2306 1687 2320 2

315 2345 456 2384 Caesar
476 2347 643 2386 Romam
668 2363 854 2389 reversus
875 2365 907 2390 a.
938 2351 977 2390 d.
1001 2352 1105 2392 VIII.
1126 2353 1199 2392 VII
1220 2360 1261 2393 et
1277 2353 1331 2394 VI
1351 2353 1411 2392 Id.
1436 2355 1545 2391 Sext.
1569 2350 1719 2391 trium-

197 2401 342 2454 phavit
373 2404 421 2441 de
445 2404 705 2458 Macedonia,
747 2410 945 2447 Dalmatia
977 2416 1017 2448 et
1049 2410 1256 2464 Aegypto,
1296 2412 1415 2450 trinis
1444 2410 1603 2450 diebus:
1633 2408 1719 2448 vid.

201 2459 271 2497 Dio
300 2460 369 2509 LI,
403 2465 469 2502 21.
528 2463 619 2502 IIuc
648 2467 850 2505 referendi
881 2481 1021 2506 versus
1050 2469 1100 2507 de
1119 2461 1260 2522 >clipeo
1295 2469 1454 2509 Aeneae
1484 2467 1584 2507 Aen.
1615 2466 1718 2518 VIII,

199 2516 283 2559 714
305 2532 388 2569 sqq.
408 2519 463 2557 At
487 2521 633 2559 (he-sar
658 2526 807 2575 triplici
827 2528 1003 2564 invectus
1025 2528 1219 2567 Romana
1238 2528 1441 2580 triumpho
1458 2528 1620 2565 moenia
1641 2531 1718 2565 etc.

312 2575 478 2615 Decrcto
498 2580 666 2618 Senatus
686 2582 803 2621 lanus
821 2584 976 2621 clausus
994 2591 1073 2635 est,
1103 2600 1230 2638 usque
1253 2586 1306 2625 ad
1329 2601 1363 2626 a.
1387 2588 1485 2629 727.
1503 2584 1587 2624 vid.
1609 2583 1719 2623 Mas-

198 2646 284 2671 son.
307 2647 346 2685 p.
365 2636 391 2675 7
394 2634 419 2675 4
446 2642 486 2673 et
507 2637 579 2675 Dio
611 2639 670 2686 LI,
691 2643 746 2681 20
773 2647 812 2678 et
832 2642 886 2679 ibi
905 2642 996 2681 Not.
1057 2645 1149 2692 Quo
1179 2645 1365 2697 Virgilius
1384 2643 1607 2697 respexisse
1626 2655 1718 2681 cre-

199 2690 311 2729 dstur
330 2691 428 2730 Aen·
448 2694 477 2742 Ι,
497 2696 647 2737 295—
661 2699 744 2738 300
774 2699 933 2749 Aspera
955 2709 1038 2738 lum.
1052 2705 1199 2753 positis
1219 2707 1423 2741 mitescent
1442 2701 1610 2740 saecula
1630 2700 1716 2738 bel-

196 2749 247 2786 lis
264 2772 320 2778 —
343 2751 455 2787 dirae
489 2752 733 2792 Claaclentur
763 2755 856 2794 belli·
877 2766 1020 2807 portae
1041 2776 1053 2797 .·
1095 2761 1158 2798 uti
1185 2775 1224 2801 V.
1256 2764 1342 2803 296
1385 2761 1501 2799 Cana
1529 2758 1652 2798 hides
1679 2766 1718 2796 et

202 2808 349 2857 Vesta,
383 2808 512 2846 Remo
534 2812 765 2861 camsi-alre
787 2814 977 2863 Quirinus
1003 2819 1102 2856 lara
1122 2818 1289 2870 dabunt,
1324 2818 1376 2858 ad
1397 2819 1619 2856 Censuram
1636 2815 1717 2858 hoc

195 2877 302 2903 anno
333 2879 355 2902 a
383 2866 569 2916 Caesare,
609 2876 783 2909 assumto
814 2871 867 2910 M.
902 2871 1075 2926 Agrippa
1107 2877 1273 2929 collega,
1305 2883 1437 2916 actam
1455 2876 1529 2915 Dio
1546 2875 1627 2924 LII,
1646 2872 1714 2916 42.

194 2921 276 2960 Nec
290 2928 426 2962 tamen
453 2923 532 2962 hoc
560 2925 644 2977 ipso
672 2941 777 2966 anno
804 2943 943 2969 versus
972 2931 1060 2970 illos
1080 2935 1251 2987 scriptos
1275 2949 1359 2974 esse
1381 2947 1539 2974 necesse
1561 2940 1640 2972 est:
1666 2937 1715 2971 ut

195 2980 470 3021 arbitrabatur
494 2982 664 3023 Masson.
686 2986 727 3024 in
757 2987 852 3026 Iano
877 2996 1055 3029 reserato
1086 3005 1124 3043 p.
1146 2992 1212 3035 64.
1273 2994 1355 3033 Nec
1381 2993 1505 3046 magis
1524 2991 1625 3031 Aen.
1642 2990 1713 3041 IX,
