1734 3320
184 158 288 207 384
365 156 421 206 P.
458 155 644 207 vtae.
681 155 848 207 MAR.
888 153 1146 209 GEORG.
1183 155 1308 208 LIB.
1340 136 1532 222 13514

181 286 376 333 Fertur
397 282 548 350 equis
571 282 773 348 auriga,
810 298 994 350 neque
1017 282 1165 334 audit
1187 300 1372 334 currus
1392 283 1645 338 habenas

181 394 363 433 tercepta‚
398 387 469 422 vid.
491 389 663 422 Goerenz.
691 388 737 421 ad
763 387 832 422 Cic.
856 388 964 422 Acad.
985 389 1029 431 II,
1058 388 1092 431 5,
1121 388 1198 432 14.,
1225 389 1390 424 lacunam
1416 390 1478 425 alii
1505 390 1716 436 interposita

181 434 450 481 praepositione
469 436 510 470 in
531 435 780 480 expleverunt3
805 434 867 469 alii
887 447 906 468 e
924 435 1027 469 libris
1047 436 1233 480 genuinam
1252 437 1442 472 lectionem
1466 437 1715 473 exhibentibus

181 494 381 528 pronomen
398 494 437 516 se
456 482 699 528 repetierunt3
734 483 795 516 alii
812 490 1018 528 utrumque,
1042 485 1082 517 in
1103 490 1137 517 et
1153 496 1209 527 se,
1235 484 1439 520 intulerunt.
1486 485 1607 520 Simile
1629 485 1715 531 quid

181 532 269 564 Aen.
289 531 331 572 11,
351 530 433 565 778.
463 530 593 564 factum
622 529 830 564 videbimus.
878 531 924 563 Et
950 529 1078 564 extrito
1106 531 1318 576 pronomine
1343 545 1450 578 quum
1475 532 1715 578 requireretur

181 577 400 611 accusativus
414 603 424 620 ,
456 578 578 624 spatio
600 577 637 609 in
656 579 781 624 spatia
801 577 1002 610 mutandum
1027 577 1140 611 videri
1163 585 1323 623 poterat3
1359 592 1564 626 quamquam
1581 579 1714 614 multae

181 624 220 658 id
240 636 350 669 genus
373 624 646 669 depravationes
666 624 770 657 etiam
792 636 858 670 per
879 623 1063 658 elisionem
1083 632 1194 659 ortae.
1241 626 1319 660 Silii
1336 632 1454 660 ‘autem
1473 627 1624 661 imitatio
1642 639 1713 672 pa-

181 684 259 705 rum
285 672 439 716 probat,
474 683 579 716 quum
598 671 692 716 apud
710 670 826 715 ipsum
845 682 917 704 non
935 678 1030 704 certo
1052 679 1190 705 constet
1216 672 1261 706 de
1284 673 1449 708 lectione.
1497 675 1656 710 Addunt
1673 686 1714 708 se

181 718 353 764 Virgilius
371 718 497 752 eodem
515 719 669 751 fortasse
685 718 792 752 modo
812 717 917 759 dixit,
944 729 1012 763 quo
1031 718 1104 753 Ecl.
1124 720 1174 759 X,
1191 718 1266 755 74.:
1291 722 1498 763 „Quantum
1515 734 1600 756 vere
1618 732 1710 756 novo

182 766 305 801 viridis
324 778 369 800 se
390 765 593 799 subiicit
613 765 750 798 alnus.“
795 766 858 799 Ge.
879 766 921 806 II,
942 766 1016 800 19.:
1049 765 1201 808 „laurus
1220 768 1332 801 Parva
1353 768 1416 802 sub
1435 768 1572 813 ingenti
1589 768 1711 802 matris

183 826 229 847 se
257 812 456 847 subiicit
477 813 634 845 umbra.“
676 812 768 845 Hinc
789 812 936 845 addunt
954 824 994 845 se
1015 814 1136 860 spatio
1159 814 1307 858 proprie
1335 814 1358 849 i.
1380 827 1412 861 q.
1429 825 1601 850 crescunt
1620 828 1712 863 spa-

183 862 235 895 tio
248 887 257 903 ,
282 860 306 894 i.
326 873 356 894 e.
380 860 507 893 crescit
524 859 699 893 currendo
716 859 795 904 ipsa
812 858 975 892 celeritas
997 872 1184 905 equorum3
1210 860 1302 895 sive:
1335 874 1405 908 quo
1424 863 1504 907 plus
1519 863 1626 908 spatii
1643 863 1711 896 de—

182 920 321 942 cursum
342 906 471 948 fuerit,
502 918 544 939 eo
564 906 677 940 acrius
697 913 848 940 currunt.
895 906 937 939 Id
959 906 990 940 si
1010 906 1175 955 audacius
1194 908 1326 942 dictum
1344 909 1541 954 videbitur,
1572 910 1711 955 poterit

180 954 273 989 hanc
293 953 464 1000 loquendi
480 952 653 987 rationem
673 965 692 986 e
713 955 851 987 Graeco
875 953 994 999 aliquo
1013 961 1124 999 poeta
1142 955 1363 990 transtulisse
1385 956 1556 1002 Virgilius
1575 957 1709 999 videri3

181 1009 277 1036 certe
303 1001 480 1035 neminem
512 1008 599 1046 puto
626 1000 799 1034 offensum
826 1000 893 1043 iri,
928 1000 1041 1035 sicubi
1068 1002 1186 1047 legat:
1223 1002 1336 1038 ἵπποι
1364 999 1544 1047 ἀέξονται
1567 1002 1708 1052 δρόμῳ.

179 1051 321 1083 Interea
344 1049 381 1081 in
407 1054 506 1082 tanto
538 1047 740 1082 criticorum
764 1054 801 1081 et
828 1048 1062 1094 interpretum
1089 1050 1252 1084 dissensu
1271 1063 1410 1085 versum
1426 1052 1628 1099 relinquere
1649 1052 1710 1086 in-

179 1103 310 1131 tactum
326 1096 434 1130 satius
450 1095 544 1129 duxi.
574 1097 631 1131 W
625 1095 670 1141 r.)

179 1193 220 1233 h.
241 1194 446 1233 concitare
465 1206 526 1244 se,
558 1192 761 1232 concitato
793 1206 916 1233 cursu

180 1253 293 1292 ferri.
353 1254 470 1291 Dare
492 1267 533 1290 se
554 1251 766 1304 infligam
791 1252 914 1290 etiam

178 1311 222 1350 in
255 1310 436 1364 pedestri
470 1310 653 1349 oratione
679 1311 918 1364 frequenta-

179 1384 298 1421 mus;
335 1369 480 1408 similia
529 1368 614 1408 vid.
657 1368 800 1420 Georg.
838 1368 914 1419 IV,

179 1428 277 1471 528.
307 1426 407 1467 Aen.
437 1427 532 1477 XII,
568 1429 667 1469 633.
702 1427 848 1471 addere
877 1441 917 1464 se

177 1501 254 1540 pro
283 1486 454 1539 simplici
483 1485 581 1524 dare
604 1498 666 1535 se,
696 1485 916 1524 immittere

178 1558 233 1596 se,
263 1558 384 1584 ruere
400 1546 444 1584 in
463 1544 692 1594 decursum,
724 1557 815 1582 cum
834 1543 915 1582 im-

177 1610 278 1657 petu
300 1603 400 1643 ferri
430 1605 473 1641 in
500 1604 662 1654 spatia,
695 1602 740 1642 in
766 1602 916 1640 decur—

179 1677 269 1702 sum
289 1692 300 1713 ,
340 1662 455 1702 nullo
494 1667 649 1714 septem
688 1660 916 1713 spatiorum

177 1726 387 1774 respectu,
416 1719 488 1759 sed
508 1719 672 1758 omnino
697 1719 741 1758 in
764 1719 913 1758 decur-

178 1794 289 1830 sum,
318 1778 442 1818 habet
460 1778 694 1830 analogiam.
754 1777 915 1816 Scilicet

177 1838 327 1876 addere
355 1851 396 1876 se
427 1836 587 1888 vulgari
612 1849 691 1874 usu
722 1841 805 1886 est,
837 1835 914 1874 ad—

177 1896 342 1948 iungere
376 1909 417 1934 se
436 1926 446 1946 ,
490 1894 697 1933 accedere:
736 1900 786 1932 ut
828 1894 911 1933 Ecl.

177 1954 234 1995 VI
269 1954 400 1993 Addit
427 1968 467 1992 se
499 1955 654 1991 sociam
682 1952 912 2005 timidisque

176 2014 405 2064 supervenit
431 2012 579 2063 Aegle.
613 2009 713 2049 Aen.
733 2010 804 2060 IX,
828 2009 910 2052 149

176 2071 349 2110 Addunt
368 2085 408 2108 se
418 2072 608 2122 protinus
630 2083 765 2108 omnes
783 2070 911 2107 Etm—

176 2131 238 2167 sci
267 2131 409 2168 socios.
483 2127 584 2167 Inde
607 2157 618 2178 ,
657 2127 690 2165 si
726 2126 834 2165 idem
862 2126 911 2165 fit

178 2201 272 2226 cum
297 2188 475 2240 impetu,
524 2186 704 2235 irruere,
748 2187 910 2235 instare,

176 2245 334 2299 ἐπέχειν
351 2252 400 2284 ut
420 2244 497 2284 Od.
516 2261 550 2294 τ,
564 2247 632 2287 71.
662 2243 823 2282 Addere
833 2258 911 2296 pro

175 2304 357 2354 mittere,
387 2303 629 2353 immittere,
658 2301 824 2341 iniicere
845 2301 912 2340 di—

177 2369 288 2402 ctum
308 2375 403 2413 esse,
423 2362 545 2400 etiam
557 2361 597 2400 b.
622 2361 799 2400 Gesnero
810 2374 912 2413 pro-

174 2420 264 2460 bari
292 2421 409 2461 video
435 2420 488 2458 ad
520 2420 716 2469 Quinctil.
747 2419 848 2469 VIII,
870 2420 910 2469 ὃ,

176 2481 232 2522 78
246 2484 287 2518 et
306 2479 539 2518 confirmari
557 2493 580 2516 a
597 2479 735 2517 Burm.
753 2477 806 2516 ad
825 2490 857 2516 e.
870 2477 910 2527 1.,

175 2551 422 2590 quamquam
440 2550 582 2589 graeca
599 2537 655 2575 ibi
676 2536 810 2575 minus
835 2535 908 2574 be-

175 2610 227 2635 ne
257 2596 419 2635 laudari
451 2601 565 2648 puto.
644 2597 805 2633 Teucris
829 2593 909 2632 ad-

174 2654 263 2692 dita
291 2656 396 2693 Iano
428 2667 503 2706 pro
547 2653 694 2691 infesta
714 2683 724 2702 ‚
767 2652 811 2690 in
842 2665 909 2690 eos

175 2712 380 2754 concitata
401 2718 442 2749 et
470 2717 706 2763 exasperata
720 2709 819 2749 Aen.
841 2709 908 2759 VI,

175 2774 231 2814 90
270 2770 368 2810 hinc
397 2769 595 2808 illustrari
631 2774 776 2821 potest.
848 2768 909 2806 Ita

174 2829 354 2878 addant,
387 2828 554 2866 instant.
602 2826 810 2879 Expressit
830 2839 908 2864 no-

173 2894 306 2928 strum
336 2886 454 2926 Silius
480 2885 589 2935 XVI,
620 2888 705 2927 372
736 2886 908 2936 Iamque

964 1194 1056 1245 fere
1103 1194 1281 1234 medium
1329 1198 1456 1235 evecti
1494 1197 1709 1235 certamine

974 1267 1169 1304 campum
1210 1255 1264 1293 In
1307 1256 1442 1306 spatio
1486 1254 1704 1294 addebant.

976 1311 1143 1351 Gratius
1179 1312 1325 1366 Cyneg.
1361 1315 1448 1355 227
1485 1312 1709 1351 incumbere

974 1371 1121 1421 spatiis
1151 1367 1436 1424 (προςκεῖσθαι
1468 1374 1526 1428 τῷ
1553 1366 1707 1427 δρόμῳ)

976 1441 1022 1466 eo
1045 1441 1164 1467 sensu
1183 1428 1332 1467 dixisse
1342 1428 1531 1480 videtur3
1561 1435 1601 1468 et
1618 1429 1709 1468 Ho-

974 1499 1073 1525 mer.
1091 1486 1206 1526 Iliad.
1224 1497 1272 1539 ψ,
1303 1487 1387 1533 875
1425 1488 1570 1536 ἵπποις
1595 1483 1708 1541 τάθη

975 1541 1138 1599 δρόμος.
1187 1546 1285 1584 Post
1303 1545 1439 1584 omnia
1454 1545 1557 1584 haec
1576 1547 1708 1585 fateor

973 1610 1132 1654 tamen,
1170 1603 1233 1642 ..ad
1263 1604 1495 1643 facilitatem
1520 1604 1708 1657 Virgilia—

972 1676 1069 1701 nam
1099 1662 1285 1701 nondum
1320 1663 1544 1702 orationem
1575 1662 1708 1702 videri

972 1734 1054 1759 esse
1094 1720 1327 1760 adductam.
1389 1720 1544 1776 (Vossii
1577 1721 1706 1772 ratio,

972 1779 1129 1817 addant
1172 1781 1216 1817 in
1256 1780 1395 1830 spatia
1432 1794 1509 1832 pro
1550 1780 1708 1818 addunt

970 1840 1111 1888 spatia
1129 1838 1172 1874 z‘n
1187 1839 1348 1888 spatia,
1383 1851 1413 1876 s.
1440 1839 1606 1889 spatiis,
1640 1838 1708 1876 di-

972 1901 1084 1934 ctum
1133 1895 1401 1934 existimantis
1423 1925 1434 1946 ,
1484 1896 1583 1935 ferri
1622 1910 1707 1935 non

969 1959 1125 2006 potest3
1155 1952 1236 1992 hoc
1258 1953 1364 1992 enim
1385 1953 1418 1992 si
1434 1961 1555 2006 poeta
1571 1954 1706 1993 dicere

969 2012 1163 2051 voluisset
1185 2042 1196 2062 ,
1243 2003 1503 2052 scribendum
1545 2013 1581 2052 ei
1618 2018 1706 2052 erat

969 2070 1127 2108 addunt
1145 2071 1282 2121 spatia
1291 2085 1307 2118 ;
1341 2071 1412 2110 cfr.
1429 2071 1523 2110 Not.
1537 2071 1589 2110 ad
1605 2069 1704 2111 Aen.

969 2128 1035 2179 IV,
1054 2127 1148 2170 142.
1178 2128 1331 2168 Iacobs.
1354 2128 1407 2168 ad
1419 2129 1488 2168 Ge.
1507 2129 1574 2180 IV,
1590 2128 1703 2172 149.:

969 2193 1164 2237 „naturas
1205 2187 1346 2240 apibus
1383 2201 1483 2240 quas
1522 2188 1704 2241 Iuppiter

968 2245 1053 2298 ipse
1080 2244 1363 2296 Addidit,“
1400 2245 1502 2285 haec
1539 2246 1704 2285 scribit:

972 2304 1171 2354 „addidit
1189 2334 1200 2354 ‚
1244 2306 1270 2343 i.
1299 2317 1332 2343 e.
1368 2304 1483 2343 dedit
1502 2334 1513 2354 ‚
1555 2310 1605 2344 ut
1632 2305 1702 2344 Ge.

969 2362 1006 2412 I,
1036 2362 1153 2405 512:
1203 2362 1431 2415 quadrigae
1469 2362 1628 2401 addunt
1659 2365 1704 2401 in

968 2423 1121 2471 spatia,
1155 2420 1180 2459 i.
1200 2433 1233 2459 e.
1250 2420 1351 2459 dant
1366 2423 1447 2460 se.“
1477 2421 1592 2469 Quae
1611 2421 1704 2472 qui-

970 2478 1062 2517 dem
1089 2478 1306 2530 explicatio
1332 2479 1419 2531 ipsa
1447 2479 1703 2531 simplicitate

967 2550 1009 2575 se
1027 2536 1304 2587 commendat3
1333 2537 1418 2576 vid.
1437 2543 1576 2576 tamen
1596 2537 1642 2577 V.
1657 2538 1700 2577 L.

972 2597 1043 2635 W
1036 2593 1091 2649 r.)
1135 2593 1231 2637 514.
1252 2594 1357 2632 Nota
1377 2594 1507 2647 figura
1522 2595 1698 2646 currum,

966 2652 1008 2691 h.
1027 2667 1162 2705 eqUOS,
1181 2667 1262 2690 non
1282 2652 1423 2691 audire
1440 2653 1620 2692 habenas
1637 2653 1702 2692 di-

968 2711 1033 2761 cit,
1053 2711 1123 2762 qui
1145 2710 1228 2762 regi
1244 2724 1327 2749 non
1344 2717 1525 2764 possunt.
1555 2711 1700 2751 Horat.

967 2769 1038 2821 Ep.
1062 2769 1099 2817 I,
1134 2768 1208 2817 15,
1238 2771 1291 2811 13
1334 2771 1428 2821 equi
1447 2769 1609 2818 frenato
1644 2777 1702 2809 est

966 2829 1078 2865 auris
1112 2829 1155 2864 in
1187 2841 1273 2876 ore,
1309 2827 1510 2867 Pindarus
1541 2826 1702 2880 ἅρματα

965 2880 1221 2938 πεισιχάλινα
1243 2884 1349 2925 dixit
1366 2885 1484 2938 Pyth.
1500 2886 1552 2937 ΙΙ,
1571 2888 1641 2928 21.
