1734 3320
284 154 774 241 GEQRGJGON
801 185 950 237 ΜΒ.
977 185 1028 250 1,
1063 190 1359 241 328—336
1480 192 1582 244 351

24 316 26 318 ’
54 314 275 377 Deiicit3
311 311 646 379 ingeminant
670 312 831 364 austri
856 321 911 363 et
936 310 1294 380 densissimus
1310 315 1515 379 imber3

0 381 3 384 ’
54 387 213 436 Nunc
237 399 465 434 nemora
490 383 694 448 ingenti
720 391 912 447 vent0‚
947 399 1096 433 nunc
1122 383 1292 434 litora
1307 385 1584 452 plangunt.

53 456 174 505 Hoc
195 461 470 518 metuenS‚
509 452 646 503 coeli
671 469 890 503 menses
915 462 969 503 et
992 453 1168 504 sidera
1191 471 1368 519 serva;
1480 459 1586 509 335

53 523 266 590 Frigida
289 523 503 574 Saturni
526 540 644 574 sese
670 540 780 593 quo
808 522 962 574 stella
983 532 1253 592 receptet3

97 641 171 680 833
200 641 445 676 densissimus
471 641 602 676 aether
633 641 689 675 ed.
718 643 811 676 Ven.
839 647 877 676 et
908 653 995 676 unus
1024 642 1142 676 Mead.
1187 641 1353 687 Eleganti
1380 641 1586 677 coniectura

52 688 219 724 Reiskius
235 696 347 724 totum
363 688 481 723 locum
502 688 555 722 ita
572 688 831 723 constituebat:
863 689 930 723 ille
949 690 994 735 (v.
1012 689 1082 726 331
1101 688 1251 735 Iupiter)
1271 691 1406 724 Delie-it
1424 691 1585 737 ingemi-

51 748 171 778 τιαιιες
193 738 320 771 austri
339 744 379 770 et
395 735 433 770 d.
450 734 565 770 imber
582 737 695 771 ,Nunc
715 749 753 770 n.
773 756 819 761 —
834 736 929 784 plan
959 744 1039 771 unt.
1089 736 1174 782 (Sed
1193 736 1391 782 elegantior
1411 736 1585 771 librorum

50 783 170 818 lectio.
200 782 297 827 Wt.)
345 783 399 817 Ex
414 785 500 817 Aen.
522 784 549 826 I,
575 783 634 819 43.
651 782 700 819 44
723 783 829 818 facile
858 749 993 818 inciffas
1010 783 1047 817 in
1066 784 1213 818 distic-it.
1260 784 1372 830 quue
1390 783 1497 818 video
1523 784 1584 819 fa-

51 838 145 866 ctum
164 843 187 865 a
205 830 350 866 Wakef.
369 830 416 864 ad
435 831 576 865 Lucret-
593 832 641 875 V,
658 830 740 867 404.
789 830 876 873 Quis
893 837 1015 865 tamen
1042 838 1147 876 cogat
1164 836 1311 877 poetam
1335 842 1477 877 semper
1494 843 1585 865 ean-

50 878 134 912 dem
163 878 352 912 formulam
381 877 598 912 decantare?
645 877 796 924 (Medic.
822 878 973 921 deiecit,
1011 878 1076 912 sed
1102 877 1216 912 altera
1243 891 1264 912 e
1289 886 1421 924 puncto
1447 880 1583 913 notata.

56 925 155 970 Wt.)
248 924 322 962 334
345 937 511 979 aequora
528 925 587 959 vel
604 925 737 960 liuor-a
764 937 827 959 ms.
844 925 970 960 K61er.
1013 925 1168 980 plangit
1186 925 1310 960 Franc.
1329 927 1418 971 neg.
1439 927 1582 971 Menag.

46 971 198 1007 Mentel.
215 970 276 1006 alt.
288 998 298 1014 ,
328 979 364 1006 et
382 983 434 1006 sic
455 973 557 1006 Rom.
579 978 617 1006 et
634 978 839 1018 perveteres
859 971 998 1018 aliquot
1017 984 1075 1017 ap.
1094 971 1248 1006 Pieriam
1260 999 1271 1016 ,
1303 979 1344 1007 ut
1361 973 1409 1007 ad
1435 972 1582 1007 imbrem

49 1019 245 1061 reseratum
276 1018 348 1054 vid.
375 1019 500 1054 Heius.
527 1019 573 1054 ad
594 1019 696 1054 Ovid.
720 1019 832 1066 Epist.
851 1019 963 1053 Didus
985 1031 1020 1054 v.
1042 1020 1123 1055 106.
1167 1020 1314 1054 Wakef.
1334 1020 1469 1054 mavult
1492 1020 1583 1054 sub-

48 1065 218 1112 iungere,
240 1067 405 1114 Iupiter-3
437 1066 489 1101 sic
514 1074 550 1101 et
576 1066 614 1100 in
644 1067 700 1101 ed.
721 1066 866 1101 Masvic.
896 1074 932 1101 et
959 1066 1027 1109 aL,
1059 1067 1125 1101 sed
1145 1067 1402 1102 Grammaticos
1427 1074 1582 1102 mutasse

48 1116 214 1148 neutrum
234 1113 469 1159 significatum
488 1114 602 1148 miuus
621 1114 785 1158 obvium,
817 1114 926 1148 docet
941 1115 1078 1156 Burm.‚
1113 1113 1236 1160 itaque
1249 1114 1465 1163 plangunt,
1498 1115 1582 1149 vul-

49 1167 171 1207 gatum
186 1161 272 1195 inde
290 1161 335 1195 ab
354 1161 447 1195 Aldo
459 1187 469 1203 ,
493 1166 634 1195 tuetur:
656 1162 752 1208 quod
774 1168 811 1195 et
828 1161 866 1195 in
887 1168 1039 1207 utroque
1058 1161 1166 1195 Goth.
1215 1164 1262 1196 At
1278 1162 1462 1210 clangunt
1478 1162 1581 1198 Leid.
1645 1201 1647 1204 r

47 1209 188 1253 Menag.
208 1207 301 1242 alter
317 1219 385 1254 pro
410 1220 483 1241 var.
498 1207 580 1242 lect.
601 1215 637 1242 et
655 1209 711 1243 ed.
729 1210 822 1244 Ven.
844 1208 947 1244 1472.
976 1208 1173 1256 plaudunt
1194 1219 1281 1242 unus
1301 1210 1420 1252 Voss„
1440 1216 1581 1244 utrum-

49 1254 118 1302 qu'e
139 1254 242 1290 male.
290 1254 383 1290 Satis
411 1255 585 1289 firmatum
613 1262 689 1298 est,
720 1257 893 1290 undar-mn
916 1255 1098 1289 allisarum
1126 1267 1205 1289 esse
1224 1256 1416 1303 planctus.
1508 1257 1579 1294 335

50 1302 158 1346 Quod
180 1310 370 1351 superest,
405 1302 502 1336 caeli
515 1302 639 1337 laudat
659 1303 797 1337 Nonius
815 1302 1004 1337 Marcellus
1022 1302 1059 1335 in
1080 1315 1245 1336 servare.
1292 1305 1399 1337 Haec
1412 1312 1582 1338 metuens

46 1349 213 1384 Parrhas.
240 1354 279 1383 et
302 1349 359 1382 ed.
374 1349 525 1383 Mediol.
574 1350 671 1384 caeli
694 1363 816 1385 mores
844 1349 1030 1383 substituit
1053 1350 1199 1394 Wakef.
1226 1349 1274 1384 ad
1296 1351 1439 1385 Lucret.
1459 1352 1486 1394 1,
1507 1352 1580 1388 297

46 1402 215 1442 tanquam
231 1395 365 1441 ingenii
380 1396 460 1430 lusu
471 1423 481 1438 ,
515 1396 598 1442 quia
624 1398 720 1432 caeli
741 1410 878 1432 morem
894 1396 1104 1431 meminerat
1122 1409 1165 1430 ex
1184 1398 1212 1439 1,
1228 1397 1286 1433 51.
1322 1398 1375 1443 (at
1402 1410 1510 1444 supra
1526 1411 1578 1433 vs.

45 1444 130 1480 232.
154 1444 286 1478 mundi
303 1451 421 1477 astra.
452 1445 551 1489 Wr.)
635 1445 707 1481 336
731 1457 804 1492 quo
821 1457 903 1478 sese
922 1456 979 1490 ap.
997 1447 1121 1478 Senec.
1143 1443 1250 1490 epist.
1269 1445 1315 1481 88
1342 1452 1378 1479 et
1395 1445 1504 1480 Goth.
1522 1458 1579 1492 pr.

48 1491 137 1537 (quo
155 1503 196 1525 se
212 1493 312 1525 Serv.
328 1490 457 1524 Drestl.
488 1491 584 1536 Wr.)
658 1504 708 1526 ua
730 1504 812 1526 sese
830 1491 951 1526 Schol.
973 1490 1079 1526 Statii
1098 1491 1216 1525 Theb.
1235 1492 1263 1534 1,
1280 1491 1362 1528 305.
1396 1505 1481 1527 sese
1497 1505 1579 1527 cum

47 1538 161 1572 stella
180 1545 347 1586 receptat
367 1538 487 1572 Schol.
506 1539 590 1575 lave
653 1538 662 1546 ”
699 1542 774 1574 Sat.
790 1540 853 1575 VI.
893 1546 1061 1587 receptat
1078 1538 1183 1573 etiam
1196 1538 1327 1572 moret.
1346 1551 1402 1585 pr.
1421 1546 1458 1574 et
1474 1540 1577 1575 Leid.

47 1639 92 1672 at
109 1645 232 1685 quam
250 1633 440 1673 sublime:
465 1634 630 1673 deiaeit!
659 1634 786 1687 Magis
842 1633 954 1674 caelo
991 1640 1105 1685 sunt,
1151 1640 1271 1674 motu
1302 1634 1579 1677 definiuntur:

46 1691 170 1730 etiam
220 1698 395 1731 exornat
444 1691 547 1731 haec
584 1692 703 1732 Silius
735 1693 783 1744 V,

45 1749 309 1793 385—389.
329 1751 544 1803 flagranti
563 1752 664 1802 telo,
691 1751 784 1790 Ho-

44 1807 148 1847 meri
183 1814 226 1847 et
252 1808 443 1859 Hesiodi,
482 1806 682 1861 ψολόεντι
713 1825 783 1851 κε-

46 1868 204 1923 ραυνῷ.
259 1866 363 1910 Alta
386 1867 588 1906 Ceraunia
609 1863 782 1921 ἆκροκε-

46 1920 199 1975 ραύνια
215 1925 312 1964 satis
329 1925 418 1964 noti
434 1925 502 1965 vel
519 1938 571 1964 ex
584 1925 745 1965 Horatii
762 1926 783 1965 I

46 1982 179 2021 carm.
205 1984 232 2024 3
276 1983 390 2037 Epiri
422 1989 597 2034 montes,
639 1984 711 2036 qui
736 1984 781 2023 in

44 2053 158 2080 mare
188 2047 463 2093 procurrunt,
501 2048 552 2081 nt
576 2042 710 2081 Athos
735 2042 780 2081 in

45 2111 159 2137 mare
168 2097 550 2152 Aegaeum‚Macedo
555 2100 642 2138 niae
651 2114 779 2140 mons.

47 2159 145 2198 333.
174 2157 324 2197 Versus
349 2170 402 2196 ex
432 2157 603 2197 Theocr.
619 2159 704 2209 VII,
722 2161 780 2201 77

36 2210 99 2255 Ἢ
117 2212 259 2266 ”Atiam
299 2212 331 2269 ἢ
352 2212 572 2266 Ῥοδόπαν,
608 2212 639 2269 ἦ
665 2211 781 2257 Καύ-

45 2284 175 2314 κασον
205 2269 450 2327 ἐσχατὸεντα.
519 2272 617 2316 334.
648 2275 782 2327 plan-

42 2338 150 2383 gunt
165 2329 208 2371 h.
223 2331 251 2370 l.
275 2331 511 2384 plangorem
532 2331 683 2382 edunt,
711 2345 782 2371 re-

46 2395 215 2440 sonant3
262 2390 427 2442 proprie
463 2403 575 2429 mare
613 2390 781 2443 plangit,

44 2448 224 2500 percutit
245 2447 383 2498 littus,
411 2454 462 2487 ut
480 2454 664 2500 resonet3
691 2455 784 2488 tum

41 2505 253 2557 plangunt
285 2506 430 2545 litora.-
476 2520 589 2546 nunc
624 2520 783 2546 assum-

45 2568 138 2601 tum
162 2563 336 2602 alterum
363 2578 546 2617 quoque,
571 2565 784 2618 plangunt

45 2634 224 2659 nemora.

105 2678 203 2721 335.
242 2679 416 2733 Propter
450 2679 523 2719 has
558 2687 782 2734 tempesta-

46 2741 138 2773 tum
151 2737 397 2777 mutationes
415 2738 671 2778 observanda
686 2745 782 2779 sunt

47 2795 149 2830 anni
166 2802 362 2845 tempora.
394 2810 494 2835 mox
512 2810 553 2836 v.
576 2798 655 2840 351
679 2811 781 2850 pro-

45 2851 227 2902 gnostica
249 2865 301 2890 ex
323 2854 617 2907 atmosphaera.
671 2855 783 2894 Coeli

44 2922 199 2947 menses
237 2909 365 2962 simpl.
398 2917 584 2964 tempora
625 2913 780 2953 intelli-

43 2979 156 3018 gam,
203 2967 300 3019 quia
337 2974 563 3021 astrorum,
602 2984 705 3022 quae
735 2972 780 3011 in

842 1693 1008 1733 volebat
1028 1692 1270 1745 subiungere
1295 1694 1422 1733 solem
1446 1701 1489 1734 et
1508 1695 1577 1734 lu-

840 1764 956 1790 nam:
975 1751 1115 1804 posuit
1131 1764 1210 1804 pro
1227 1751 1279 1790 iis
1297 1751 1449 1804 sidera5
1472 1754 1580 1792 caeli

839 1810 974 1848 sidem
987 1815 1110 1848 erunt
1128 1808 1230 1848 adeo
1249 1809 1301 1849 de
1314 1810 1489 1863 planetis
1507 1825 1578 1850 ac-

840 1867 1046 1920 cipienda‚
1077 1873 1128 1907 ut
1155 1867 1342 1908 subiiciat
1367 1869 1450 1909 duo
1478 1870 1578 1909 alios

839 1926 1046 1978 planetas,
1091 1927 1319 1966 Saturnum
1342 1934 1385 1966 et
1412 1927 1576 1968 Mercu-

837 1984 957 2023 rium.
1005 1984 1090 2023 Nisi
1105 1984 1221 2023 malis
1238 1983 1461 2026 adhaerere
1479 1988 1578 2026 Ser-—

838 2042 981 2081 vianae
998 2042 1351 2095 interpretationi,
1376 2051 1426 2083 ut
1442 2045 1577 2084 sidem

837 2101 919 2139 sint
934 2100 1148 2139 duodecim
1159 2100 1271 2154 signa
1284 2101 1453 2154 zodiaci,
1473 2116 1577 2155 quae

836 2158 1009 2197 totidem
1037 2159 1123 2197 fere
1143 2159 1351 2199 mensibus
1369 2161 1431 2200 sol
1453 2174 1578 2214 pera-

836 2223 947 2269 grat3
983 2223 1234 2270 quapropter
1263 2217 1418 2258 menies
1442 2226 1576 2260 essent

839 2274 998 2314 adiecti.
1057 2275 1153 2314 Esse
1179 2288 1307 2329 porro
1334 2278 1464 2317 verba
1499 2278 1576 2317 de-

837 2339 1002 2386 promta
1026 2346 1048 2371 e
1072 2332 1321 2385 Menandro,
1350 2342 1472 2376 notat
1487 2337 1575 2376 No-

838 2391 932 2431 nius
952 2391 1168 2431 Marcellus
1192 2391 1236 2430 in
1263 2405 1365 2432 voce
1387 2409 1572 2435 servm-e:

839 2449 911 2488 sed
936 2450 1091 2490 Graeca
1109 2456 1303 2504 corrupta
1322 2459 1437 2492 sunt:
1467 2454 1575 2492 sorte

838 2521 959 2547 usum
973 2511 1050 2550 τοῦ
1067 2521 1231 2547 servare
1247 2523 1324 2562 pro
1345 2510 1573 2561 observare,

839 2579 892 2604 ex
915 2570 1055 2620 τηρεῖν
1080 2572 1245 2606 tantum
1263 2567 1472 2609 illustrare
1493 2583 1574 2609 vo-

837 2624 928 2663 luit.
970 2623 1094 2678 (caeli
1119 2639 1274 2663 menses
1298 2634 1336 2664 et
1362 2628 1496 2666 sidem
1521 2640 1574 2666 ex

835 2682 975 2722 indole
991 2682 1172 2736 poeticae
1190 2684 1397 2735 orationis,
1423 2685 1475 2724 de
1492 2698 1572 2738 qua

836 2740 922 2780 vid.
942 2741 993 2790 Q.
1013 2741 1061 2781 V.
1080 2741 1275 2792 XXXIII,
1295 2742 1350 2793 4.,
1377 2743 1572 2783 dicuntur

837 2799 983 2852 signa
1014 2799 1262 2838 caelestia
1298 2814 1497 2840 menses
1525 2805 1572 2838 et

837 2863 1199 2911 tempestatem
1218 2858 1569 2910 regentia,coll.

836 2929 896 2954 vs.
908 2918 1006 2958 232.
1021 2916 1049 2955 i.
1064 2928 1097 2954 e.
1109 2916 1242 2955 sidera
1254 2916 1426 2966 zodiaci5
1445 2927 1570 2967 quare

835 2972 963 3012 nolim
979 2974 1023 3012 in
1041 2973 1190 3026 Heynii
1209 2986 1257 3011 ac
1274 2971 1570 3014 Wunderlichii
