1734 3320
178 194 279 242 494
506 190 561 240 P.
606 188 968 241 VIRGILII
1005 187 1382 238 MARONIS

180 315 439 378 Sustinet3
483 315 610 366 hinc
641 324 884 366 armenta
912 315 1111 380 boum,
1147 315 1484 382 meritosque
1516 314 1705 364 iuven-

971 401 1074 438 cos,
1603 385 1706 436 515

177 460 291 508 Nec
310 457 551 523 requieS‚
591 456 721 523 quin
750 464 838 505 aut
859 455 1037 522 pomis
1059 455 1316 505 exuberet
1338 470 1529 518 annUS,

177 531 284 578 Aut
303 525 421 577 fetu
445 543 732 594 pecorum,
771 535 859 575 aut
881 525 1112 576 Cerealis
1129 525 1357 590 mergite
1380 523 1569 589 culmi,
1688 581 1692 584 γ

177 601 563 664 Proventuque
590 604 782 646 oneret
801 595 998 660 sulcos,
1039 605 1200 662 atque
1223 595 1419 645 horrea
1440 594 1629 645 vincat.

177 668 341 721 Venit
361 667 557 718 hiems:
591 667 783 717 teritur
809 667 1055 731 Sicyonia
1073 666 1234 716 bacca
1252 664 1495 733 trapetis;

250 764 366 814 515.
404 774 692 821 1UVENCOS3
777 762 893 812 517.
934 775 1127 820 CULM13

179 926 252 949 var.
271 914 351 947 lect.
377 923 444 946 nec
465 911 568 945 male.
597 912 683 957 (Hic
697 911 834 958 recepit
851 912 1001 946 Vossius
1013 938 1022 955 ,
1056 911 1246 957 probatum
1261 904 1379 945 =etiam
1399 909 1541 944 Handio
1562 909 1608 944 ad
1623 912 1708 943 Stat.

180 962 264 996 Silv.
284 973 363 1007 pag.
382 961 463 995 267.
513 961 608 993 Bene
626 960 730 1001 hinc-3
757 972 798 993 ex
821 959 959 1004 vulgari
983 959 1123 993 ratione
1148 958 1302 992 diceres:
1327 958 1410 992 hinc
1429 957 1536 992 annui
1553 957 1709 998 labores,

181 1021 268 1054 quos
288 1007 411 1041 rustici
430 1007 600 1050 subeunt,
625 1013 665 1039 ut
689 1006 830 1040 domum
852 1020 946 1041 suam
968 1006 1188 1053 patriamque
1211 1005 1416 1039 sustineant.
1464 1006 1508 1038 Et
1526 1004 1709 1038 commode

180 1057 224 1090 ab
247 1055 370 1089 Iahnio
400 1054 567 1087 laudatur
594 1053 774 1088 Schirach.
798 1054 835 1087 in
858 1055 963 1088 Clave
982 1056 1125 1087 Poetar.
1145 1053 1324 1087 classicor.
1355 1053 1394 1086 P.
1421 1053 1463 1086 ΙΙ.
1491 1065 1527 1098 p.
1551 1051 1632 1087 471.
1660 1051 1711 1085 ita

180 1104 274 1138 hunc
294 1102 411 1136 locum
431 1101 625 1147 explicans:
653 1102 923 1148 „Descripserat
939 1107 1047 1148 poeta
1066 1099 1162 1134 varia
1181 1100 1307 1142 studia,
1324 1099 1448 1145 quibus
1467 1099 1710 1133 sollicitaren-

180 1157 239 1184 tur
258 1149 420 1183 homines
441 1149 487 1182 ad
504 1149 680 1182 satiandas
703 1162 781 1182 suas
805 1149 1031 1195 cupiditates.
1068 1150 1208 1190 Quanto
1232 1148 1374 1181 felicior
1398 1146 1570 1192 agricola!
1596 1145 1710 1179 Unice

182 1197 352 1233 incumbit
373 1196 444 1230 suis
474 1197 568 1241 agris
600 1196 759 1230 colendis
790 1204 824 1230 et
849 1197 902 1230 rei
922 1196 1074 1230 rusticae
1099 1195 1298 1240 augendae,
1324 1194 1415 1228 nihil
1433 1200 1621 1240 praeterea
1646 1205 1711 1227 cu-

181 1248 275 1287 ranS,
302 1257 367 1278 nec
387 1244 541 1278 incertus
563 1244 607 1277 de
627 1256 666 1277 re
686 1244 801 1277 futura
820 1257 885 1289 per
903 1250 1016 1278 totum
1039 1255 1165 1276 annum
1181 1255 1279 1276 suum
1299 1242 1460 1276 laborem
1481 1242 1606 1275 beatus
1623 1252 1718 1286 per—¹

183 1292 353 1338 sequitur,
374 1298 410 1325 et
429 1292 549 1335 habet,
574 1291 666 1324 unde
680 1291 830 1337 patriam
850 1303 1001 1336 suosque
1017 1294 1223 1324 sustentet.“
1237 1310 1283 1316 ——
1307 1290 1389 1326 515.
1403 1290 1462 1323 hic
1471 1280 1599 1322 Medicl
1618 1287 1713 1333 apud

181 1340 331 1385 Foggin.
371 1338 475 1382 Wr.)

580 1339 650 1374 516
687 1340 775 1384 quin
807 1347 843 1372 et
877 1340 1017 1383 Menag.
1048 1338 1148 1371 alter.
1205 1336 1385 1371 exuberat
1421 1337 1562 1380 Menag.
1599 1341 1710 1380 quart.

182 1389 251 1425 517
279 1396 316 1421 et
334 1386 495 1420 Cerealis
514 1387 654 1431 Menag.
675 1385 777 1419 alter.
812 1386 981 1431 (Cerialis
1001 1385 1151 1431 primum
1181 1383 1219 1417 in
1243 1384 1373 1418 Medic.
1399 1383 1571 1429 scriptum
1590 1382 1712 1422 fuisse,

182 1442 284 1469 notat
295 1433 444 1479 Foggin.
477 1434 573 1478 Wr.)

672 1433 741 1468 518
767 1435 1067 1480 Proventumqae
1088 1432 1196 1465 Goth.
1217 1444 1288 1478 pr.;
1313 1432 1464 1472 ferrem,
1491 1430 1521 1463 si
1539 1431 1712 1463 Proven-

184 1492 248 1517 ταις
276 1489 389 1525 esset,
414 1490 482 1515 aut
507 1481 645 1515 lzorrea
668 1480 798 1514 Medic.
820 1493 841 1514 a
867 1493 912 1514 m.
932 1493 987 1526 pr.
1012 1487 1046 1514 et
1073 1479 1208 1513 Zulich.
1259 1487 1388 1513 oneret
1409 1478 1524 1512 cellas
1550 1476 1642 1510 coni.
1660 1478 1711 1509 Io.

183 1530 370 1565 Schrader.
420 1528 617 1562 Fatendum
645 1534 781 1570 tamen,
815 1528 844 1561 si
872 1528 1027 1561 severius
1057 1539 1135 1560 cum
1166 1532 1275 1573 poeta
1301 1538 1406 1571 agas,
1441 1531 1555 1559 totum
1575 1536 1714 1558 versum

184 1577 340 1612 otiosum
360 1588 436 1610 esse
454 1583 537 1623 post
554 1575 813 1609 antecedentia.
840 1575 1015 1621 (Minime!
1058 1577 1112 1610 W
1110 1574 1155 1619 r.)

185 1710 287 1747 triae
308 1706 411 1761 qnid
425 1706 589 1756 debeat,
632 1714 669 1744 et
690 1706 791 1759 quid
811 1708 922 1744 ami-

185 1769 257 1805 cis.
320 1764 375 1804 At
403 1765 579 1818 patriam
598 1764 806 1803 Romanus
838 1779 923 1803 non

186 1825 274 1875 alit3
306 1824 433 1862 aleret
453 1823 571 1872 cives,
599 1823 812 1861 sustineret
832 1823 922 1874 opi-

185 1884 262 1923 bus
290 1883 370 1922 suis
400 1881 561 1920 amicos.
621 1881 764 1919 Horat.
795 1882 921 1920 Serm.

186 1942 234 1992 H,
262 1944 302 1991 2,
326 1938 408 1983 104
438 1955 532 1989 cur,
567 1939 767 1990 improbe,
802 1954 922 1977 carae

186 2001 286 2040 Non
306 1998 468 2051 aliquid
488 2000 654 2049 patriae
679 2005 791 2035 tanto
815 2012 919 2035 eme-

188 2060 274 2097 tiris
297 2071 454 2096 acervo.
498 2056 608 2108 atqui
631 2062 920 2108 praecesserat:

188 2131 312 2170 qnare
331 2115 482 2166 templa
502 2123 621 2152 ruant
650 2116 821 2167 antiqua
848 2114 921 2152 de-

188 2175 287 2213 um?
320 2173 406 2212 Erit
422 2174 556 2224 itaque
580 2186 625 2211 eo
649 2172 921 2222 referendum,

187 2238 235 2272 ut
260 2232 310 2270 de
339 2246 410 2270 suo
447 2232 628 2270 conferat
653 2231 705 2269 ad
731 2231 922 2270 utilitates

188 2291 370 2344 publicas
404 2296 444 2328 et
478 2289 689 2328 commoda
720 2290 921 2328 universe.

191 2348 302 2403 (Vid.
323 2362 426 2400 quae
445 2349 586 2401 scripsi
602 2348 646 2386 in
662 2348 709 2387 V.
729 2348 772 2387 L.
808 2349 879 2388 W
872 2346 920 2401 r.)

249 2463 490 2507 516—518.
514 2464 681 2502 Nullum
703 2464 796 2502 anni
817 2470 923 2502 tem-

190 2536 266 2576 pus
295 2528 372 2572 est,
405 2536 484 2573 quo
512 2529 639 2561 cesset
664 2536 754 2575 ager
783 2522 924 2561 afferre

191 2581 345 2632 aliquid
370 2581 539 2620 fructus.
577 2583 715 2632 pomis
745 2580 926 2618 exuberet

191 2654 337 2688 annus,-
370 2641 530 2691 poetica
554 2639 725 2688 ratione,
752 2638 822 2677 sed
843 2638 925 2676 sol-

190 2697 323 2747 lenni,
362 2711 458 2749 pro,
489 2711 609 2750 poma
638 2697 861 2735 exuberant
883 2696 925 2734 in

192 2770 318 2804 nnnc,
348 2755 389 2794 h.
408 2762 639 2794 auctumno.
691 2753 743 2808 (A
763 2754 924 2806 Virgilio

193 2829 266 2854 sua
290 2820 497 2853 mutuatus
527 2814 692 2853 videtur
717 2813 817 2851 Plin.
849 2812 927 2850 Pa—

192 2887 330 2926 negyr.
355 2887 387 2912 e.
411 2875 479 2915 29.
511 2886 532 2909 a
557 2871 768 2912 Wunderl.
797 2870 925 2909 laud.:

194 2932 360 2982 „omnis
408 2931 548 2971 usibus
596 2930 747 2969 nostris
796 2942 925 2967 annus

195 2992 439 3030 exuberat.“
474 2987 593 3043 Wr.)
654 2988 751 3031 518.
786 2988 926 3026 Annus·

981 1714 1118 1745 onerat
1157 1705 1288 1744 sulcos
1330 1713 1527 1756 proventu
1547 1733 1559 1753 ,
1620 1708 1714 1741 ante

980 1777 1168 1813 messem,
1196 1763 1338 1801 horrea
1358 1764 1484 1802 vincit
1495 1769 1710 1812 proventu,

980 1836 1106 1860 messe
1127 1823 1244 1860 facta.
1296 1822 1400 1859 Sunt
1421 1815 1567 1859 Tibulli
1586 1819 1651 1869 IV,
1677 1822 1713 1870 1,

984 1881 1066 1923 185
1106 1882 1268 1918 Horrea
1295 1879 1506 1931 secundas
1534 1879 1578 1915 in
1610 1877 1714 1926 desi—

981 1940 1129 1977 ciena'a
1151 1951 1295 1975 messes
1307 1968 1318 1987 ,
1353 1943 1394 1976 et
1413 1950 1501 1989 sup.
1522 1936 1664 1988 Georg.
1683 1935 1713 1985 Ι,

981 1996 1036 2039 49
1051 1998 1173 2035 Illius
1193 1998 1397 2034 inmensae
1412 2003 1603 2047 ruperant
1617 1994 1713 2032 llor-

979 2070 1048 2094 rea
1066 2069 1224 2093 messes.

1039 2170 1136 2214 519.
1169 2170 1269 2208 Cum
1295 2167 1449 2218 hieme,
1490 2166 1531 2206 h.
1559 2180 1591 2206 e.
1623 2181 1716 2206 cum

980 2235 1161 2267 extremo
1209 2233 1431 2266 auctumno
1450 2256 1462 2276 ,
1520 2225 1714 2265 olivitatis

978 2294 1136 2340 tempus
1158 2286 1321 2339 ingruit.
1355 2284 1484 2339 (quod
1513 2285 1562 2323 ab
1588 2284 1715 2322 Octo-

979 2346 1043 2385 bri
1074 2359 1210 2384 mense
1237 2345 1289 2382 ad
1308 2343 1542 2382 Ianuarium
1569 2349 1716 2381 exten-

983 2405 1107 2443 ditur.
1168 2403 1258 2444 Vid.
1285 2402 1440 2440 Colum.
1469 2401 1547 2450 XI,
1579 2403 1620 2450 2,
1646 2397 1714 2442 83.

981 2463 1070 2512 ΧΠ,
1097 2463 1164 2505 50.
1207 2460 1356 2501 Pallad.
1375 2460 1446 2510 XI,
1470 2462 1536 2501 10.
1567 2459 1655 2508 XII,
1675 2457 1714 2499 4.

988 2523 1034 2561 V
1030 2519 1136 2574 083.)
1207 2520 1368 2568 Olivae‚
1418 2523 1466 2557 ut
1500 2522 1717 2570 poetarum

982 2593 1089 2628 mOS,
1119 2592 1142 2615 a
1164 2583 1392 2630 praestante
1420 2576 1553 2626 aliquo
1573 2587 1716 2628 genere

982 2637 1185 2675 adiectum
1210 2649 1359 2674 nomen
1382 2634 1546 2673 habent.
1608 2633 1678 2687 (V
1672 2647 1716 2670 e-

982 2697 1042 2733 nit
1059 2695 1186 2732 hiems
1201 2711 1211 2731 :
1245 2695 1383 2732 teritur
1398 2699 1469 2732 etc.
1496 2691 1604 2730 hanc
1623 2703 1716 2729 ora-

983 2752 1105 2791 tionis
1122 2758 1373 2791 structuram
1385 2752 1599 2799 illustrant,
1615 2761 1717 2801 quae

983 2810 1197 2850 Wunderl.
1229 2811 1281 2849 ad
1303 2809 1343 2849 h.
1366 2811 1393 2848 1.
1428 2815 1467 2847 et
1494 2809 1537 2848 in
1566 2808 1717 2847 Obser-

984 2875 1085 2908 vatt.
1109 2869 1153 2907 in
1183 2870 1327 2908 Tibull.
1349 2869 1388 2918 I,
1422 2870 1471 2917 6,
1503 2869 1571 2908 37.
1602 2871 1717 2904 attu-

984 2927 1042 2966 h't.
1079 2929 1197 2981 IsVtu)
1260 2929 1468 2979 Sicyonem
1488 2924 1718 2976 oliviferam

985 2986 1102 3024 etiam
1114 2986 1234 3025 Ovid.
1253 2989 1449 3024 memorat
1463 2983 1506 3021 in
1516 2982 1605 3021 Ibin
1617 2983 1715 3030 319,
