1734 3320
260 201 753 293 creneio-ou(
780 241 922 292 Lm.
958 241 1026 305 n,
1062 243 1356 296 530-541

1467 251 1568 299 497

0 344 12 353 Γ
43 372 196 421 Hanc
216 371 423 421 Remus
449 376 504 418 et
527 365 717 429 frater3
754 367 828 418 sic
852 365 1007 417 sortis
1028 369 1240 418 Etruria
1266 374 1430 422 crevit

47 439 264 495 Scilicet
286 447 341 490 et
362 454 548 489 rerum
569 436 708 487 facta
734 446 813 487 est
831 437 1158 505 pulcerrima
1183 441 1384 506 Roma,

47 504 381 578 Septemque
400 525 511 559 una
534 507 634 557 sibi
656 523 817 558 muro
842 507 1198 559 circumdedit
1222 526 1383 562 arces,

1467 515 1571 565 535

44 583 185 632 Ante
211 579 373 630 etiam
396 587 670 646 sceptrum
691 579 896 629 Dictaei
919 580 1084 644 regiS‚
1122 588 1176 629 et
1204 588 1328 630 ante

43 649 199 718 Inpia
221 666 387 717 quam
411 649 573 699 caesis
596 664 729 714 gens
755 658 834 698 est
858 649 1105 716 epulata
1092 650 1344 715 iuvenciS,

43 723 254 782 Aureus
277 718 418 770 hanc
442 719 607 769 vitam
630 720 685 769 in
709 720 864 769 terris
892 721 1150 770 Saturnus
1175 720 1377 786 agebat.

35 779 294 851 ‘Necdum
319 790 482 840 etiam
505 789 784 840 audierant
806 787 978 839 inflari
1003 789 1239 855 classica,
1275 789 1514 841 necdum
1564 802 1566 804 ·

43 859 317 930 Inpositos
342 859 490 910 duris
517 860 777 927 crepitare
801 859 1085 910 incudibus
1110 877 1278 912 enseS.

1467 863 1570 912 540

118 924 230 981 Sed
249 945 350 980 nos
370 931 682 981 inmensum
702 930 882 998 spatiis
906 929 1240 981 confecimus
1268 947 1499 999 aequor3

117 1026 494 1086 533.cm·:v11-;

92 1152 166 1189 534
187 1151 310 1187 Malim
328 1152 495 1198 iungere:
528 1154 591 1187 Sic
604 1152 726 1200 fortis
741 1154 900 1187 Etruria
921 1154 1037 1186 crevit
1057 1152 1225 1194 Scilicet,
1259 1161 1297 1186 et
1314 1165 1449 1186 rerum.
1495 1154 1570 1186 Eo-

45 1199 128 1234 dem
145 1200 253 1234 modo
269 1201 297 1243 1,
321 1201 403 1238 281.
427 1201 508 1236 282.
557 1201 681 1246 (Recte
700 1200 844 1245 utique3
880 1212 958 1233 nam
983 1208 1020 1233 et
1038 1207 1123 1246 post
1141 1199 1280 1234 scilicet
1300 1200 1455 1245 positum
1469 1201 1572 1234 vale-

44 1253 103 1281 ret
120 1248 243 1290 etiam,
265 1253 307 1280 ut
328 1248 393 1281 Ge.
414 1248 442 1289 1,
464 1247 547 1284 493.
577 1248 676 1293 Wr.)

45 1306 143 1341 quae
161 1306 240 1328 una
266 1294 324 1329 ed.
348 1295 440 1328 lunt.
468 1300 506 1328 et
533 1294 637 1328 aliae.

43 1341 178 1376 Medic.
198 1353 221 1376 a
240 1353 287 1376 ιιι.
306 1354 362 1389 pr.

44 1454 142 1488 tura
170 1453 465 1502 pervenerunt.
523 1448 785 1487 Burmannus

43 1506 329 1560 intempestive
375 1506 562 1545 Etruriae
609 1506 781 1545 mentio-

5 1615 11 1619 *
43 1575 160 1615 nem,
199 1571 242 1604 et
271 1578 356 1604 uon
383 1563 461 1603 nisi
478 1564 521 1603 in
541 1564 785 1603 Maecenatis

45 1623 241 1676 gratiam,
287 1622 378 1662 fieri
401 1622 533 1661 aiebat
542 1638 554 1673 ;
592 1623 663 1661 sed
685 1622 785 1674 quid

45 1682 302 1735 potissimum
312 1681 378 1721 vir
389 1680 641 1720 doctissimus
651 1681 695 1719 in
705 1680 785 1719 hac

46 1739 277 1793 suspicione
299 1745 492 1791 sequutus
514 1739 585 1789 sit,
615 1739 783 1778 videtur

45 1799 153 1838 enim
174 1797 329 1850 aliquid
350 1803 546 1849 sequutus
565 1810 668 1847 esse,
698 1811 784 1836 non

6 1866 21 1896 ·,
45 1855 247 1909 apposuit.
306 1855 436 1894 Fuere
452 1855 595 1907 utique
615 1868 783 1908 magnae

45 1915 315 1955 Etruscorum
356 1927 451 1967 opes
497 1919 540 1952 et
575 1920 783 1952 terrarum

45 1973 183 2012 cultus
196 1972 386 2026 egregius·
435 1970 533 2015 534.
555 1987 686 2010 rerum
695 1972 782 2023 s<z=÷

44 2039 113 2070 cta
133 2039 190 2070 est
202 2031 477 2082 pulcerrima,
506 2036 604 2068 nota
638 2031 781 2081 forma,

46 2103 170 2141 quam
194 2089 335 2127 Burm.
360 2088 413 2126 ad
447 2087 490 2127 h.
522 2088 565 2127 l.x
581 2088 777 2137 illustrat,

48 2147 232 2186 omnium
264 2146 529 2199 imperiorum
568 2152 782 2198 praestan—

44 2205 246 2244 tissimum
262 2218 310 2243 ac
334 2204 610 2243 beatissimum
628 2205 782 2242 sactum

46 2270 119 2302 est.
176 2262 323 2301 Iisdem
350 2263 436 2301 fere
472 2261 608 2301 verbis
640 2262 779 2300 Cicero

44 2335 122 2375 pro
151 2320 271 2360 Rosc.
296 2319 430 2359 Amer.
461 2334 494 2359 c.
523 2322 598 2369 18,
636 2318 679 2372 §.
711 2320 778 2362 50.

44 2381 238 2419 Formam
266 2384 404 2417 tamen
425 2384 467 2416 et
494 2378 698 2416 rationem
714 2378 779 2416 lo·-

46 2437 198 2490 quendi
226 2451 312 2475 non
343 2436 551 2489 expedivit
574 2436 779 2475 Burman-

45 2510 136 2535 nus.
194 2496 268 2534 Est
287 2495 437 2534 scilicet
456 2495 656 2533 Graecum
680 2496 780 2548 χρῆ-

46 2571 104 2607 μα
137 2550 380 2602 κάλλιστον,
419 2567 481 2591 res
511 2553 779 2604 pulcerrima,

47 2618 90 2651 et
134 2610 294 2650 doctius
333 2612 586 2663 pulcerrima
630 2623 776 2648 rerum.

47 2671 154 2708 Tum
181 2670 333 2708 scilicet
362 2675 422 2707 est
454 2666 528 2721 δὴ,
559 2684 661 2721 αρα,
691 2669 779 2707 uti—

49 2741 158 2780 que,
204 2739 317 2766 sane.
384 2727 441 2765 Ut
485 2727 639 2765 G1aeca
678 2726 779 2764 sint:

46 2784 118 2826 καὶ
146 2781 197 2838 δὴ
233 2783 303 2825 καὶ
339 2781 478 2838 Ῥωμη
519 2782 679 2838 ἤκμασε
713 2781 782 2825 δια

48 2845 199 2890 τοῦτο,
247 2837 458 2883 κάλλιστόν
509 2858 549 2882 τι
597 2845 776 2897 πρᾶγμα.

48 2900 146 2944 535.
178 2913 292 2937 ames
305 2913 380 2950 pro
398 2900 616 2938 montibus.

106 2959 203 3000 536.
241 2955 350 2994 Ante
388 2957 546 3006 Iovem,
583 2957 658 2995 sub
687 2969 779 3008 rege

47 3017 249 3064 Saturno,
298 3027 422 3052 aurea
466 3020 598 3052 aetate
641 3012 779 3070 (unde

116 3083 327 3133 Vfflcn..
366 3082 510 3131 ΤοΜ.
544 3081 583 3129 Ι.

771 1248 841 1283 535
865 1247 961 1281 Idem
985 1259 1101 1281 versus
1120 1250 1206 1281 Aen.
1231 1248 1292 1288 VI,
1316 1248 1397 1283 786.
1436 1259 1454 1280 s

732 1294 803 1330 536
829 1298 952 1329 Antea
978 1294 1072 1328 Gud.

411 1342 482 1387 (est
502 1354 543 1376 ea
564 1341 665 1388 prior
680 1340 801 1376 lectio.
831 1341 931 1386 Wr.)

1166 1294 1237 1329 540
1260 1295 1441 1342 Inpositis
1455 1256 1572 1329 Ztem
1482 1306 1573 1329 uros

841 1453 962 1502 poeta
982 1447 1115 1500 ipsum
1136 1445 1243 1485 dixit
1264 1445 1474 1499 aureum),
1514 1447 1571 1486 sic

842 1506 1039 1545 vivebant
1054 1504 1250 1544 homines.
1298 1506 1440 1557 Impia
1455 1519 1570 1557 gens,

841 1563 884 1607 h.
923 1563 1135 1603 hominum
1177 1576 1302 1615 genus
1317 1593 1329 1613 ‚
1376 1565 1567 1615 impium,

842 1622 954 1675 quod
974 1628 1147 1661 naturae
1165 1621 1292 1673 legem
1315 1620 1463 1671 violat,
1493 1622 1571 1660 bo-

841 1694 936 1721 vem
957 1679 1187 1719 mactando.
1218 1679 1269 1718 cf.
1296 1678 1412 1718 Arat.
1438 1678 1572 1718 Phae-

842 1753 951 1778 nom.
982 1741 1077 1781 132.
1110 1737 1190 1776 Cic.
1220 1738 1269 1776 N.
1295 1738 1343 1776 D.
1371 1737 1423 1787 Π,
1438 1740 1507 1787 63,
1525 1735 1569 1791 §.

844 1798 939 1840 159.
970 1794 1045 1851 (—
1065 1796 1163 1839 538.
1192 1810 1338 1834 aureus
1354 1796 1567 1845 Saturnus,

842 1854 895 1894 ob
924 1868 1090 1893 auream
1121 1859 1314 1904 aetatem,
1355 1853 1469 1893 cuius
1503 1854 1570 1892 ille

839 1919 1050 1966 tamquam
1074 1925 1222 1965 parens
1248 1918 1289 1951 et
1318 1918 1463 1951 auctor
1477 1912 1570 1951 suit.

840 1971 1033 2011 Similiter
1077 1969 1282 2009 Theocrit.
1319 1970 1399 2009 XII
1415 2001 1427 2021 ‚
1479 1971 1569 2013 15.:
1615 2008 1621 2016 ,

840 2024 899 2082 ,,ἧ
925 2030 979 2083 §a
994 2023 1084 2071 τότ’
1101 2023 1210 2082 ἦσαν
1237 2023 1420 2083 χρύσειοι
1443 2026 1571 2069 πάλαι

841 2085 1039 2142 ἅνδρες.“
1076 2085 1259 2140 Jacobs.)
1331 2087 1429 2129 539.
1457 2087 1570 2124 elas-

839 2147 926 2183 sica
944 2146 1087 2196 inflari
1098 2174 1111 2194 ‚
1152 2143 1243 2183 cani
1261 2143 1404 2182 inflato
1425 2157 1567 2193 cornu,

837 2203 939 2242 tuba
952 2233 963 2252 ,
992 2202 1176 2241 buccina.
1197 2201 1281 2241 vid.
1296 2202 1481 2254 Propert.
1501 2201 1567 2250 ΠΙ,

838 2260 968 2310 3,‹41.
988 2260 1058 2302 42.
1087 2258 1153 2314 (2,
1183 2262 1250 2301 11.
1284 2259 1367 2314 12.)
1388 2260 1491 2298 conf.
1516 2259 1570 2298 ad

838 2318 985 2358 Tibull.
1004 2319 1044 2368 Ι,
1071 2321 1091 2359 1
1106 2348 1117 2367 ,
1135 2316 1175 2359 4.
1197 2340 1255 2347 —-
1283 2317 1382 2361 540.
1413 2318 1569 2358 Ornate

835 2391 912 2430 pro
923 2407 934 2427 ‚
963 2375 1142 2430 procudi
1162 2388 1286 2414 enses.

897 2490 995 2536 541-
1024 2489 1123 2535 542.
1153 2489 1234 2529 Sed
1250 2489 1343 2529 finis
1360 2490 1568 2529 faciendus

839 2555 901 2588 est
928 2549 1045 2588 libro.
1110 2548 1266 2587 Eodem
1282 2554 1422 2616 tropo
1460 2549 1567 2600 Try-

837 2606 977 2661 phiod.
1009 2605 1095 2649 664
1134 2602 1355 2647 Μουσάων
1384 2604 1456 2648 ὅδε
1490 2603 1568 2658 μό-

838 2670 954 2719 χθος.
995 2662 1073 2719 ε’γω
1103 2660 1145 2706 δ’
1178 2679 1281 2734 απερ
1302 2664 1432 2705 ἵππον
1450 2660 1566 2705 ἐλασ-

840 2736 898 2764 σω
922 2723 1139 2792 Τέρματος
1176 2718 1449 2775 ἆμφιέλισσαν
1485 2721 1568 2762 ἐπι-

838 2777 1063 2833 ψαύουσαν
1103 2776 1265 2833 ἆοιδήν.
1315 2794 1467 2831 aequor
1500 2780 1566 2815 in-

838 2854 1020 2877 mensum
1049 2840 1217 2890 spatzis,
1261 2837 1455 2875 immensa
1474 2848 1567 2887 spa-

836 2898 917 2946 tia,
959 2896 1000 2935 h.
1030 2897 1246 2944 decursus,
1286 2894 1456 2941 habens,
1485 2893 1567 2930 im-

836 2968 1069 2994 mensorum
1115 2953 1337 3005 spatiorum
1389 2963 1566 3002 campus.

838 3013 894 3051 De
920 3014 1064 3064 spatiis
1098 3011 1180 3050 vid.
1213 3009 1266 3047 ad
1307 3009 1375 3046 Ge.
1403 3008 1441 3057 I,
1468 3008 1566 3050 512.

1218 3078 1285 3123 32
