1734 3320
125 207 229 256 360

447 204 506 254 P.
552 202 915 255 VIRGILII
955 199 1334 251 MARONIS

123 333 193 383 Et
214 339 457 381 veterem
481 331 537 380 in
559 329 692 379 limo
717 345 879 379 ranae
906 327 1150 378 cecinere
1177 324 1468 395 querelam.

128 401 350 468 Saepius
377 410 431 451 et
452 401 606 451 tectis
628 397 993 467 penetralibus
1021 397 1202 449 extulit
1226 414 1325 447 ova

125 475 427 537 Angustum
449 469 677 521 formica
699 479 881 520 terens
905 469 1035 531 iter3
1075 477 1129 518 et
1150 467 1289 517 bibit
1312 467 1501 532 ingens
1552 473 1655 521 380

126 546 318 603 Arcus3
357 550 410 593 et
440 559 469 592 e
493 550 647 609 pastu
673 540 946 591 decedens
973 538 1185 604 agmine
1207 553 1408 603 magno

129 615 436 665 Corvorum
457 611 725 679 increpuit
747 610 926 661 densis
955 609 1214 659 exercitus
1239 607 1346 660 alis,

171 731 242 767 378
266 732 346 766 Aac
363 730 420 764 ed.
440 731 553 772 ven„
586 727 748 763 nonnulli
779 739 835 772 ap.
863 726 1035 769 Pieriam,
1060 726 1197 760 Bodlei.
1227 732 1264 760 et
1289 738 1377 760 unus
1403 726 1573 762 Arundel.
1600 739 1657 774 ap.

126 778 291 822 Martin.‚
316 777 376 824 qui
402 776 553 822 recepit.

648 777 720 812 379
747 777 868 820 Ocyus
887 782 924 808 et
941 773 1042 807 malit
1060 774 1193 816 Cerda,
1220 773 1302 820 quia
1318 773 1356 807 in
1375 777 1485 808 Arato
1505 774 1658 810 »θᾶσσον

128 832 194 859 est.
243 838 264 859 e
287 826 395 859 tectis
422 836 479 869 ap.
496 822 631 857 Charis.
658 824 743 856 Inst.
763 823 954 862 Grammat.
973 822 1025 863 ΙΙ,

1054 834 1089 867 p.
1122 822 1200 857 193.
1245 834 1265 855 e
1291 823 1382 855 tecti
1399 820 1660 870 penetralibus

128 872 221 907 coni.
243 873 370 914 Voss.,
395 871 496 905 male.
545 868 694 917 Sicfoci
707 869 935 917 penetrales.
976 868 1081 913 Apud
1101 868 1272 903 Avienum
1290 880 1371 914 pag.
1393 870 1459 905 121
1478 869 1534 904 ed.
1553 871 1657 904 Grot.

129 932 201 954 ova
222 920 326 953 cavis
345 918 452 964 effert
470 916 744 966 penetralibus:
769 915 864 962 quod
882 917 932 949 Io.
952 915 1138 950 Schrader.
1158 915 1195 949 in
1214 915 1355 949 schedis
1372 915 1506 951 laudat.

558 965 619 1010 (-
639 964 721 1000 381.
753 965 785 998 N
791 962 911 997 otulae
932 962 1121 998 Servianae
1139 964 1355 999 Burmannus
1376 964 1608 1011 praescripsit
1634 979 1660 1000 a

128 975 259 1001 tenens
277 966 385 1000 Goth.
407 978 461 1011 pr.

122 1022 261 1062 pastu,
284 1012 507 1060 imprudens,
528 1011 566 1046 ni
580 1010 699 1046 fallor.
729 1011 826 1055 Wr.)

127 1121 255 1160 rundo
268 1129 354 1159 tum
370 1121 486 1158 iuxta
501 1133 657 1171 aquam
668 1118 861 1167 volitans,

128 1187 174 1219 ut
198 1193 340 1231 penna
360 1192 481 1230 saepe
502 1178 718 1229 percutiat.
766 1178 865 1218 378.

128 1237 191 1278 Ex
215 1236 304 1276 eod.
336 1235 435 1278 214.
463 1235 562 1278 215.
620 1234 748 1274 Plinio
769 1240 866 1274 sunt

128 1310 256 1334 ranae
314 1295 423 1334 ultra
483 1294 647 1332 solitum
702 1293 864 1333 vocales

128 1352 275 1403 XVIII,
305 1367 335 1392 s·
355 1355 426 1395 87.
463 1360 633 1392 veterem
659 1352 864 1405 querelam

132 1411 186 1450 ad
209 1411 387 1451 fabulam
406 1410 776 1450 transformationis
794 1423 866 1448 ra-

128 1483 276 1510 narum
307 1467 408 1524 (vid.
427 1468 548 1509 Ovid.
565 1468 662 1508 Met.
691 1469 758 1520 VI,
781 1470 866 1510 316

130 1526 233 1582 sqq.)
260 1528 467 1579 referunt;
505 1526 576 1566 sed
600 1527 737 1567 verbis
767 1525 866 1565 sim-

128 1586 288 1640 pliciter
305 1586 412 1625 inest
428 1586 542 1626 notio
560 1585 747 1625 clamoris
765 1598 866 1623 con-

129 1644 236 1683 tinui
255 1657 492 1697 semperque
513 1644 703 1684 eiusdem.
732 1642 866 1683 Poetis

131 1703 240 1742 enim
288 1703 493 1755 querelam
536 1702 587 1741 de
624 1713 867 1755 quacunque

132 1760 365 1800 animalium
390 1774 491 1800 voce
523 1760 603 1799 dici
633 1767 779 1801 notum
796 1764 867 1798 est.

191 1821 288 1861 379.
321 1817 436 1859 Arat.
462 1832 502 1858 v.
526 1817 625 1861 224.
651 1819 748 1862 225.
767 1832 868 1857 con-

131 1890 251 1917 versa
283 1890 305 1914 a
333 1877 413 1916 Cic.
442 1877 493 1916 de
522 1877 612 1916 Div.
639 1877 672 1927 I,
692 1879 731 1919 9.
762 1884 866 1915 tecta

123 1935 377 1988 penetralia,
407 1941 456 1974 ut
471 1935 640 1988 adytum
658 1935 866 1987 penetrale

132 1992 232 2033 Aen.
259 1993 310 2043 II,
338 1996 437 2036 762.
466 1993 622 2045 templa
633 1993 866 2045 penetralia

132 2052 239 2091 caeli
269 2051 388 2090 Lucr.
417 2051 447 2102 Ι,
472 2053 597 2102 1098,
628 2051 738 2090 utin
757 2065 865 2090 non-

131 2109 253 2149 nullis
264 2109 423 2162 legitur.
454 2118 678 2162 angustum
693 2111 768 2148 iter
782 2109 867 2150 κοί-

133 2170 206 2220 λης
237 2163 331 2221 ὀχῆς
340 2198 351 2218 ,
393 2167 624 2207 foraminis:
670 2167 704 2206 si
742 2167 866 2207 modo

132 2223 306 2264 Aratum
320 2226 492 2265 reddere
503 2226 655 2277 voluit3
668 2226 730 2267 sin
740 2225 867 2265 omni-

133 2297 187 2324 no
216 2290 408 2323 naturam
437 2284 701 2324 formicarum
727 2284 867 2338 expri-

133 2354 243 2382 mere
268 2342 432 2393 maluit,
463 2351 639 2395 angusto
668 2344 773 2381 calle
799 2342 866 2382 in—

135 2399 385 2449 cedentium,
415 2406 464 2439 ut
493 2400 591 2439 Aen.
622 2401 688 2451 IV,
706 2399 804 2452 405,
821 2400 866 2439 in

133 2458 224 2497 loco
256 2458 486 2498 disertiore:
523 2458 676 2498 rectius
705 2461 780 2497 iter
815 2458 867 2497 de

136 2515 298 2556 tramite
314 2516 416 2566 isto,
447 2530 528 2569 quo
550 2523 649 2556 eunt
667 2517 868 2556 redeunt-

135 2587 213 2627 que
227 2574 425 2627 intelliges
446 2588 538 2614 cum
558 2574 688 2614 Cerda
709 2581 750 2614 et
769 2574 868 2614 aliis.

137 2629 337 2687 (priorem
387 2633 696 2685 explicationem
754 2646 869 2671 com-

135 2690 319 2730 mendari
338 2691 473 2730 verbis
484 2692 626 2729 extulit
644 2705 723 2730 ova
740 2692 867 2739 tectis,

135 2748 217 2789 iam
231 2748 337 2789 vidit
356 2748 568 2788 Wunderl.
595 2750 660 2789 W
659 2746 715 2802 r.)
746 2746 870 2800 Apud

137 2808 236 2847 Plin.
255 2806 400 2857 XVIII,
414 2821 443 2846 s.
456 2809 512 2849 88
529 2812 600 2856 est,
605 2806 869 2859 formicae-

137 2873 417 2914 concursantes
468 2873 541 2904 aut
588 2878 668 2903 ova
712 2877 869 2916 proge-

135 2932 273 2963 rentes.
306 2916 310 2921 ²

195 2984 291 3025 380.
330 2979 485 3030 Areus,
527 2979 621 3030 iris,
651 2979 801 3030 bibere,
826 2978 867 3019 h.

1586 918 1659 953 380

921 1117 1111 1169 haurire,
1154 1117 1361 1158 attrahere
1378 1149 1391 1170 ,
1430 1133 1554 1172 aquas
1576 1120 1659 1160 suis

924 1177 1130 1227 cornibus,
1156 1177 1298 1231 pluvio
1318 1184 1515 1231 tempore,
1534 1179 1658 1218 etiam

923 1249 948 1274 a
982 1235 1135 1274 nostris
1182 1234 1416 1276 hominibus
1462 1237 1656 1278 creditur.

923 1294 1026 1333 conf.
1044 1293 1110 1332 ‘ad
1130 1293 1277 1334 Tibull.
1301 1294 1332 1345 Ι,
1362 1293 1402 1346 4,
1425 1292 1494 1336 44.
1552 1296 1659 1335 Loca

923 1352 1000 1392 alia
1015 1352 1099 1391 vid.
1121 1366 1183 1405 ap.
1204 1352 1389 1393 Cerdam.
1446 1352 1555 1393 Alias
1577 1369 1660 1393 nu—

924 1410 991 1449 bes
1010 1410 1207 1450 dicuntur
1226 1410 1367 1450 bibere.
1431 1412 1497 1451 Sic
1515 1412 1558 1451 in
1571 1411 1659 1452 An-

924 1468 1028 1508 thol.
1047 1469 1135 1508 Lat.
1152 1469 1221 1509 lib.
1240 1469 1288 1520 V,
1304 1472 1386 1512 113
1409 1470 1458 1509 de
1477 1470 1658 1511 Oceano:

932 1529 987 1566 Te
1010 1535 1161 1579 potant
1195 1527 1319 1566 nubes
1356 1525 1430 1582 (sic
1455 1526 1548 1584 leg.)
1561 1560 1572 1580 ,
1614 1538 1660 1569 ut

922 1585 1094 1624 reddant
1098 1585 1299 1638 frugibus
1313 1586 1470 1626 imbres.
1504 1588 1660 1627 Statius

924 1642 1050 1683 Theb.
1070 1644 1142 1694 IX,
1163 1643 1248 1687 405
1277 1646 1337 1683 At
1358 1653 1482 1696 pater
1507 1660 1659 1685 arcano

923 1702 1097 1741 residens
1112 1704 1294 1742 Ismenos
1311 1704 1355 1740 in
1372 1712 1503 1755 antro,
1542 1705 1659 1743 Unde
1727 1707 1734 1711 “

924 1775 1050 1799 aurae
1066 1760 1266 1814 nubesque
1282 1759 1419 1800 bibunt
1436 1770 1558 1816 atque
1577 1765 1659 1801 im-

924 1817 1048 1871 brzfir
1071 1833 1191 1857 arcus
1212 1819 1422 1870 Pascitur,
1455 1829 1492 1858 et
1521 1823 1660 1873 Tyrios

925 1877 1068 1914 melior
1109 1878 1219 1921 uenit
1260 1891 1393 1915 annus
1439 1880 1483 1916 in
1522 1893 1658 1931 agros.

923 1933 1038 1973 Arat.
1055 1934 1109 1974 ib.
1124 1948 1164 1974 v.
1184 1936 1270 1977 208
1302 1935 1506 1988 duplicem
1518 1951 1660 1976 arcum

922 1991 1066 2032 habet:
1107 1989 1260 2045 διδύμη
1282 1987 1398 2045 Ἶρις,
1439 2007 1490 2033 ex
1516 2008 1660 2048 reper-

923 2064 1039 2090 cussa
1059 2051 1149 2090 luce
1165 2051 1208 2090 in
1229 2051 1417 2092 nubibus.
1464 2053 1660 2094 Nostrum

924 2109 1068 2149 laudat
1087 2110 1239 2148 Seneca
1256 2110 1302 2149 N.
1330 2110 1410 2160 Qu.
1432 2110 1467 2161 Ι,
1493 2114 1532 2154 6.

982 2170 1080 2210 381.
1101 2170 1197 2210 382.
1215 2166 1326 2207 Arat.
1341 2183 1381 2208 v.
1397 2171 1479 2211 231
1491 2173 1658 2213 -237.

923 2227 1121 2277 increpuit
1139 2226 1271 2265 densis
1291 2227 1371 2265 alis
1393 2227 1566 2268 debebat
1584 2242 1660 2268 ex·-

922 2284 1101 2338 primere
1130 2279 1394 2338 τιναξᾶμενοι
1419 2284 1548 2341 πτεροὶ
1575 2303 1660 2329 πυ-

922 2338 1003 2384 κνά
1018 2355 1028 2365 ·
1069 2342 1113 2381 ἰη
1140 2341 1222 2381 hoc
1258 2356 1358 2382 vero
1396 2342 1535 2386 πυκνοὶ
1566 2343 1660 2399 (pro

922 2399 1107 2456 πυκνῶς)
1137 2400 1317 2454 positum
1338 2414 1421 2440 esse
1443 2408 1563 2455 putes
1583 2417 1660 2456 pro

923 2458 1067 2497 crebro.
1125 2459 1258 2498 Etiam
1293 2459 1336 2498 in
1374 2460 1661 2512 epigrammate

927 2515 1123 2571 (Brunck.
1144 2515 1326 2556 Analect.
1345 2517 1459 2557 Tom.
1479 2518 1546 2569 ΙΙΙ,
1568 2533 1659 2573 pag.

930 2575 1025 2618 152.
1050 2573 1129 2629 VI)
1166 2572 1302 2625 Αἰετὲ,
1344 2572 1415 2616 τὸν
1445 2577 1660 2631 χαρίεντα,

926 2632 1021 2673 ποτὶ
1048 2630 1174 2687 πτεροέ
1196 2628 1333 2673 πυκνοὶ
1351 2630 1530 2685 τινάξας,
1558 2638 1661 2685 Παῖς

929 2689 1027 2743 ἔφερ
1033 2705 1072 2738 ες
1086 2708 1099 2741 ;
1128 2689 1183 2729 At
1194 2690 1383 2743 Virgilius
1397 2690 1549 2742 πυκνὸς
1559 2693 1661 2732 den-

926 2762 996 2786 sus
1012 2748 1224 2788 transtulit
1243 2755 1284 2787 et
1312 2746 1426 2803 (nam
1455 2750 1574 2789 dense
1593 2753 1660 2790 in-

927 2819 1087 2857 crepare
1103 2805 1219 2845 nihili
1235 2806 1354 2862 esset)
1368 2806 1494 2863 πτερὰ
1508 2806 1659 2860 πυκνοὶ,

926 2864 1020 2902 alas
1038 2864 1183 2903 densas
1196 2865 1488 2918 interpretatus
1506 2872 1579 2917 est,
1603 2868 1661 2906 si-

926 2934 978 2962 ve
992 2928 1042 2961 ut
1065 2922 1219 2962 alarum
1240 2930 1430 2964 naturam
1458 2925 1661 2978 exprimat

926 2979 1135 3035 epitheton
1150 3011 1160 3031 ,
1199 2981 1284 3023 sive
1310 2987 1361 3022 ut
1387 2981 1441 3023 ad
1467 2982 1659 3024 multitu-
