1734 3320
94 1688 103 1698 1
150 1664 247 1697 tend.
269 1664 372 1697 alter.

148 177 253 229 372
478 173 534 222 Ρ.
571 168 930 223 VIRGILII
964 170 1342 222 MARONIS

150 298 395 366 Suspecti
417 298 514 349 tibi
537 299 642 349 sint
659 297 888 359 imbres;
927 314 1164 364 namque
1189 306 1385 363 urguet
1408 297 1474 348 ab
1500 297 1605 349 alto

148 369 554 437 Arboribusque
575 369 806 436 satisque
825 372 997 420 Notus
1021 368 1318 436 pecorique
1339 368 1563 421 sinister.
1599 400 1604 407 -

134 444 254 491 'Aut
269 440 363 490 ubi
387 440 485 490 sub
508 440 688 490 lucem
713 438 878 488 densa
903 439 1043 488 inter
1067 438 1250 488 nubila
1270 455 1386 489 sese
1576 440 1680 491 445

146 511 353 562 Diversi
373 519 634 577 rumpent
655 509 817 572 radii,
857 518 945 558 aut
967 508 1063 558 ubi
1086 508 1284 574 pallida
1310 518 1492 575 surget

150 580 373 631 Tithoni
396 597 650 630 croceum
671 579 924 646 linquens
946 581 1154 628 Aurora
1179 579 1385 630 cubile:

147 654 293 716 Heu,
330 651 474 701 male
501 660 619 701 tum
639 650 782 698 mitis
805 647 1067 698 defendet
1087 650 1375 715 pampinus
1399 665 1551 700 uvas:

151 725 288 772 Tam
311 721 483 771 multa
508 722 563 770 in
588 720 739 770 tectis
765 719 1029 785 crepitans
1059 718 1176 768 salit
1206 718 1426 768 horrida
1457 718 1679 784 grando,

148 795 267 843 Hoc
290 792 466 857 etiam,
490 806 714 841 emenso
737 806 908 857 quum
930 789 1035 837 iam
1061 788 1276 839 decedit
1298 788 1555 857 Olympo,
1578 792 1680 841 450

221 878 337 927 447.
376 889 590 933 cumLE3
675 874 792 924 450.
828 886 1067 920 DEGEDET

196 1003 265 1039 445
293 1005 346 1037 At
365 1001 428 1036 ubi
445 1002 616 1036 Rottend.
641 1014 711 1036 sec.
808 1000 879 1036 446
904 1008 1077 1048 rumpent
1094 999 1235 1034 reduxit
1251 1000 1437 1045 Heinsius,
1472 1007 1513 1035 ut
1539 1001 1577 1035 in
1602 1001 1681 1035 aliis

149 1050 258 1092 locis,
294 1062 360 1096 pro
381 1058 590 1097 erumpent:
626 1049 721 1095 quod
739 1048 885 1093 vulgare
911 1055 1024 1090 esset,
1050 1048 1215 1093 quodque
1242 1048 1349 1093 vulgo
1372 1049 1577 1094 legebatur:
1616 1061 1682 1083 nec

148 1105 268 1131 tamen
289 1098 439 1142 ubique:
475 1105 648 1143 rumpent
668 1097 737 1129 iam
756 1096 793 1129 in
809 1097 933 1140 Egnat.
954 1095 1156 1128 Commelin.
1179 1095 1351 1138 occurrit;
1385 1104 1420 1130 et
1437 1097 1570 1131 habent
1586 1096 1683 1130 istud

151 1157 271 1178 omnes
300 1144 465 1177 meliores
495 1144 600 1177 etiam
618 1143 737 1177 Pierii.
787 1151 966 1190 rumpunt
984 1144 1108 1184 Rom.‚
1144 1149 1182 1176 ut
1211 1149 1247 1175 et
1268 1143 1400 1188 Regius
1428 1151 1464 1178 et
1492 1144 1572 1178 Ald.
1599 1151 1682 1177 tert.

103 1223 106 1227 .
151 1193 202 1238 (et
223 1193 288 1225 Ms.
307 1191 405 1225 Bosii
430 1192 525 1237 apud
546 1192 641 1225 Cort.
668 1191 713 1225 ad
732 1191 862 1224 Lucan.
883 1192 910 1232 1,
928 1191 1010 1225 317.
1040 1188 1135 1234 Wr.)
1149 1216 1158 1232 ‚
1193 1189 1244 1223 sic
1266 1191 1428 1224 convenit
1449 1204 1526 1226 cum
1548 1193 1682 1238 surgit.

148 1241 234 1273 Mox
255 1246 386 1286 surget
412 1239 518 1272 etiam
541 1251 560 1272 e
579 1238 786 1271 melioribus
809 1237 1022 1283 repositum3
1057 1237 1152 1270 idem
1173 1236 1242 1270 iam
1267 1239 1392 1283 Egnat.
1413 1236 1619 1272 Commelin.
1645 1245 1682 1272 et

149 1286 232 1320 hinc
255 1286 328 1320 alii.
379 1286 522 1332 (surget
551 1285 656 1319 etiam
677 1285 807 1319 Medic.
832 1297 889 1330 ap.
920 1284 1069 1330 Foggin.
1110 1283 1206 1328 W'r.)
1254 1285 1390 1329 Ceteri,
1421 1285 1459 1319 in
1488 1285 1544 1320 his
1564 1286 1682 1329 Aldd„

150 1335 285 1380 surgit.
322 1333 406 1378 (hoc
438 1333 542 1366 etiam
569 1334 604 1368 2.
625 1334 659 1368 3.
682 1332 716 1367 4.
739 1333 772 1367 5.
799 1334 853 1368 12.
892 1333 990 1377 Wr.)
1086 1330 1158 1367 448
1192 1330 1367 1378 desendet
1390 1333 1564 1376 Pieriani‚
1597 1333 1684 1367 item

149 1381 278 1414 Medic.
301 1387 338 1413 et
360 1379 420 1413 alii
438 1380 525 1414 boni
550 1379 646 1413 libri.
695 1383 742 1414 At
762 1379 931 1427 defendit
951 1379 1101 1413 Gudian.
1125 1392 1144 1413 a
1165 1391 1211 1412 m.
1229 1391 1298 1413 sec.
1318 1381 1450 1415 Moret.
1466 1381 1556 1422 duo,
1579 1380 1682 1415 Leid.

149 1441 205 1473 pr.
227 1427 360 1461 Zulieh.
392 1427 449 1461 ed.
477 1429 568 1461 Ven.
597 1427 671 1462 Erf.
703 1440 723 1461 a
750 1440 795 1460 m.
822 1439 891 1461 sec.
941 1426 1123 1473 defendat
1150 1426 1205 1459 ed.
1228 1427 1375 1461 Mediol.
1423 1430 1521 1462 vites
1537 1429 1627 1463 Ven.
1647 1435 1684 1461 et

149 1477 289 1520 Menag.
311 1487 381 1518 sec.
401 1487 422 1508 a
441 1487 487 1507 m.
509 1487 578 1508 sec.
629 1483 704 1508 tam
722 1476 814 1509 Ven.
909 1473 979 1509 449
1010 1476 1101 1507 Tam
1116 1473 1343 1518 antiquiores.
1394 1478 1511 1519 Quam
1527 1488 1572 1509 m.
1590 1475 1685 1522 apud

150 1522 304 1556 Nonium
323 1522 360 1555 in
381 1523 548 1556 Grando.
590 1525 682 1556 Tum
702 1521 848 1555 Mentel.
866 1521 935 1554 duo
948 1548 957 1564 ‚
980 1522 1105 1566 fragm.
1125 1520 1255 1554 Moreti
1276 1534 1354 1555 cum
1378 1530 1458 1557 octo
1480 1521 1570 1556 aliis.
1602 1525 1683 1557 Iam

150 1571 240 1604 Ven.
261 1569 361 1602 Leid.
390 1569 480 1603 alter
501 1581 522 1603 a
543 1582 588 1603 m.
616 1582 670 1614 pr.
721 1571 855 1603 Genev.
884 1569 960 1610 ed.,
996 1581 1063 1602 nec
1089 1568 1257 1613 displicet
1281 1571 1396 1603 Burm.
1431 1571 1523 1604 conf.
1545 1583 1579 1604 v.
1601 1571 1681 1606 506.

150 1616 221 1652 450
246 1617 391 1650 decedit
409 1617 537 1650 Medic.
560 1623 597 1650 et
618 1616 774 1650 Pieriani
792 1616 963 1650 nonnulli.
992 1617 1085 1650 conf.
1104 1628 1181 1660 sup.
1202 1628 1235 1649 v.
1251 1617 1333 1652 209.
1382 1617 1572 1651 descendit
1588 1619 1684 1651 Rot-

423 1664 580 1709 (decedit
599 1663 704 1697 etiam
720 1664 800 1698 Ald.
820 1670 906 1696 tert.
918 1690 927 1705 ,
951 1671 1067 1704 recte3
1094 1663 1145 1697 sic
1163 1663 1256 1695 enim
1275 1663 1337 1698 ubi
1353 1665 1447 1706 iam,
1471 1677 1582 1711 quum
1599 1666 1683 1706 iam,

153 1711 212 1744 ubi
238 1711 493 1755 significamus,
527 1711 633 1744 modo
660 1712 815 1754 futurum
839 1723 916 1744 esse
945 1710 1096 1756 aliquid,
1129 1723 1205 1744 cum
1226 1711 1418 1745 Praesente
1437 1711 1610 1757 iungitur:
1644 1718 1685 1745 ut

151 1770 258 1802 supra
283 1770 334 1791 vs.
355 1759 437 1793 208.
457 1770 530 1803 sq.:
564 1758 657 1799 „ubi
688 1758 869 1792 fecerit
897 1764 933 1791 et
954 1758 1039 1791 iam
1064 1756 1291 1798 dividit;“
1326 1758 1376 1792 sic
1394 1758 1478 1793 libri
1495 1766 1684 1804 praestan-

141 1800 290 1838 [tissimi.
339 1805 404 1838 Ge.
419 1806 480 1847 III,
497 1805 598 1840 303.:
626 1818 748 1846 „cum
773 1805 923 1850 frigidus
946 1805 1031 1838 olim
1052 1805 1134 1838 iam
1160 1804 1289 1838 cadit
1310 1813 1535 1852 extremoque
1554 1806 1684 1840 inro-

151 1859 222 1885 rat
241 1852 415 1897 Aquarius
432 1854 565 1887 anno.“
606 1852 692 1885 ibid.
715 1853 815 1888 336.:
854 1852 977 1894 „Solis
1007 1852 1052 1885 ad
1081 1864 1242 1885 occasum
1256 1879 1266 1895 ,
1299 1865 1391 1886 cum
1421 1853 1570 1898 frigidus
1601 1866 1684 1887 aera

153 1911 282 1943 vesper
300 1900 331 1932 T
343 1911 436 1944 emp
450 1906 550 1932 erat
571 1905 608 1931 et
626 1899 734 1934 saltus
755 1899 921 1933 reficit
942 1899 1025 1933 iam
1048 1899 1188 1933 roscida
1205 1899 1321 1941 Luna,
1345 1899 1539 1946 Litoraque
1557 1901 1684 1946 alcyo-

148 1957 221 1978 nen
240 1949 501 1979 resonant.“
552 1947 615 1979 Ge.
636 1948 697 1989 IV,
719 1946 820 1982 401.:
846 1947 1006 1989 „medios
1026 1959 1105 1980 cum
1124 1945 1178 1980 sol
1198 1947 1403 1981 adcenderit
1420 1954 1538 1981 aestus
1551 1974 1560 1990 ,
1585 1948 1684 1982 Cum

154 1992 325 2026 sitiunt
350 1993 485 2026 herbae
505 2000 540 2027 et
558 1993 682 2038 pecori
704 1994 789 2027 iam
811 1994 947 2039 gratior
967 1994 1089 2027 umbra
1111 1996 1228 2027 est.“
1277 1994 1335 2028 sic
1361 1995 1464 2028 etiam
1485 2008 1566 2028 cum
1584 2008 1683 2029 non-

154 2041 240 2073 dum
259 2041 324 2074 Ge.
339 2041 382 2082 ΙΙ,
404 2041 506 2076 321.ε
533 2041 739 2083 „auctumni
762 2041 825 2074 sub
843 2041 989 2086 frigora,
1014 2054 1108 2074 cum
1131 2039 1276 2084 rapidus
1299 2041 1354 2075 sol
1375 2041 1583 2076 Nondum
1600 2042 1683 2075 hie-

153 2100 245 2120 mem
271 2086 519 2132 contingit
557 2087 675 2133 equis,
723 2089 809 2122 iam
843 2088 1083 2133 praeterit
1111 2091 1271 2122 aestas.“
1319 2090 1364 2123 Et
1396 2089 1484 2123 dum
1506 2102 1590 2123 mox
1618 2090 1683 2124 Ge.

153 2136 211 2175 111,
229 2135 331 2170 296.:
359 2134 479 2176 „dum
500 2147 533 2168 m
547 2146 600 2168 ox
615 2136 787 2169 frondosa
812 2148 859 2169 re
872 2136 924 2169 du
937 2136 1062 2170 citur
1082 2139 1231 2170 aestas.“
1280 2136 1410 2170 Contra
1422 2138 1592 2170 Futurum
1614 2137 1683 2170 ad—

154 2181 272 2215 iicitur
293 2181 478 2226 particulis
501 2195 581 2215 cum
600 2184 693 2225 iam,
719 2182 780 2216 ubi
798 2190 930 2216 certum
952 2183 1128 2229 quoddam
1140 2210 1148 2224 ,
1173 2183 1238 2217 sed
1254 2184 1422 2218 remotius
1434 2210 1442 2226 ,
1465 2191 1601 2230 tempus
1619 2196 1683 2218 re—

154 2228 338 2274 spicimus:
370 2232 457 2263 Aen.
478 2231 559 2271 XII,
591 2230 691 2265 821.;
723 2231 860 2272 „Cum
891 2230 977 2263 iam
1004 2230 1186 2264 connubiis
1218 2243 1343 2275 pacem
1370 2231 1557 2274 felicibus,
1593 2239 1682 2272 esto,

156 2277 212 2309 Co
223 2287 290 2320 mp
303 2287 356 2309 on
368 2288 386 2309 e
397 2282 454 2320 nt,
468 2289 486 2310 c
498 2289 560 2310 um
574 2276 662 2311 ‘iam
679 2277 778 2322 leges
792 2284 828 2310 et
839 2277 989 2311 foedera
1005 2277 1176 2323 iungen
1187 2281 1235 2312 t.“
1252 2278 1348 2323 Wr.)
1375 2278 1615 2312 emissoLeid.
1627 2290 1682 2324 pr.

157 2381 207 2420 ab
238 2380 279 2420 h.
305 2381 331 2420 l.
367 2380 486 2436 Wr.)
537 2396 608 2422 seu
640 2397 691 2423 ex
720 2383 892 2423 aethere.
949 2385 1123 2423 mericus
1158 2384 1234 2423 Od.
1264 2400 1302 2435 ε,
1336 2387 1372 2426 1.
1432 2384 1481 2423 In
1516 2398 1556 2424 v.
1584 2383 1682 2427 448.

156 2439 239 2479 vid.
269 2439 322 2478 ad
351 2453 390 2478 v.
417 2438 513 2482 324.

214 2495 311 2540 445.
343 2498 383 2535 Si
410 2498 484 2536 sub
512 2505 648 2537 ortum
670 2499 739 2538 Sol
757 2500 891 2539 medio

159 2555 256 2594 orbe
293 2555 510 2594 obscurato
559 2558 696 2596 radios
730 2571 892 2610 quaqua

157 2626 299 2652 versus
315 2614 494 2653 exterius
509 2615 712 2667 sparserit.
738 2616 891 2655 Plinius

158 2671 184 2710 l.
207 2685 240 2710 c.
294 2672 341 2709 Si
369 2674 412 2709 in
441 2681 578 2711 exortu
603 2675 722 2725 longe
754 2675 891 2712 radios

154 2744 232 2781 per
243 2728 367 2767 nabes
379 2732 573 2781 porriget,
593 2740 629 2769 et
641 2730 802 2769 medius
820 2733 892 2769 erit

159 2789 306 2837 inanis,
320 2787 413 2838 plu1
420 2789 512 2825 'iam
530 2788 789 2839 signficabit.
807 2789 891 2828 vid.

159 2846 310 2884 Aratus
325 2845 493 2884 Diosem.
513 2848 699 2888 97—99
727 2852 767 2884 et
797 2847 890 2889 152.

160 2902 256 2945 447.
274 2904 374 2942 Cum
394 2903 468 2942 lux
485 2903 615 2942 oriens
633 2904 710 2942 erit
728 2904 891 2956 pallida,

160 2961 314 3013 grando
332 2961 504 3014 ingruet.
552 2961 701 3000 Versus
725 2969 784 3000 est
803 2962 892 3001 Ho-

949 2441 1034 2484 449
1067 2443 1152 2495 ipsa
1173 2449 1402 2483 structurae
1421 2442 1684 2482 conversione

950 2501 1173 2539 oratio-nem
1190 2500 1431 2552 exquisitam
1449 2501 1600 2539 factam
1617 2501 1684 2540 vi-

950 2558 1039 2608 des3
1079 2558 1233 2610 grando
1258 2559 1428 2610 ingruit;
1474 2565 1515 2597 et
1540 2565 1683 2598 ornate

948 2618 1150 2667 crepitans
1176 2617 1273 2654 salit
1297 2630 1398 2668 pro,
1448 2616 1586 2655 cadit:
1633 2618 1682 2657 cs.

948 2673 1047 2712 Aen.
1068 2674 1115 2723 V,
1140 2672 1238 2716 458.
1268 2672 1365 2717 459.
1404 2671 1508 2728 (tam
1533 2675 1679 2725 multa,

948 2732 973 2770 i.
998 2745 1030 2770 e.
1057 2745 1151 2771 nam
1175 2731 1351 2783 plurima
1365 2747 1375 2781 ;
1405 2733 1491 2772 vid.
1513 2733 1565 2771 ad
1586 2732 1682 2772 Aen.

949 2790 1048 2838 XII,
1079 2791 1175 2831 830.
1237 2789 1301 2828 Sic
1330 2790 1452 2829 etiam
1491 2791 1598 2830 infra
1625 2805 1683 2831 VS.

951 2847 1047 2889 505.
1068 2860 1124 2898 sq.
1162 2849 1232 2887 W
1226 2846 1281 2902 r.)

1007 2904 1104 2948 450.
1136 2904 1178 2943 Si
1204 2906 1296 2944 solis
1324 2906 1413 2944 orbi
1434 2913 1685 2958 praetexun-

951 2968 1021 3001 tur
1040 2963 1167 3002 nubes
1186 2964 1345 3014 variae,
1371 2964 1508 3017 nigrae
1526 2964 1686 3003 denun-
