1768 3320
149 245 216 294 54
472 242 527 291 P.
564 238 916 292 VIRGILII
948 234 1330 288 MARONIS

147 377 213 411 ret
225 369 432 420 felicitate,
463 368 641 408 animum
665 367 891 417 testificari,
923 372 963 404 et
986 364 1140 404 iuvenis
1163 362 1286 402 fidem
1313 361 1564 415 obstringere
1580 376 1659 403 vo-

147 429 266 469 luisse
280 427 380 467 mihi
395 427 571 467 videtur.
629 427 761 476 Quem
779 425 900 464 animi
916 423 1101 462 affectum
1119 421 1261 473 Tityro
1272 450 1283 471 ,
1315 420 1411 460 olim
1428 433 1559 481 servo,
1589 434 1660 460 eo-

149 486 242 526 dem
266 487 389 525 serme
419 491 621 538 tempore,
664 498 743 536 quo
770 483 870 523 haec
887 496 910 519 a
926 482 1090 520 Caesare
1115 484 1232 518 erant
1250 479 1468 531 promissa,
1509 492 1659 519 manu-

148 544 288 595 misso,
320 543 471 595 duplici
487 550 576 582 tum
594 543 748 581 laetitia
763 546 976 594 percepta,
1017 544 1058 577 et
1084 550 1136 576 ex
1159 536 1348 596 libertate
1371 537 1524 577 donata
1551 543 1594 576 et
1610 550 1663 576 ex

150 616 243 655 agro
261 601 377 641 herili
394 607 553 640 servato
566 631 576 651 ‚
607 599 827 639 exsultanti
844 598 996 637 urbane
1017 596 1217 645 tribuisse,
1249 595 1504 647 carmineque
1519 601 1663 648 pasto-

148 659 243 700 ritio
256 690 265 708 ,
297 659 411 712 quale
431 672 551 711 genus
568 664 657 697 tum
672 658 737 696 ille
752 656 974 705 tractabat,
1006 660 1100 706 apte
1119 653 1368 705 exposuisse,
1407 666 1526 692 nemo
1547 654 1664 693 facile

149 717 320 770 negabit.
378 717 483 755 Hinc
505 721 688 769 apparet,
720 729 792 754 cur
815 715 978 765 Tityrus
995 712 1118 764 magis
1140 711 1189 749 de
1211 725 1305 764 agro
1333 717 1516 762 servato,
1542 725 1664 764 quam

151 775 202 814 de
216 775 402 814 libertate
421 782 582 827 accepta
592 775 764 812 laetetur
774 787 784 822 3
806 778 846 810 et
863 785 935 810 cur
952 783 991 809 v.
1008 773 1073 812 10.
1092 769 1200 808 illam
1220 770 1359 808 statim
1375 769 1557 809 beneficii
1565 783 1664 823 par-

149 838 233 872 tem
258 832 488 886 praedicet:
529 832 710 880 Ludere,
760 844 863 882 quae
892 829 1058 878 vellem,
1098 828 1259 866 calamo
1283 829 1469 879 permisit
1494 829 1659 880 agresti.

149 890 316 929 Animus
334 890 437 928 enim
454 890 557 928 curis
576 902 712 928 rerum
729 886 1041 926 necessariarum
1059 891 1232 924 vexatus
1251 886 1304 924 ad
1318 885 1498 924 carmina
1511 886 1665 925 incale-

150 961 258 986 scere
278 947 427 999 nequit.
484 947 644 1000 Egregie
669 945 810 984 cecinit
829 944 1027 983 Iuvenalis
1054 944 1137 994 VII,
1159 945 1227 986 69.
1286 945 1404 983 Nam
1429 945 1467 982 si
1486 944 1664 997 Virgilio

145 1019 251 1058 puer
266 1013 302 1043 et
318 1004 515 1043 tolerabile
535 1005 635 1043 desit
651 1005 911 1055 Hospitium,
941 1002 1126 1040 caderent
1152 1015 1286 1039 omnes
1311 1001 1361 1040 de
1387 1000 1562 1040 crinibus·
1585 1002 1669 1054 Izy-‘

150 1063 235 1101 dri.-
268 1062 398 1100 Sarda
417 1062 521 1100 nihil
533 1070 705 1115 gemeret
726 1075 853 1113 grave
872 1059 1055 1098 buccina.
1126 1059 1354 1112 Distinguas
1382 1066 1518 1100 autem
1542 1060 1665 1100 velim

151 1119 357 1159 dominum
385 1120 532 1172 Tityri,
569 1119 798 1172 Virgilium,
838 1124 879 1157 et
907 1119 988 1170 agri
1023 1117 1174 1157 servati
1203 1124 1431 1169 auctorem,
1471 1118 1666 1158 Octavia-

149 1191 261 1217 num.
328 1178 390 1217 W
391 1176 471 1232 cll.)
1149 1193 1152 1195 ·

295 1390 956 1467 MELIBOEUS.
1059 1391 1526 1467 TITYRUS

147 1559 202 1606 M.
239 1519 474 1618 Tityre,
514 1561 575 1603 tu
594 1552 803 1620 patulae
831 1552 1095 1604 recubans
1126 1552 1226 1603 sub
1257 1552 1496 1619 tegmine
1525 1550 1631 1619 fagi

150 1623 453 1674 Silvestrem
482 1625 631 1674 tenui
659 1627 868 1674 Musam
896 1623 1174 1675 meditaris
1204 1640 1400 1689 avena:

198 1742 216 1777 1
247 1741 374 1786 Tytire
394 1739 505 1782 multi,
533 1740 682 1782 vitiose3
707 1741 769 1775 sed
785 1748 839 1775 est
862 1742 1034 1789 Τίτυρος.
1057 1741 1100 1776 cf.
1124 1742 1240 1776 Burm.
1288 1742 1312 1778 2
1334 1743 1531 1789 Agre-stem
1548 1740 1664 1782 Quin-

147 1787 220 1823 ctil.
239 1785 338 1831 1x‚4
354 1787 541 1821 memoriae
559 1788 646 1821 vitio
666 1800 707 1822 ex
723 1788 795 1822 Ecl.
813 1791 872 1832 VI,
893 1791 915 1826 8
930 1789 1074 1830 laudat3
1098 1788 1160 1822 ubi
1181 1789 1274 1822 hunc
1291 1800 1430 1822 versum
1448 1786 1577 1821 iterum
1598 1799 1668 1833 ap·-

147 1835 251 1880 ponit
274 1840 402 1878 poeta;
430 1833 566 1878 recepit
584 1835 706 1879 Egnat.
731 1848 763 1870 V.
782 1836 873 1870 Pier.
896 1843 932 1870 et
960 1836 1097 1879 Heius„
1120 1842 1305 1881 utrumque
1328 1835 1423 1880 apud
1455 1835 1596 1869 Lucret.
1621 1836 1668 1878 V,

150 1883 252 1918 1397.
270 1882 330 1923 IV,
349 1882 429 1918 539.
449 1882 542 1915 conf.
567 1882 678 1915 cerda
694 1909 703 1925 ,
724 1883 783 1928 qui
802 1884 918 1918 silvas
935 1884 978 1918 ad
1005 1895 1082 1917 rem
1098 1882 1344 1928 pastoritiam,
1370 1890 1497 1929 agros
1513 1882 1559 1916 ad
1590 1894 1666 1916 rem

148 1928 387 1973 agricolarum,
400 1928 524 1961 referri
537 1928 658 1970 docet;
682 1930 776 1975 quod
794 1930 963 1964 hactenus
982 1942 1104 1964 verum
1127 1936 1192 1973 est,
1214 1936 1253 1963 ut
1271 1929 1446 1964 communi
1464 1930 1668 1976 agrestium

147 1987 263 2010 rerum
274 1974 442 2008 vocabulo
461 1981 496 2008 et
513 1981 691 2020 pastorum
707 1976 780 2010 vita
792 1977 1044 2023 comprehendi
1054 1977 1181 2023 possit,
1192 1983 1234 2010 ut
1246 1989 1280 2011 v.
1301 1980 1346 2014 10
1364 1977 1504 2011 calamo
1516 1977 1667 2023 agresti.

234 2068 280 2109 In
324 2069 634 2123 interpretandis
679 2071 874 2111 Bucolicis

932 2071 1194 2128 Argumentis
1223 2070 1436 2126 praefixis,
1503 2077 1594 2111 tum
1623 2071 1668 2111 in

149 2127 310 2166 omnino
357 2128 483 2166 maior
530 2129 744 2168 difficultas
792 2137 873 2181 est,

149 2184 351 2237 quomodo
380 2185 531 2238 copiam
565 2187 752 2226 inutilem
789 2188 876 2227 evi-

148 2249 229 2292 tes,
289 2256 407 2294 quam
437 2257 561 2282 novas
599 2258 691 2297 opes
721 2245 874 2285 afferas.

147 2299 271 2338 Facta
299 2300 403 2338 enim
432 2307 526 2340 sunt
555 2315 600 2340 ea
627 2303 777 2342 fundus
800 2305 876 2343 ob-

150 2358 425 2396 servationum
459 2361 807 2410 grammaticarum
835 2368 876 2401 et

147 2414 477 2468 philologicarum
488 2418 669 2456 certatim
678 2418 759 2457 huc
776 2434 876 2458 con-

147 2479 347 2524 gestarum
367 2479 406 2511 et
423 2475 774 2516 accumulatarum.
807 2478 876 2515 In-

147 2536 210 2569 ter
228 2529 328 2569 haec
344 2536 480 2568 tamen
500 2532 547 2569 de
565 2533 723 2585 singulis
741 2536 875 2587 potius

147 2588 281 2626 verbis
309 2594 380 2626 aut
407 2589 611 2627 sententiis
647 2591 876 2631 laboratum

148 2651 255 2695 erat,
295 2658 414 2696 quam
444 2645 492 2683 de
522 2648 742 2687 carminum
763 2663 875 2688 sum-

147 2716 233 2752 ma,
265 2709 521 2754 argumento,
553 2711 592 2742 et
611 2706 761 2755 forma,
800 2721 875 2746 nec

147 2761 383 2811 quaesitum,
414 2761 704 2801 conveniantne
722 2763 789 2801 illa
807 2779 874 2802 sa—

147 2818 199 2856 tis
217 2823 388 2857 naturae
406 2831 500 2856 suae
528 2820 873 2872 praescriptisque,

147 2888 250 2927 quae
268 2889 319 2914 ex
337 2888 382 2913 ea
401 2874 525 2914 ducta
544 2883 658 2926 sunt,
691 2884 762 2916 aut
781 2878 875 2918 duci

146 2938 326 2985 possunt.
383 2930 509 2971 Venia
535 2933 670 2985 itaque
698 2935 873 2986 dabitur,

147 2990 178 3028 si
205 2990 258 3029 ad
293 2989 394 3029 haec
425 2990 677 3043 potissimum
713 3006 806 3032 cum
831 2994 874 3032 in

932 2131 1097 2184 singulis
1131 2131 1230 2170 locis
1270 2130 1450 2169 animum
1478 2128 1664 2169 adverti-

931 2203 1042 2228 mus:
1070 2194 1122 2228 ut
1153 2194 1290 2227 tamen
1315 2187 1532 2240 unicuique
1558 2187 1668 2227 iudi-

933 2249 1040 2286 cium
1078 2260 1199 2286 suum
1232 2246 1422 2286 relictum
1454 2258 1537 2285 esse
1565 2245 1669 2285 veli-

930 2319 1021 2344 mus
1036 2305 1220 2344 liberum.
1650 2327 1653 2332 ·

994 2366 1030 2404 1.
1076 2362 1318 2401 Meliboeum
1347 2366 1467 2415 puta,
1515 2360 1667 2413 agendo

932 2434 1089 2473 gregem
1110 2427 1204 2459 ante
1223 2434 1286 2471 se,
1319 2419 1508 2458 accedere
1529 2419 1581 2458 ad
1598 2419 1669 2458 Ti-

932 2485 1073 2531 tyrum
1101 2479 1175 2518 sub
1204 2479 1292 2531 sago
1313 2477 1519 2516 sedentem
1547 2483 1588 2516 et
1616 2476 1669 2515 fi-

934 2537 1041 2576 stula
1056 2543 1279 2576 canentem.
1301 2533 1366 2589 (ln
1379 2534 1668 2574 animadverss.

933 2594 985 2632 ad
1004 2595 1108 2647 Eleg.
1128 2595 1182 2633 ad
1198 2594 1352 2633 Messal.
1381 2606 1470 2646 pag.
1495 2595 1562 2635 32.
1591 2606 1670 2631 no-

930 2657 1134 2703 taveram,
1176 2666 1227 2691 ex
1255 2651 1336 2691 hoc
1365 2650 1517 2702 Virgilii
1546 2663 1670 2690 versu

931 2710 1131 2749 subducta
1150 2723 1244 2760 esse,
1276 2721 1378 2761 quae
1399 2714 1543 2747 auctor
1561 2708 1668 2747 illius

932 2768 1118 2807 carminis
1148 2782 1208 2808 vs.
1242 2770 1308 2809 17.
1339 2766 1469 2815 canit,
1510 2765 1570 2804 ita
1600 2771 1668 2804 ta-

930 2837 1043 2874 men,
1103 2832 1172 2875 ut,
1231 2838 1358 2877 quum
1387 2824 1497 2863 idem
1523 2836 1668 2862 versus

932 2882 985 2920 ad
1010 2882 1277 2922 imitationem
1304 2881 1448 2921 Graeci
1479 2880 1667 2920 carminis

932 2941 1173 2992 compositus
1203 2941 1276 2991 sit,
1325 2941 1415 2992 sago
1441 2939 1663 2978 substitua-

930 3002 1001 3035 tur
1020 3011 1212 3050 quercus;
1241 3011 1414 3051 quercus
1435 2996 1563 3046 enim,
1600 2995 1666 3049 pi-
