1768 3320
172 217 277 266 262
373 212 801 264 EXCURSUS
837 214 912 264 IV
947 213 1048 262 AD
1085 211 1503 263 BUCOLICA

174 357 226 383 ex
252 356 394 383 eorum
425 341 665 396 apographis
697 343 853 394 assequi
884 356 1070 395 possum:
1108 356 1240 383 unum
1270 349 1330 382 est
1359 344 1633 395 fragmentum
1661 341 1708 382 in

172 402 316 444 Marm.
347 402 480 441 Oxon.
509 402 552 441 P.
571 401 603 451 I,
625 401 828 451 CXXXII,
850 401 895 440 in
910 414 990 454 quo
1014 415 1058 439 os
1079 402 1189 440 canis
1208 402 1378 455 propius
1399 401 1449 440 fit
1476 401 1539 440 ori
1558 401 1709 440 bestiae
1751 426 1754 428 ,

175 460 383 513 aquatilis.»
430 459 642 499 Lucretius
661 459 709 510 V,
730 461 814 502 890
834 458 987 498 rabidis
1004 459 1173 498 canibus
1189 462 1415 499 succinctas
1435 461 1707 498 semimarinis

177 518 415 571 Corporibus
435 519 593 571 Scyllas
613 517 734 557 dixit:
762 517 820 557 ibi
839 524 978 557 tamen
999 531 1083 556 non
1108 531 1227 556 canes
1252 518 1323 557 sed
1341 518 1498 571 Scyllae
1529 523 1627 557 sunt
1643 531 1709 556 se-

174 577 397 616 mimarinis
422 575 677 629 corporibus:
726 589 826 628 quas
852 590 928 629 pro
960 589 1044 614 una
1082 577 1218 629 Scylla
1252 577 1508 616 semimarino
1537 589 1709 629 corpore

176 635 302 686 dixit,
338 641 527 688 respectu
554 634 720 673 caudae.
776 635 925 673 Lusere
959 639 1115 673 veteres
1141 634 1314 673 artifices
1338 635 1383 674 in
1402 636 1533 674 forma
1549 635 1709 674 bellua-

174 708 269 734 rum
289 707 309 732 e
323 693 456 746 Scylla
478 692 731 731 nascentium
751 689 809 745 (v.
826 706 859 731 c.
871 692 1022 730 Pictur.
1034 691 1253 733 Herculan.
1270 694 1385 732 Tom.
1399 692 1467 743 ΠΙ,
1486 706 1576 746 pag.
1592 692 1706 748 109),

175 752 298 791 modo
318 752 364 797 in
384 751 543 800 caudis,
576 763 679 803 quae
698 750 742 788 in
764 755 967 803 serpentes
985 756 1137 789 exeunt
1156 751 1201 790 in
1222 750 1494 791 Monumentis
1514 751 1707 791 Etruscis.

175 811 311 850 Novat
340 823 502 862 quoque
525 809 569 847 in
599 808 756 861 Scyllae
782 809 915 847 forma
937 807 1071 847 Schol.
1092 808 1297 861 Apollonii
1316 810 1384 860 IV,
1412 810 1519 861 825,
1552 810 1652 849 dum
1672 810 1710 849 ei

178 883 294 908 canes
328 868 495 922 prodire
527 867 584 905 ait
612 880 664 905 ex
694 866 891 905 lateribus
919 872 958 904 et
981 873 1157 919 pectore.
1217 868 1263 907 [n
1293 868 1382 908 cod..
1403 868 1533 908 Vatic.
1554 868 1710 921 Virgilii

178 928 231 966 ad
246 928 313 966 lib.
341 927 394 966 VI
429 925 616 964 Aeneidis
644 925 688 963 in
718 925 858 964 inferis
887 925 1021 977 Scylla
1046 926 1157 979 picta
1177 932 1235 965 est
1261 926 1533 981 hippocampo
1556 927 1708 967 similis.

176 986 223 1025 In
252 986 338 1038 ipso
368 985 436 1023 illo
467 997 591 1023 numo
620 981 1000 1036 Agrigentinorum,
1044 997 1166 1036 quem
1191 986 1329 1038 paullo
1357 991 1449 1024 ante
1473 986 1709 1037 memoravi,

178 1044 352 1083 alterum
377 1048 501 1096 caput
520 1041 628 1081 canis
650 1055 703 1080 an
720 1042 829 1095 lupi,
862 1042 1041 1081 alterum
1059 1041 1218 1096 hydrae
1237 1049 1310 1083 est.
