1734 3320
248 243 742 317 GEORG‘I'GON
779 263 921 314 LIB.
957 264 1023 328 11,
1062 269 1242 316 386-
1252 270 1353 319 394

34 391 174 441 Hinc
198 391 375 441 omnis
396 390 545 456 largo
561 389 814 457 pubescit
833 389 988 438 vinea
1009 386 1152 452 fetu3

1459 272 1563 322 465

1459 401 1561 447 390

28 460 380 528 Conplentur
402 459 673 527 vallesque
696 476 853 509 cavae
878 458 1148 541 saltusque
1171 459 1458 528 profundi,

33 533 103 582 Et
125 542 439 598 quocumqu

443 547 472 581 e
498 529 631 580 deus
657 530 859 580 circum
879 538 1037 596 caput
1060 531 1166 595 egit
1185 529 1492 586 honestum.

33 601 197 666 Ergo
207 601 308 650 rite
339 617 498 651 suum
524 599 737 650 Baccho
769 599 1010 650 dicemus
1036 599 1310 651 honorem

37 671 376 723 Carminibus
395 671 599 739 patriiS‚
634 670 923 738 lancesque
949 679 1002 720 et
1020 670 1125 721 liba
1146 670 1413 735 feremus3

80 812 153 848 390
174 810 336 846 rubesoe't
351 813 493 858 Menag.
509 824 565 857 pr.

33 858 106 896 892
127 859 267 893 Laudat
283 858 476 894 Columella
505 861 573 902 111,
596 861 664 903 21,
687 862 722 895 4.

660 813 727 849 391
746 812 974 859 complentu
976 824 1052 858 que
1067 825 1182 846 cavae
1201 814 1319 848 valles
1339 816 1468 850 Moret.
1490 828 1560 850 sec.

765 860 1007 906 quodcunque
1030 860 1194 893 Barbas.
1241 864 1292 895 Et
1318 863 1561 909 quodcunque

34 905 148 940 decus
167 905 287 941 Schol.
308 907 432 941 Horat.
451 910 526 941 Sat.
551 908 576 946 1,
601 909 637 949 2,
662 907 719 943 84.
745 913 925 950 corrupte.
986 918 1203 953 quocunque
1222 908 1312 942 deos
1328 910 1419 943 Gud.
1456 911 1561 952 Quod

33 964 120 987 vero
137 953 299 988 Guellius
322 960 359 986 et
381 966 425 988 ex
441 966 487 988 eo
506 954 620 988 cerda
641 955 686 988 ad
707 955 743 988 h.
762 954 786 988 l.
803 953 946 987 laudant
964 965 1102 986 carmen
1122 955 1159 987 in
1176 955 1361 998 Bacchum,
1387 969 1406 990 e
1429 958 1562 991 Mureti

33 1000 234 1035 Galliambo
252 1001 405 1046 petitum
431 1008 507 1035 est:
545 1014 590 1035 ne
618 1001 778 1043 fallaris,
812 1012 951 1034 moneo.

1045 1001 1117 1036 393
1149 1014 1238 1036 suos
1267 1003 1429 1037 honores
1455 1005 1560 1039 codd.

33 1047 171 1094 aliquot
186 1047 306 1089 Pierii,
331 1048 458 1092 quod·
447 1060 485 1094 ip
488 1048 518 1082 si
536 1061 611 1082 rem
631 1028 909 1094 splendidiorem
931 1047 1072 1081 efficere
1091 1048 1286 1082 videbatur.
1310 1050 1558 1085 honestum—

32 1094 208 1129 honorem
225 1094 438 1140 displicebat
460 1097 511 1130 Io.
531 1096 742 1130 Schradero.

31 1141 136 1177 male.
174 1140 348 1190 ferentes
363 1142 498 1176 Zulich.

32 1248 183 1290 Albani
206 1263 254 1289 ac
273 1249 467 1299 Romani,
508 1250 587 1289 dici
617 1250 774 1303 possint

35 1307 203 1349 oriundi
238 1308 289 1347 ab
315 1308 386 1358 iis,
417 1308 486 1360 qui
507 1322 599 1348 cum
625 1307 772 1358 Aenea,

34 1366 159 1406 Troia
177 1368 295 1405 missi
306 1397 319 1416 ‚
356 1367 528 1419 profecti
547 1372 673 1406 erant.
707 1364 773 1420 (ex

33 1425 124 1464 alta
152 1426 287 1477 pinu,
338 1424 456 1478 pinus
490 1438 567 1464 sec.
597 1426 772 1464 Van-on.

32 1483 64 1533 1,
88 1482 155 1526 15.
174 1483 294 1522 —inter
316 1483 483 1522 arbores
504 1483 607 1536 agris
626 1483 772 1523 termi-

31 1541 179 1580 nandis
197 1540 298 1595 poni
317 1541 475 1592 solitas3
496 1557 544 1580 ex
563 1542 668 1591 alla,
692 1555 773 1593 quo

30 1599 154 1639 latius
173 1605 313 1652 pateat
339 1606 591 1652 prospectus.
627 1598 770 1653 Voss.)

31 1660 131 1700 390.
149 1653 366 1696 'Exoratus
406 1664 448 1697 et
486 1659 671 1711 placatus
709 1657 773 1696 his

32 1715 157 1754 sacris
201 1729 249 1754 ac
286 1716 398 1754 festis
440 1715 539 1755 deus
573 1730 773 1755 summam

31 1773 262 1813 vindemiae
289 1773 516 1813 ubertatem
547 1775 655 1813 votis
672 1774 771 1813 red-

33 1831 256 1871 dit-vinea
276 1831 487 1884 pubescit,
527 1833 622 1871 satis
651 1832 771 1871 obvia

31 1889 318 1940 translatione,
367 1890 473 1929 vites
519 1891 674 1930 exube1
676 1896 769 1942 ant,

31 1949 158 2000 largo
172 1948 297 2002 filu,
337 1948 445 1988 laeto
475 1963 652 1989 uvarum
671 1963 772 2015 pro-

33 2012 178 2046 ventu.
231 2006 376 2047 Valles
395 2007 624 2060 saltusque,
657 2008 690 2046 si
704 2008 771 2046 vi-

30 2064 144 2104 tibus
163 2064 319 2109 consita
347 2064 460 2113 loca,
501 2072 549 2104 ut
564 2066 773 2131 probabile

31 2122 223 2188 videtur,
253 2121 322 2161 hic
346 2135 572 2175 expressas
555 2130 664 2173 sunt,
692 2124 773 2162 im-

31 2180 198 2234 proprie
236 2179 431 2219 dieuntur
461 2181 511 2219 de
548 2182 697 2231 vineis,
728 2183 772 2220 in

31 2239 155 2292 plano
176 2243 219 2277 et
241 2238 284 2277 in
316 2233 487 2277 collibus
507 2239 612 2279 satis.
642 2241 772 2278 ιαίἰεε

33 2296 136 2335 adeo
173 2310 250 2349 pro
291 2296 424 2348 planis
458 2297 579 2347 locis,
623 2312 690 2336 cat
695 2312 767 2347 ae,

33 2355 286 2394 Graecorum
305 2354 513 2407 exemplo,
542 2361 591 2394 ut
607 2355 770 2395 Pindar.

32 2412 124 2463 1‚3‚
148 2414 203 2454 18
233 2413 352 2468 κοίλᾳ
369 2409 494 2453 mina.
529 2411 675 2466 (cavae
690 2428 775 2452 non

33 2477 96 2519 est
120 2483 232 2509 mere
265 2484 416 2509 ornans
444 2477 486 2509 et
528 2485 579 2509 ex
618 2472 775 2524 poetica

34 2527 148 2581 copia
191 2528 420 2568 adiectum:
471 2529 774 2581 Liv.XXV1H,

34 2589 104 2629 2.:
134 2586 275 2636 „ibiin
304 2599 432 2626 cava
459 2587 622 2636 valle,
652 2595 775 2640 atque

38 2643 104 2683 ob
133 2642 186 2683 id
215 2645 400 2695 occulta,
432 2646 641 2685 considere
664 2647 776 2685 mili-

26 2707 118 2753 Vtem
165 2715 214 2740 ac
260 2703 395 2742 cibum
438 2718 580 2757 capere
612 2705 737 2744 iubet.
750 2707 775 2727 “

32 2759 176 2811 Itaque
204 2758 307 2804 haee
333 2775 418 2800 non
443 2762 494 2800 de
521 2763 649 2803 vineis
680 2763 775 2802 solis

36 2818 146 2856 dicta
164 2817 491 2869 existimaverim,
507 2821 580 2859 sed
596 2821 647 2859 de
665 2822 775 2861 omni

36 2875 200 2928 regione
214 2905 225 2924 ‚
265 2876 332 2914 cui
372 2877 522 2917 Bacchi
560 2879 775 2932 adspectus

35 2933 290 2973 fertilitatem
307 2935 505 2974 conciliet.
522 2938 593 2976 W
585 2936 635 2990 r.)
676 2940 774 2980 392.

37 2993 96 3031 Et
120 3005 371 3044 quocumque
396 2991 509 3031 deus.
570 2993 775 3034 Pulcerri-

36 3063 129 3089 mus
149 3048 264 3088 haud
296 3048 418 3088 dubie
450 3063 607 3090 versus.
665 3051 777 3091 Nihil

106 3118 317 3168 Vnum..
356 3117 499 3167 ΤοΜ.
524 3117 563 3167 Ι.

818 1095 890 1131 394
914 1095 1114 1141 laticesque
1131 1104 1168 1129 et
1184 1097 1211 1129 F
1213 1108 1320 1139 rane„
1343 1109 1410 1142 per
1419 1100 1466 1132 ‘se
1487 1111 1560 1133 non

829 1249 1001 1301 imagine
1028 1248 1107 1288 bac
1134 1250 1333 1302 vividius,
1362 1251 1465 1292 nihil
1494 1253 1561 1293 iu-

831 1307 1017 1346 cundius.
1031 1308 1292 1348 praeiverant
1301 1316 1436 1350 tamen
1448 1310 1563 1351 haud

832 1365 953 1405 dubie
981 1366 1125 1404 Graeci
1157 1374 1319 1418 poetae:
1374 1383 1561 1423 compara

830 1438 871 1463 v.
897 1438 930 1463 c.
952 1423 1182 1464 Callimach.
1201 1425 1241 1464 in
1264 1425 1398 1478 Apoll.
1429 1431 1486 1471 50
1502 1442 1560 1480 sq.

830 1483 875 1521 in
902 1483 1017 1521 Dian.
1050 1483 1142 1529 124⁷
1157 1497 1215 1534 sq.
1282 1486 1467 1524 Statuam
1496 1485 1562 1525 dei

829 1554 904 1594 per
932 1541 1092 1580 vineam
1124 1541 1375 1582 circumsona·
1401 1544 1562 1583 solitam

830 1597 914 1637 huc
946 1599 1151 1638 advocant
1179 1599 1445 1654 Interpretes;
1480 1602 1562 1641 sal-

830 1663 914 1695 tem
946 1657 1082 1696 oscilla
1116 1663 1310 1710 poterant
1333 1660 1561 1701 memorari.

828 1715 1079 1754 Probabilius
1097 1721 1243 1766 tamen,
1268 1717 1454 1756 universe
1465 1731 1561 1771 poe·

828 1779 915 1811 tam
944 1773 993 1812 de
1027 1773 1091 1812 dei
1132 1774 1327 1827 adspectu
1356 1777 1560 1828 cogitasse.

828 1832 1008 1870 Petitum
1034 1838 1170 1870 autem
1191 1846 1242 1871 ex
1270 1834 1439 1886 antiqua
1461 1835 1561 1874 reli-

827 1890 969 1943 gione,
1010 1903 1090 1941 qua
1116 1892 1343 1943 praesentia
1377 1892 1560 1944 deorum,

828 1949 1013 2001 inprimis
1023 1948 1219 2002 Apollinis
1239 1956 1281 1989 et
1292 1950 1452 2001 Bacchi,
1468 1965 1559 1990 cer-

828 2007 881 2045 tis
899 2007 998 2046 locis
1027 2022 1073 2046 ac
1093 2008 1346 2060 temporibus
1375 2009 1464 2048 fieri
1491 2024 1562 2048 so-

828 2065 903 2103 lita
936 2066 1163 2115 serebatur,
1213 2072 1275 2116 et,
1314 2068 1471 2118 quoties
1504 2067 1562 2106 dii

831 2130 1083 2175 apparerent,
1114 2124 1249 2162 omnia
1266 2124 1412 2175 ridere,
1442 2125 1561 2164 fron-

830 2181 1011 2231 descere,
1050 2183 1369 2234 progerminare,
1408 2182 1562 2222 enthu-

829 2239 988 2277 siastica
1011 2240 1206 2292 loquendi
1230 2241 1383 2290 forma,
1413 2255 1562 2280 narra-

828 2297 993 2337 bantur.
1041 2298 1087 2337 In
1105 2298 1218 2350 quod
1237 2298 1478 2351 phantasma
1497 2300 1561 2338 fa-

833 2356 908 2396 cile
939 2356 1117 2395 incidere
1148 2363 1321 2409 potuere
1348 2357 1533 2396 homines
1547 2387 1560 2407 ,

833 2427 960 2465 quum
989 2416 1168 2453 numinis
1191 2423 1295 2454 nutu
1317 2429 1364 2454 ea
1378 2415 1467 2454 fieri
1494 2415 1561 2454 dj-

833 2478 992 2522 cerent,
1032 2485 1135 2524 quae
1162 2479 1336 2513 naturae
1355 2473 1418 2512 vis
1438 2480 1479 2512 et
1497 2479 1537 2512 te

832 2544 910 2569 nor
946 2530 1083 2583 gignit.
1151 2530 1305 2570 Locum
1348 2531 1461 2570 hunc
1506 2531 1557 2570 ad

831 2587 980 2627 Bacchi
1008 2589 1164 2628 natales
1186 2590 1399 2628 transtulit
1418 2589 1549 2629 Avien

831 2647 981 2699 Pel-ieg.
1005 2650 1112 2689 1121
1129 2661 1187 2699 sq.
1204 2647 1278 2687 ubi
1302 2648 1352 2687 cf.
1370 2647 1559 2688 Wernsd.

832 2714 957 2756 caput
1002 2705 1213 2744 honestum
1261 2712 1323 2744 est
1356 2707 1558 2758 pulcrum,

831 2764 1067 2813 formosum,
1097 2764 1215 2816 quale
1230 2763 1378 2803 Bacchi
1394 2777 1559 2816 expres-
1584 2807 1586 2810 y

833 2835 923 2860 sum
942 2820 1077 2861 adhuc
1098 2822 1142 2861 in
1171 2822 1443 2861 monumentis
1459 2834 1557 2859 con-

833 2879 1015 2931 spicitur.
1085 2880 1338 2919 Carminibus
1390 2880 1554 2930 patriis.

832 2938 963 2976 Fuere
983 2938 1084 2977 adeo
1101 2938 1280 2976 carmina
1298 2936 1464 2986 antiqua
1480 2936 1558 2973 Ro-

832 3008 1049 3035 manorum
1089 2996 1132 3034 in
1173 2994 1322 3033 Bacchi
1360 2993 1559 3033 honorem

833 3053 924 3092 caui
948 3054 1075 3094 solita.
1134 3052 1224 3091 Alia
1247 3053 1361 3091 fuere
1386 3051 1559 3089 Fescen-

1209 3122 1277 3167 30
