1768 3320
333 185 821 238 GEeRGmoN
856 186 998 237 ΜΒ.
1034 187 1083 250 1,
1123 192 1415 242 119—128
1529 187 1627 242 307

112 315 253 364 Ante
273 314 464 364 Iovem
485 312 619 363 nulli
636 312 955 378 subigebant
974 329 1095 365 arva
1116 311 1319 364 coloni:
1533 320 1630 370 125

110 386 196 435 Ne
212 383 419 448 signare
442 382 666 450 quidem
687 392 777 434 aut
792 382 976 450 partiri
998 381 1169 433 limite
1193 399 1446 450 campum

110 455 210 504 Fas
231 461 366 504 erat:
401 453 457 502 in
478 452 726 504 medium
745 452 1099 521 quaerebant3
1135 453 1357 520 ipsaque
1376 453 1532 504 tellus

113 522 312 579 Omnia
326 521 572 588 liberiuS,
608 522 763 574 nullo
786 531 1072 590 poscente,
1109 520 1330 577 ferebat:

159 639 229 677 125
251 638 445 674 eubiebam
466 639 569 674 Leid.
594 652 664 675 sec.
694 647 732 674 et
757 641 863 675 Voss.
904 640 1035 686 (nullis
1058 639 1187 674 Medic.
1212 639 1283 675 vid.
1301 641 1346 675 V.
1365 641 1407 675 L.
1425 640 1473 675 ad
1489 641 1554 676 Ge.
1570 643 1630 685 111,

109 684 192 725 444-
220 687 320 732 Wr.)
366 688 448 722 Vss.
467 688 671 724 125--128
689 694 772 721 sunt
790 687 884 734 apud
903 690 1072 722 Senecam
1090 688 1156 732 Ep.
1173 688 1232 724 90.
1312 687 1381 723 126
1402 688 1463 722 Ne
1480 690 1633 736 signare

134 734 255 768 uidem
273 745 293 768 e
308 733 457 768 vetustis
477 734 599 777 multi,
624 733 731 769 etiam
751 735 950 776 Romanus5
976 741 1150 780 perpetua
1167 733 1358 777 varietate,
1381 741 1420 769 et
1440 747 1479 769 se
1504 742 1631 770 uuntur

108 747 186 816 fere
206 781 276 815 hoc
293 780 363 814 viri
381 781 491 816 docti.
537 785 672 827 Sequar
695 793 786 815 nunc
809 788 846 816 et
868 782 948 827 ipse
969 793 1037 828 pro
1066 781 1178 815 altero
1197 794 1284 824 nec,
1317 794 1395 816 cum
1415 748 1630 826 Watlefield,

110 827 172 874 qui
189 827 241 862 sic
254 826 294 861 in
307 827 467 863 Lactant.
486 829 573 863 Inst.
587 830 634 872 V,
654 828 676 864 5
696 827 769 874 legi
786 836 975 870 memorat;
999 835 1037 863 at
1054 828 1150 874 apud
1167 831 1336 863 Senecam
1357 827 1415 863 edi
1433 842 1513 863 nec.
1555 831 1630 864 De-

109 875 221 910 habat
245 874 368 921 ntique
386 875 557 910 alterutra
580 875 675 910 ratio
704 884 919 910 constanter
936 874 1081 910 servari.
1129 876 1190 922 (At
1209 884 1342 911 certum
1359 875 1536 922 quoddam
1551 877 1630 911 dis-

110 921 244 956 crimen
261 921 300 955 in
320 921 378 956 his
401 922 659 957 observandum
679 934 777 965 esse,
809 922 918 957 docet
934 921 1131 957 Gernhard.
1159 922 1205 957 ad
1223 923 1295 958 Cic.
1313 923 1385 957 Cat.
1405 923 1470 965 ΙΧ,
1486 924 1545 960 27.
1579 925 1629 966 Χ,

27 1002 32 1006 ,
108 969 169 1007 33.
215 969 484 1015 Ne-quidem
501 969 686 1016 emphasin
703 969 827 1012 habet,
845 982 970 1004 nec—
986 970 1129 1016 quidem
1142 969 1293 1011 nnllam3
1316 969 1404 1004 illud
1422 970 1630 1005 excludendi

109 1022 217 1062 atque
234 1015 459 1062 opponendi,
489 1016 560 1051 hec
586 1016 779 1051 definiendi
797 1023 835 1050 et
857 1015 1031 1051 limitandi
1053 1023 1267 1061 potestatem
1291 1016 1419 1058 habet5
1451 1017 1541 1052 illud
1562 1026 1629 1062 est,

109 1062 213 1144 32³0ss
231 1062 729 1144 θῖῖιῖῗρῖνὼᾷῗῒῖᾜῖἴ
749 1063 1153 1144 ‘ffiffiagffgifflf
1169 1063 1630 1157 ῗῖἴῖζὲξζῗῑῖἵῖᾱῗξέῗῗ

220 1135 231 1151 2
714 1135 723 1144 ·
1133 1134 1143 1151 7
1618 1139 1627 1146 ·

110 1155 182 1190 Cic.
197 1155 310 1201 Epist.
337 1156 383 1190 ad
399 1156 479 1191 Div.
500 1158 563 1200 vl,
577 1158 612 1199 6,
632 1158 689 1193 2.;
721 1156 819 1200 „His
847 1163 966 1191 autem
991 1156 1106 1191 literis
1126 1157 1278 1192 animum
1294 1165 1391 1192 tuum
1408 1178 1454 1185 —
1473 1178 1518 1184 —
1538 1171 1629 1194 con-

109 1203 316 1246 firmandum
334 1203 441 1238 etiam
461 1210 567 1250 atque
594 1203 698 1238 etiam
725 1211 834 1250 puto:
868 1216 947 1238 nec
971 1203 1016 1238 iis
1044 1204 1231 1250 quidem
1260 1204 1399 1248 verbis,
1434 1206 1559 1252 quibus
1589 1213 1628 1241 te

109 1249 295 1292 consoler,
330 1256 370 1283 ut
397 1250 562 1285 afflictum
583 1258 618 1285 et
634 1250 703 1284 iam
729 1250 824 1285 omni
843 1263 908 1296 spe
935 1250 1059 1285 salutis
1085 1251 1266 1294 orbatum,
1298 1251 1363 1286 sed
1389 1259 1429 1286 ut
1453 1264 1552 1296 eum,
1582 1253 1629 1288 de

109 1297 208 1332 euius
233 1296 475 1332 incolumitate
501 1309 575 1332 non
595 1297 680 1345 plus
704 1298 882 1341 dubitem,
915 1310 1018 1352 quam
1036 1304 1075 1331 te
1092 1297 1236 1332 memini
1254 1298 1417 1333 dubitare
1443 1299 1488 1333 de
1514 1303 1628 1335 mea.“

108 1343 249 1378 catilin.
269 1345 328 1386 ΙΙΙ,
352 1346 426 1380 10.:
451 1371 473 1388 „
484 1345 591 1378 Ultus
612 1352 666 1378 est
684 1344 788 1379 huius
805 1344 976 1378 victoriae
992 1344 1235 1379 crudelitatem
1252 1352 1380 1391 postea
1397 1346 1512 1387 snua3
1543 1359 1627 1382 nec

109 1390 183 1425 dici
210 1391 392 1437 quidem
415 1403 505 1437 opus
532 1398 610 1434 est,
642 1398 774 1437 quanta
801 1391 1041 1426 deminutione
1068 1391 1195 1425 civium
1224 1399 1259 1426 et
1279 1400 1406 1438 quanta
1429 1392 1628 1428 calamitate

114 1438 344 1484 reipublicae.
352 1440 375 1457 ‘⁴
421 1439 561 1473 Sallust.
579 1438 705 1483 fragm.
722 1438 867 1473 incerta
901 1440 1022 1483 „Nec
1044 1438 1196 1484 simplici
1216 1438 1322 1485 quid
1334 1451 1396 1473 em
1413 1447 1528 1474 morte
1546 1453 1628 1475 mo-

107 1485 324 1519 riebantnr.“
370 1486 516 1520 sueton.
539 1484 661 1520 Tiber.
682 1498 711 1519 e.
731 1487 808 1522 37.;
834 1485 1022 1528 „Hostiles
1042 1492 1179 1528 motus,
1211 1485 1308 1520 nulla
1330 1493 1458 1531 postea
1477 1488 1628 1534 expedi-

108 1532 210 1566 tione
227 1538 409 1577 suscepta,
432 1544 498 1577 per
518 1532 657 1577 legatos
676 1532 914 1577 compescuit:
950 1544 1028 1566 nec
1047 1544 1113 1577 per
1132 1544 1194 1566 eos
1217 1532 1417 1579 quidem,
1449 1533 1518 1568 nisi
1537 1547 1628 1569 cun-

110 1585 248 1614 ctanter
273 1585 310 1612 et
337 1579 573 1613 necessario.“
619 1580 707 1613 Prae
729 1579 855 1613 ceteris
882 1579 1020 1624 insigne
1053 1587 1106 1613 est
1133 1579 1244 1622 illud,
1275 1580 1372 1626 quod
1396 1587 1510 1615 exstat
1532 1582 1627 1627 apud

110 1625 258 1669 Quintil.
281 1627 456 1667 lust-IX,
478 1627 524 1669 3,
548 1627 627 1663 55.:
662 1627 797 1669 „Non
824 1625 917 1660 enim
946 1626 1021 1660 dixi
1053 1625 1254 1672 quidem,
1287 1627 1352 1660 sed
1378 1639 1451 1661 non
1478 1628 1626 1674 scripsi:

107 1685 190 1708 nec
207 1671 335 1718 scripsi
358 1672 564 1718 quidem,
587 1673 652 1707 sed
667 1684 741 1707 non
763 1673 838 1708 obii
854 1673 1087 1719 legationem:
1120 1684 1204 1707 nec
1230 1673 1306 1707 obii
1331 1673 1537 1720 quidem,
1559 1676 1626 1710 sed

107 1731 181 1755 non
197 1718 357 1766 persuasi
377 1719 573 1754 Thebanis.
585 1724 605 1740 “
652 1720 840 1754 Translata
859 1720 951 1754 haec
977 1732 1020 1754 ex
1038 1719 1220 1754 Demosth.
1240 1722 1337 1754 Orat.
1351 1732 1423 1778 pro
1442 1721 1522 1756 Cor.
1542 1734 1627 1768 pag.

108 1768 190 1804 288.
208 1767 265 1801 ed.
281 1766 418 1800 Reish:
442 1763 539 1810 „ov’u
556 1763 664 1802 εἶπον
763 1766 901 1811 ταῦτα,
928 1763 999 1802 οὐκ
1018 1764 1168 1812 ἔγραψα
1181 1764 1225 1802 δέ
1236 1778 1246 1787 ·
1271 1763 1345 1802 0¹36
1378 1765 1529 1813 ἔγραψα
1543 1766 1626 1814 μὲν,

109 1810 183 1849 ov'x
201 1809 431 1859 ἐπρέσβευσα
451 1811 516 1849 δέ·
548 1810 641 1849 οὐδ’
722 1811 907 1861 ρέσβευσα
935 1811 1027 1858 μὲν,
1064 1810 1135 1849 οὐκ
1168 1810 1297 1849 ἔπεισα
1325 1810 1366 1850 δὲ
1392 1812 1626 1861 Θηβάίους.“

106 1861 259 1903 Eadem,
282 1860 347 1894 sed
362 1860 476 1895 minus
493 1861 693 1906 eleganter,
716 1869 857 1895 vertunt
877 1861 1005 1907 Aquila
1021 1862 1124 1895 Rom.
1141 1861 1188 1895 de
1205 1861 1322 1906 Figur.
1346 1874 1375 1896 c.
1391 1860 1450 1898 40.
1478 1870 1516 1896 et
1535 1863 1626 1897 Dio·—

107 1908 227 1942 medes
249 1919 286 1953 p.
300 1906 382 1944 443.
400 1908 455 1942 ed.
472 1908 614 1943 Putsch.
663 1910 783 1954 Itaque
803 1908 896 1943 male
916 1920 938 1942 a
956 1910 1063 1942 Voss.
1083 1916 1117 1942 et
1129 1907 1253 1942 Iahnio
1270 1909 1350 1942 Nec
1369 1910 1522 1963 st'g-nate
1540 1911 1625 1956 qui-

108 1955 190 1990 dem
210 1954 327 1988 editur
348 1954 418 1989 hoc
435 1955 538 1999 loco,
563 1956 659 1990 cuius
680 1955 768 1989 haec
788 1963 843 1989 est
859 1955 1053 1989 sententia:
1089 1954 1208 1998 Quid?
1241 1955 1337 2001 quod
1363 1962 1468 1990 etlam
1497 1957 1624 1991 divisio

108 1997 263 2041 'et-certa
289 2002 468 2048 possessio
496 2014 659 2048 agrorum
685 2002 783 2036 nulla
805 2010 880 2036 tum
909 2009 997 2036 erat.
1045 2002 1104 2036 Ne
1124 2001 1231 2036 etiam
1251 2001 1380 2036 Medic.
1398 2015 1454 2049 ap.
1475 2004 1624 2050 Foggiu.

108 2055 147 2083 et
162 2050 197 2085 3.
216 2050 251 2086 5.
268 2055 374 2094 atque
390 2049 440 2082 ita
459 2049 498 2083 in
510 2049 675 2083 Mediceo
696 2056 836 2083 exstare
856 2049 979 2083 scribit
999 2049 1217 2094 Freytagius.
1251 2049 1362 2083 Recte
1379 2049 1474 2084 idem
1494 2052 1623 2085 Medic.

109 2097 174 2130 Ge.
191 2097 250 2137 m,
265 2096 347 2131 561.
371 2108 449 2129 cum
471 2096 592 2141 paucis
604 2123 615 2138 ,
639 2096 707 2129 sed
720 2095 1029 2142 praestantissimis
1040 2122 1050 2138 ‚
1083 2095 1187 2129 codd.
1203 2109 1250 2129 ne
1273 2102 1403 2129 tuetur.
1450 2101 1502 2131 Ac
1519 2111 1568 2132 ne
1586 2099 1623 2132 in

109 2142 179 2177 hac
203 2141 459 2187 compositione
486 2143 564 2176 fere
590 2143 721 2188 ubique
745 2143 782 2176 in
811 2157 879 2177 nec
902 2150 1055 2177 mutatur
1080 2155 1101 2176 a
1122 2142 1276 2176 librariis
1283 2155 1296 2186 3
1327 2143 1398 2177 vid.
1422 2145 1557 2179 Gemh.
1578 2146 1623 2179 ad

108 2190 180 2223 cic.
195 2189 294 2223 Lael.
309 2190 410 2231 xm,
429 2187 508 2232 44„
533 2196 570 2223 et
586 2189 746 2235 inprimis
768 2190 947 2224 Drakenb.
974 2190 1020 2223 ad
1038 2189 1112 2222 Liv.
1134 2191 1161 2230 I,
1182 2192 1239 2232 10,
1261 2191 1296 2226 3.
1326 2190 1425 2234 Wr.)
1472 2193 1626 2237 &gnare

109 2236 228 2282 solum
247 2235 376 2270 recitat
390 2236 550 2270 Macrob.
569 2239 639 2270 Sat.
659 2238 685 2279 1,
707 2238 741 2273 8.
774 2238 869 2271 forte
889 2235 1079 2271 memoriae
1098 2236 1234 2270 fraude.
1330 2237 1399 2273 128
1421 2239 1473 2272 Io.
1492 2239 1624 2273 Schra-

109 2283 185 2317 der.
203 2283 295 2317 coni.
319 2284 466 2326 Omnia,
491 2291 528 2317 et
549 2282 708 2318 uberius.

169 2379 474 2432 125.Expressa
490 2391 542 2418 ex
552 2376 840 2435 Hesiod.”EQy.

109 2439 167 2480 90
187 2451 245 2490 sq.
283 2443 325 2477 et
350 2436 479 2476 Arato
517 2439 599 2479 110
617 2450 675 2489 sq.
741 2437 840 2476 inde

108 2494 223 2535 loeus
238 2509 266 2533 a
293 2495 432 2534 multis
457 2500 680 2534 tractatus:
708 2495 840 2548 inpri—

109 2553 185 2592 mis
205 2567 230 2591 α
246 2553 406 2593 Tibullo
436 2552 468 2603 I,
487 2555 528 2603 3,
546 2553 601 2596 35
620 2566 691 2604 sq„
710 2553 780 2591 ubi
798 2567 838 2593 v,

110 2610 292 2651 Brouldi.
321 2611 445 2651 Hunc
461 2624 626 2650 versum
646 2611 837 2663 respexit,

111 2674 281 2708 notante
305 2670 540 2708 Burmanno
554 2699 565 2718 ‚
604 2671 753 2708 Seneca
779 2683 840 2722 ep.

113 2728 170 2767 86
188 2726 240 2764 de
258 2727 462 2779 Scipione:
491 2735 636 2765 terram
647 2757 659 2776 ,
693 2735 737 2765 ut
753 2741 840 2765 mos

100 2783 194 2835 fuit
236 2787 385 2834 priscis
402 2814 415 2834 ‚
473 2787 559 2835 lpse
618 2784 840 2836 subigebat.

116 2843 211 2882 126.
240 2841 448 2893 Expressit
480 2841 583 2880 haec
606 2842 728 2881 Ovid.
744 2842 840 2881 Met.

114 2898 144 2948 1,
166 2901 262 2941 136.
291 2898 380 2937 Am.
397 2898 463 2948 111,
483 2901 523 2949 8,
543 2898 614 2941 42.
662 2901 842 2951 Necsas

114 2965 200 2995 erat
215 2986 227 3006 ,
267 2955 309 2995 h.
338 2955 534 3006 sollenne,
574 2956 755 3007 solitum,
792 2964 842 2997 ut

898 2391 1027 2431 saepe.
1090 2380 1184 2420 127.
1213 2380 1256 2416 in
1273 2379 1452 2417 medium
1461 2395 1478 2427 ;
1507 2381 1623 2433 quic-

898 2436 996 2488 quid
1025 2435 1305 2489 aequirebant,
1335 2438 1554 2489 parabant,
1579 2439 1622 2477 in

898 2507 1110 2533 commune
1123 2493 1324 2546 parabant
1341 2501 1383 2533 et
1392 2495 1621 2535 afferebant.

898 2552 1075 2605 Exponit
1099 2552 1281 2591 Lactant.
1304 2552 1436 2592 Instit.
1461 2553 1543 2593 div.
1573 2554 1622 2604 V,

896 2611 936 2660 5,
962 2610 1033 2649 sed
1051 2624 1123 2649 suo
1139 2623 1252 2649 more
1265 2610 1399 2662 inepta
1411 2611 1621 2661 calumnia,

897 2669 946 2707 cs.
976 2668 1117 2707 lustin.
1142 2668 1279 2716 XLIII,
1301 2671 1339 2717 1,
1356 2671 1394 2710 3.
1457 2671 1550 2710 128.
1566 2670 1622 2706 li-

895 2725 1043 2776 berius,
1074 2739 1197 2777 quam
1211 2739 1339 2775 nunc;
1368 2732 1439 2765 aut
1459 2726 1623 2764 omnino

895 2798 972 2836 pro
999 2783 1199 2837 positivo,
1239 2783 1381 2832 libere,
1420 2789 1512 2821 satu
1537 2796 1621 2821 non

897 2848 1057 2892 coacta,
1087 2847 1243 2893 sponte.
1272 2840 1620 2879 Horat.HICarm.

895 2898 965 2941 24.
987 2903 1042 2942 12
1059 2898 1386 2949 Liberassmges
1402 2919 1460 2927 —
1477 2900 1621 2934 imme-

895 2966 983 2996 tata
987 2957 1134 3009 serunt
1151 2959 1308 3008 iugera.
1363 2953 1502 3006 Accipi
1517 2967 1621 3006 quo-

1232 3023 1301 3068 20
1315 3024 1344 3057 *
