1768 3320
231 251 297 285 cx
515 234 570 280 P.
608 229 899 281 VIRGILII
934 223 1250 276 MARONIS
1288 222 1456 273 VITA

230 366 286 405 At
312 366 493 403 Donatus
520 359 562 414 §.
587 363 637 402 7:
678 358 758 397 Sed
786 358 824 396 V
826 356 986 407 &gilius
1009 354 1203 391 Cremona
1230 351 1546 400 Mediolanum,
1593 360 1632 390 et
1661 352 1754 391 iude

224 424 373 476 paullo
387 428 479 474 post
497 419 707 470 ,Νεαροίἰη
725 416 998 453 transiit—se
1019 413 1063 449 in
1089 409 1235 448 Urbem
1252 410 1434 448 contulit.
1497 408 1599 454 Uter
1617 410 1755 451 verius

232 480 398 529 dixerit,
443 477 532 530 quis
564 475 731 515 definire
762 472 897 510 ausit?
956 470 1080 508 Forte
1109 481 1159 506 ne
1186 468 1359 506 Romam
1390 466 1555 520 quidem
1589 468 1757 508 omnino

230 547 319 578 tum
350 538 474 586 adiit,
515 541 603 583 aut,
645 533 676 571 si
696 530 817 579 adiit,
855 530 896 567 in
925 540 1066 580 agrum
1090 540 1208 564 suum
1227 539 1328 565 mox
1354 539 1396 564 se
1416 526 1612 578 contulit,
1643 526 1755 579 quod

231 598 337 637 inter
356 596 451 635 belli
469 593 595 632 civilis
617 591 731 630 initia
749 589 901 627 factum
920 599 1002 624 esse
1020 585 1229 637 probabile
1253 583 1313 623 fit.

346 666 402 703 De
432 661 672 703 iuvenilibus
692 658 848 710 Virgilii
874 654 1125 710 poematibus
1150 668 1190 694 v.
1208 668 1297 707 sup.
1322 654 1374 693 ad
1391 654 1599 695 Donatum
1623 629 1666 708 §.
1683 657 1755 698 28.

833 852 894 902 U.
933 851 988 901 C.
1024 855 1141 903 709.

497 977 546 1024 C.
585 975 736 1021 Iulius
777 971 966 1019 Caesar
1003 971 1089 1018 IV.
1127 971 1228 1017 sine
1271 969 1523 1033 Collega<

600 1095 644 1126 ιι.
672 1078 722 1126 C.
746 1075 826 1126 45.
906 1076 1102 1138 Virgilii
1136 1072 1378 1125 25—26.

347 1197 496 1236 Alexin
521 1194 600 1233 hoc
630 1207 734 1232 anno
771 1192 965 1245 scriptum
995 1191 1174 1242 coniicit,
1223 1190 1399 1245 primam
1429 1198 1538 1231 certe
1571 1187 1754 1232 omnium

235 1256 469 1308 Eclogarum
490 1254 619 1302 fuisse,
643 1251 851 1290 contendit
874 1251 1073 1290 Martinus
1094 1251 1138 1289 in
1168 1250 1262 1290 Vita
1280 1250 1387 1304 Virg.
1417 1265 1457 1304 p,
1478 1245 1675 1302 XXXIV,
1714 1258 1756 1290 et

237 1315 289 1353 ad
309 1315 389 1353 Ecl.
406 1313 452 1361 V,
485 1314 551 1353 86.
610 1311 671 1348 Ex
698 1310 830 1349 verbis
855 1309 963 1348 ‘enim
988 1309 1110 1348 huius
1140 1309 1329 1361 Eclogae:
1375 1311 1477 1349 Hac
1494 1318 1531 1348 te
1558 1323 1635 1349 nos·
1647 1309 1754 1362 sra-

233 1374 315 1425 gila·
343 1369 579 1409 donabimus
604 1376 695 1406 aule
725 1370 883 1416 ὡραίας
922 1369 1044 1406 Haec
1071 1381 1165 1418 nos,
1210 1369 1452 1406 Formosum
1475 1368 1657 1421 Corydon
1679 1382 1756 1406 ar-

235 1430 353 1468 debat
371 1429 540 1477 Alexin,
570 1428 691 1464 Haec
716 1426 856 1464 eadem
880 1426 1039 1464 docuit.-
1085 1425 1231 1464 Caium
1245 1441 1394 1478 pecus,
1443 1441 1500 1465 an
1527 1419 1756 1466 Meliboei?

234 1488 421 1540 Eclogam
448 1484 663 1524 secundam
683 1490 723 1522 et
746 1484 907 1522 tertiam
936 1490 1030 1522 ante
1055 1485 1240 1535 quintam
1264 1484 1385 1523 fuisse
1410 1484 1604 1538 scriptam
1626 1498 1756 1537 appa—

235 1552 311 1585 ret.
370 1544 541 1584 Videtur
563 1549 697 1581 autem
727 1543 870 1594 quinta
902 1556 1007 1581 anno
1037 1545 1122 1584 712
1152 1542 1262 1581 edita
1291 1556 1398 1593 esse,
1434 1549 1482 1582 ut
1510 1557 1610 1583 mox
1636 1542 1756 1582 vide-

235 1605 378 1654 bimus,
397 1608 444 1641 ut
465 1601 562 1640 adeo
581 1601 661 1640 hoe
679 1606 784 1639 certe
804 1615 908 1639 anno
930 1601 1109 1639 anterior
1130 1601 1182 1640 sit
1199 1600 1347 1641 Alexis.
1386 1601 1470 1642 Iam
1489 1600 1625 1641 autem
1642 1599 1754 1640 Mar—

235 1663 345 1701 tinus
374 1674 465 1699 cum
493 1659 575 1697 aliis
609 1657 664 1712 (v.
685 1673 782 1697 mox
802 1659 854 1696 ad
872 1658 986 1714 711.)
1017 1665 1057 1697 et
1083 1658 1164 1698 hoc
1181 1659 1323 1713 ponit,
1357 1659 1568 1713 Virgilium
1595 1659 1755 1699 Caesari

237 1727 382 1759 notum
410 1719 547 1766 fuisse,
591 1717 713 1767 idque
747 1716 859 1756 haud
895 1717 1015 1756 dubie
1055 1718 1232 1757 carmine
1267 1717 1425 1770 aliquo,
1475 1717 1588 1770 quod
1619 1717 1755 1771 ipsum

238 1790 398 1816 carmen
419 1777 567 1829 AJexin
596 1775 717 1813 fuisse
732 1776 978 1828 suspicatur,
1016 1775 1196 1828 adeoque
1214 1777 1258 1815 in
1283 1776 1396 1816 hunc
1425 1790 1578 1817 annum
1598 1776 1755 1828 reiicit3

239 1834 420 1887 sequenti
449 1833 552 1872 enim
588 1846 692 1871 anno
723 1835 873 1872 occisus
900 1835 978 1873 fuit
1014 1835 1168 1873 Caesar.
1237 1835 1378 1886 Vides,
1420 1841 1470 1875 ut
1499 1835 1672 1888 suspicio
1703 1848 1756 1874 ex

239 1893 460 1946 suspicione
489 1891 594 1929 necti
627 1891 763 1930 soleat.
822 1892 894 1930 Est
918 1898 1055 1931 tamen
1083 1893 1253 1945 Eclogae
1280 1893 1318 1932 II
1347 1896 1440 1933 cuin
1471 1899 1754 1961 argumentum

238 1959 327 1990 tum
362 1956 449 1989 tota
480 1949 687 1998 tractatio,
736 1949 770 1988 si
797 1963 956 1990 sensum
987 1958 1125 2001 tuum,
1177 1966 1260 1991 non
1294 1950 1549 2005 opinionem,
1603 1950 1754 2003 audias,

237 2008 452 2058 eiusmodi,
485 2013 532 2045 ut
558 2021 640 2045 non
662 2007 796 2059 facile,
827 2008 903 2047 nisi
926 2009 968 2048 in
995 2010 1171 2050 iuvenile
1193 2010 1419 2063 ingenium,
1451 2010 1595 2050 cadere
1614 2009 1754 2064 possit.

832 2205 893 2256 U.
925 2205 979 2255 C.
1016 2211 1132 2257 710.

499 2321 549 2368 C.
588 2322 740 2368 Iulius
781 2323 966 2371 Caesar
1010 2326 1060 2374 V.
1132 2326 1204 2374 M.
1242 2326 1490 2374 Antonius.

597 2442 641 2474 α.
684 2427 734 2475 C.
773 2429 851 2477 44.
932 2430 1126 2494 Virgilii
1160 2433 1400 2482 26—27.

355 2538 487 2577 Idibus
507 2539 661 2580 Martiis
682 2544 824 2583 Caesar
841 2545 1050 2586 occiditur.
1097 2548 1218 2588 Varia
1237 2554 1330 2601 post
1350 2547 1436 2587 eius
1456 2552 1632 2586 mortem
1653 2559 1754 2599 pro-

243 2597 346 2648 digia
363 2630 373 2646 ‚
403 2611 442 2635 v.
463 2597 535 2636 Dio
557 2600 675 2649 XLV,
710 2604 774 2651 17,
804 2603 986 2655 inprimis
1009 2606 1077 2644 Sol
1106 2613 1194 2645 toto
1223 2621 1330 2646 anno
1357 2605 1568 2660 palliffim',
1598 2618 1638 2645 V·
1657 2603 1756 2644 ibid·

243 2662 284 2693 et
304 2654 507 2694 Plutarch.
526 2656 679 2696 Caesar.
702 2666 805 2698 extr.
846 2662 903 2699 Ea
924 2671 1213 2704 commemorat
1235 2665 1425 2718 Virgilius
1442 2665 1582 2717 Georg·
1607 2663 1638 2713 I,
1669 2661 1755 2704 466

243 2725 340 2763 sqq„
371 2712 441 2750 ubi
460 2713 506 2751 cf.
532 2714 620 2753 Not.
681 2717 894 2769 Octavius,
924 2727 1166 2762 testamento
1190 2724 1367 2763 Caesaris
1390 2737 1442 2763 ex
1460 2722 1663 2762 dodrante
1679 2719 1756 2759 he-

239 2782 305 2809 res
325 2770 533 2809 institutus
555 2779 594 2810 et
624 2773 664 2810 in
682 2774 869 2814 familiam
900 2778 1075 2818 Caesaris
1103 2795 1330 2833 nomenque
1357 2782 1598 2835 adoptatus,
1627 2772 1762 2831 Apol-⁸

240 2827 348 2866 Ionia
367 2828 536 2866 Romam
565 2831 707 2882 rediit,
739 2846 829 2871 cum
861 2842 993 2874 autem
1017 2837 1238 2879 Antonium
1258 2841 1501 2893 iniquiorem
1529 2839 1573 2878 in
1601 2851 1642 2876 se
1672 2848 1756 2874 esse

239 2886 417 2934 videret,
450 2886 721 2939 Optimatibus
741 2904 822 2929 sese
840 2893 1037 2934 adiunxit.
1096 2897 1352 2951 Apolloniae,
1390 2911 1494 2952 quae
1517 2896 1628 2951 Epiri
1657 2894 1756 2934 urbs

240 2949 319 3008 est,
353 2957 374 2981 a
394 2944 558 2983 Caesare
585 2947 635 2985 ad
653 2947 823 2986 Parthos
847 2953 1079 3002 profecturo
1104 2958 1357 3009 praemissus,
1387 2954 1635 3006 substiterat,
1666 2961 1756 2993 stu-

240 3001 392 3054 diisque
413 3011 639 3043 vacaverat.
701 3008 865 3048 Sueton.
885 3009 1028 3050 Oetav.
1048 3026 1079 3051 e.
1102 3016 1140 3054 8.
