1734 3320
282 180 779 274 GE'olt'dicoN
806 208 949 258 Lm.
973 208 1066 271 111,
1092 213 1391 262 478—490

1498 214 1599 263 581

71 336 344 389 Omnibus
366 343 478 386 acta
499 334 611 384 sitis
634 334 863 385 miseros
888 333 1181 386 adduxerat
1203 348 1366 390 artus:

68 409 275 460 Rursus
305 403 612 457 abundabat
628 402 827 454 fluidus
848 403 1056 471 liquor,
1094 408 1385 475 omniaque
1407 409 1462 458 in
1483 425 1540 458 se

70 478 207 530 Ossa
229 475 539 527 minutatim
565 475 766 524 morbo
792 474 1042 542 conlapsa
1067 475 1327 529 trahebat.

1474 530 1478 534 ,
1496 481 1599 530 485

70 546 246 615 Saepe
265 546 327 596 in
348 545 564 617 honore
588 545 756 596 deum
774 536 963 595 m‘edio
986 554 1129 596 stans
1152 546 1327 597 hostia
1350 547 1415 597 ad
1438 565 1597 612 aram,

67 619 245 668 Lanea
270 615 404 667 dum'
424 617 578 666 nivea
603 614 967 666 circumdatur
989 615 1157 667 infiila
1179 617 1332 680 vitta,

67 689 220 739 Inter
245 687 541 738 cuncta-ntis
566 685 759 737 cecidit
780 686 1111 737 moribunda
1135 687 1424 738 ministros

66 761 174 810 Aut
190 757 233 808 si
255 774 420 825 quam
431 755 586 808 :ffirro
604 765 925 807 mactaverat
942 766 1064 808 ante
1088 757 1366 821 sacerdOS,

66 827 205 880 Inde
225 823 678 914 neqiuepinpositis
703 826 896 879 ardent
916 827 1095 878 altaria
1118 827 1296 893 fibris,

138 926 256 976 490.
290 914 496 1044 pm&

1496 829 1599 878 490

113 1061 187 1100 483
213 1056 327 1097 auita
353 1044 439 1107 sifi-5
467 1060 634 1096 Pax-rhus.
682 1070 774 1110 apta
789 1061 897 1096 Goth.
916 1073 972 1107 pr.
1020 1061 1228 1098 abduxerat
1248 1063 1383 1108 aliquot
1403 1072 1460 1105 ap.
1482 1060 1598 1092 Burin.

67 1120 147 1144 cum
165 1108 247 1144 edd.
264 1108 369 1144 Aldd.
387 1109 480 1142 lunt.
507 1109 587 1152 (sed
613 1109 832 1142 emendatius
862 1109 963 1143 dedit
990 1111 1191 1156 Naugerius
1217 1111 1335 1145 Aldin.
1363 1107 1462 1151 tert.)
1487 1105 1598 1140 Goth.

66 1168 139 1192 sec.
148 1182 159 1199 ‚
193 1156 304 1191 etim
333 1155 547 1200 Philargyr„

67 1203 160 1238 eud.

582 1156 642 1202 qui
677 1156 830 1201 explicat
839 1182 849 1198 ‚
896 1165 1147 1192 contraxerat.

1254 1155 1326 1195 484
1358 1152 1599 1189 abundabant

237 1203 379 1238 auidus
397 1202 526 1237 Medic.
558 1215 635 1236 cum
662 1203 777 1237 tribus
800 1205 998 1247 Burmann„
1032 1205 1133 1238 Rom.
1156 1211 1194 1238 et
1212 1205 1320 1239 Goth.
1348 1214 1415 1248 pr..
1442 1199 1597 1235 Servius.

66 1250 138 1285 vid.
155 1252 186 1285 G
216 1263 273 1286 an.
290 1250 366 1284 Ind.
383 1250 526 1284 Lueret.
561 1250 645 1295 (hoc
674 1250 814 1296 quidem
840 1249 921 1284 loco
943 1253 1044 1296 prior
1063 1265 1087 1285 u
1107 1250 1261 1285 miniatis
1290 1249 1431 1297 punctis
1454 1248 1490 1281 in
1516 1247 1598 1279 Me-

66 1297 136 1333 dic.
154 1303 288 1333 notata.
323 1299 381 1332 W
376 1297 420 1341 r.)

65 1357 142 1388 ree,
174 1345 302 1380 saltem
333 1345 461 1390 Egnat.

500 1298 572 1333 486
593 1298 714 1331 media
730 1299 820 1331 Ven.

564 1345 636 1380 487
658 1346 777 1378 Linea
808 1345 908 1389 edd.,

870 1299 920 1332 ad
936 1311 1027 1333 aras
1050 1298 1106 1333 ed.
1123 1299 1212 1332 Dan.
1239 1305 1278 1332 et
1296 1297 1387 1332 aliae
1414 1294 1598 1340 antiquio-

942 1346 1068 1391 quibus
1097 1345 1233 1380 Pierius
1260 1346 1435 1379 utebatur.
1477 1341 1596 1388 (etiam

65 1392 146 1428 Ald.
167 1399 249 1428 tert.
296 1393 490 1427 Praeterea
508 1393 618 1426 niveo
637 1391 766 1425 Medic.
787 1405 807 1425 a
834 1405 878 1426 m.
897 1405 952 1439 pr.
981 1395 1039 1428 W
1034 1393 1079 1437 r.)
1126 1395 1281 1428 Laurea
1299 1391 1389 1426 aliae
1410 1389 1491 1423 edd,
1509 1394 1596 1422 vett.

64 1439 137 1478 488
159 1441 360 1488 magistros
386 1440 576 1473 Romanus.
623 1439 694 1473 Sed
724 1440 883 1474 ministri
908 1447 990 1474 sunt
1014 1451 1153 1485 popae,
1193 1448 1231 1474 ut
1250 1439 1320 1473 iam
1347 1437 1408 1471 alii
1427 1437 1595 1470 docuere.

65 1486 136 1524 489
159 1490 213 1522 Ac
228 1489 263 1521 ei
290 1486 383 1520 alter
403 1486 568 1519 Rottend.
595 1486 731 1519 Zulich.
780 1489 999 1522 mactaverit
1017 1487 1119 1522 Leid.
1137 1486 1199 1522 alt.
1226 1494 1265 1521 et
1284 1485 1415 1531 Regius
1439 1482 1596 1517 Martini.

67 1534 135 1581 (—
152 1535 236 1571 490.
259 1547 327 1568 nec
348 1533 476 1567 Medic.
501 1545 559 1579 ap.
577 1533 726 1579 Foggin.
763 1533 859 1578 Wr.)

67 1653 165 1692 &tis
198 1667 276 1706 pro
307 1659 442 1704 aestu,
485 1654 617 1693 calore
635 1683 646 1703 ‚
690 1653 803 1693 unde

65 1711 154 1751 sitis
171 1712 328 1762 oritur,
339 1759 347 1762 ,
367 1719 417 1752 ut
434 1712 515 1751 iam
543 1712 709 1752 Servius
727 1725 803 1751 ex-

63 1769 214 1823 posuit.
238 1772 327 1809 sitis
341 1772 481 1824 ignea,
499 1777 547 1809 ut
559 1772 659 1809 Stat.
676 1770 803 1809 Theb.

64 1827 133 1879 IV,
156 1830 240 1871 699
269 1828 407 1868 ham-it
432 1831 520 1867 sitis
543 1831 667 1881 ignea
686 1843 803 1867 cam-

56 1900 138 1939 pos
152 1917 165 1936 ,
197 1886 268 1926 ubi
299 1887 388 1937 alii,
420 1900 472 1926 ex
491 1887 801 1939 interpretatio-

64 1957 139 1995 ne,
176 1944 313 1984 arida.
356 1947 445 1984 sitis
482 1954 579 1983 acta
618 1945 802 1983 omnibus

63 2004 198 2053 venis,
227 2016 301 2056 per
331 2016 471 2042 omnes
484 2016 630 2053 venas,
662 2016 802 2042 omnes

63 2060 257 2100 humores
272 2091 284 2110 ,
325 2067 543 2114 penetrans
564 2091 575 2110 ,
622 2074 664 2099 se
698 2060 801 2099 insi-

64 2132 207 2158 nuans.
266 2121 422 2171 Infima
455 2133 560 2170 pars
590 2118 802 2156 hominum

54 2178 267 2230 flag-ravit
292 2176 353 2215 ad
379 2191 472 2215 ossa
493 2207 504 2226 ,
544 2177 708 2215 Lucret.
733 2175 800 2224 VI,

68 2237 193 2278 1166.
238 2234 467 2273 adduxerat
514 2243 626 2273 artus
644 2265 655 2284 ,
709 2240 801 2272 cute

65 2298 299 2343 contracta,
348 2291 462 2345 quod
495 2292 542 2331 fit
577 2305 620 2330 ea
656 2305 802 2331 exare-

63 2357 222 2401 scente,
251 2351 359 2390 utin
377 2350 493 2389 febri.
522 2351 704 2389 adducta
726 2365 801 2388 ezo—

64 2411 116 2448 tz‘s
138 2422 191 2448 ex
208 2408 359 2449 ovidio
379 2414 478 2447 nota
499 2407 596 2447 Met.
616 2408 683 2458 ΠΙ,
702 2410 800 2450 398.

64 2469 200 2521 liquor
222 2468 388 2520 fluidus
411 2497 422 2516 ,
472 2466 666 2506 humores
705 2480 800 2504 eor-

63 2526 199 2579 rupti,
242 2526 569 2577 colliquescentes
588 2555 598 2573 ,
647 2525 801 2573 tabum,

65 2585 170 2623 conf.
193 2585 435 2624 Lucretiana
452 2583 520 2633 vl,
539 2586 650 2625 1202
669 2589 712 2622 et
729 2582 802 2622 rel.

64 2642 250 2681 trahebat
269 2644 407 2682 omnia
430 2656 521 2680 ossa
541 2643 584 2679 in
600 2656 643 2679 se
658 2673 668 2691 ‚
703 2640 804 2680 dum

65 2700 180 2752 quasi
200 2701 245 2739 in
264 2701 360 2739 tabo
379 2706 578 2749 natarent,
609 2714 702 2738 ossa
723 2701 805 2737 mi-

64 2760 243 2796 nutatim
258 2758 393 2797 morbo
422 2759 619 2810 conlapsa
629 2773 644 2805 ;
687 2757 801 2796 cuius

64 2816 220 2868 generis
243 2816 487 2868 liquationes
515 2822 555 2854 et
581 2815 802 2855 resolutio-

64 2887 137 2912 nes
166 2873 316 2913 ossium
339 2875 458 2913 etiam
478 2875 527 2912 inv
548 2874 634 2912 aliis
650 2874 802 2913 morbis

65 2931 265 2971 videmus.
323 2932 381 2969 De
401 2931 495 2970 tabe
516 2938 558 2970 et
583 2932 801 2983 putredine

67 2989 335 3039 cadaverum,
375 3003 459 3028 non
490 2989 541 3028 de
563 2988 662 3040 hac,
693 2989 801 3028 acci-

859 1653 1031 1708 piendus
1047 1654 1234 1693 Lucanus
1245 1653 1313 1702 VI,
1329 1654 1386 1694 88
1418 1651 1596 1702 Corpora

860 1713 960 1751 dum
980 1712 1101 1750 solvit
1128 1711 1238 1750 tabes
1260 1720 1297 1749 et
1322 1711 1468 1762 digerit
1482 1739 1494 1758 ‚
1529 1707 1596 1746 di-

861 1771 1029 1820 minuit,
1060 1769 1248 1819 resolvit,
1280 1777 1406 1807 artus.

920 1827 1018 1871 486.
1048 1830 1245 1867 Hostiam
1267 1826 1442 1877 intellige
1465 1823 1596 1862 maio-

862 1901 969 1936 rem,
999 1892 1189 1936 taurum,
1220 1885 1334 1924 cuius
1352 1890 1448 1923 exta
1466 1881 1595 1934 inspi-

859 1945 1085 1984 ciebantur.
1125 1946 1169 1982 in
1194 1944 1341 1983 honore
1370 1942 1490 1980 deum
1508 1954 1595 1977 me-

857 2004 951 2052 dio,
993 2003 1036 2041 in
1071 2002 1204 2042 medio
1237 2000 1458 2049 sacrificio;
1495 2003 1595 2037 noto

862 2075 938 2100 usu
970 2074 1060 2099 voc.
1091 2060 1232 2099 honos.
1305 2058 1403 2100 487.
1432 2057 1596 2107 dum<e1

858 2118 1135 2157 cab-cumdatur
1170 2114 1309 2170 insula
1339 2117 1462 2153 lanea
1492 2116 1596 2152 vitta

858 2178 1005 2225 nivea,
1049 2175 1207 2228 poetica
1236 2174 1416 2222 ratione,
1455 2171 1497 2210 h.
1526 2171 1595 2209 in-

858 2235 943 2274 fula
972 2234 1134 2273 vittata.
1202 2233 1350 2286 Insula
1384 2236 1446 2269 est
1472 2229 1595 2268 latius

859 2292 1075 2345 quiddam,
1115 2297 1156 2330 et
1188 2291 1333 2344 capiti,
1363 2302 1385 2327 e
1412 2302 1493 2340 quo
1511 2288 1594 2325 sere

857 2350 1083 2404 pendebat,
1113 2348 1288 2389 velando
1308 2354 1473 2400 aptum,
1514 2347 1594 2382 vit-

860 2411 911 2447 tis
941 2408 1095 2460 alligari
1134 2412 1176 2445 et
1206 2405 1428 2457 constringi
1464 2403 1592 2442 solita.

858 2466 943 2506 vid.
964 2467 1123 2518 Lucret.
1153 2465 1193 2515 Ι,
1221 2467 1291 2507 88.
1316 2466 1385 2507 89.
1451 2463 1523 2501 Est
1544 2462 1594 2500 de

858 2525 939 2564 hoc
959 2525 1120 2578 copiosa
1136 2522 1354 2577 disputatio
1366 2521 1476 2575 apud
1492 2520 1594 2559 Ges-

861 2596 1007 2623 nerum
1016 2583 1061 2622 in
1079 2580 1198 2623 Thes.
1215 2582 1260 2620 L.
1273 2581 1314 2619 L.
1332 2593 1422 2619 voc.
1441 2579 1589 2631 insula.

860 2641 960 2684 489.
991 2649 1101 2690 ante,
1122 2638 1168 2679 11.
1185 2646 1404 2691 antequam
1418 2637 1594 2676 moriens

862 2699 1037 2739 caderet.
1106 2697 1209 2738 Inde
1231 2728 1243 2748 ,
1284 2710 1336 2735 ex
1379 2709 1426 2734 ea
1462 2706 1592 2746 neque

858 2757 1006 2807 fibrae,
1034 2756 1078 2796 11.
1108 2762 1222 2807 exta,
1259 2754 1405 2794 ardent
1423 2752 1592 2805 imposi-

859 2823 927 2855 tae
957 2814 1175 2865 altaribus3
1222 2827 1316 2853 cum
1348 2818 1485 2850 autem
1517 2822 1592 2848 nec

859 2874 994 2913 minus
1033 2873 1122 2926 ipsa
1159 2886 1230 2910 ara
1263 2883 1339 2923 pro
1361 2870 1526 2909 victima
1555 2868 1591 2906 ei

858 2932 1050 2985 imposita
1078 2936 1275 2983 ponatur:
1318 2927 1438 2977 hinc,
1478 2927 1591 2965 alta-

859 2992 923 3028 ria
956 2990 1099 3028 ardent
1118 3018 1129 3037 ,
1189 2985 1428 3038 exquisitius
1471 2984 1591 3023 dixit.
