1768 3320
146 218 246 266 184

147 345 270 405 Quo
294 357 451 391 cursu
472 340 682 391 deserta
706 338 980 406 petiverit,
1020 345 1073 386 et
1093 337 1288 404 quibus
1310 345 1434 387 ante

488 215 542 264 P.
598 213 939 264 VIRGILII
981 210 1357 261 MARONIS
1403 226 1407 260 ;

1606 342 1673 389 80

142 409 334 463 Infelix
350 427 443 460 sua
465 419 604 460 tecta
633 406 1092 476 supervolitaverit
1118 406 1244 458 alis?

218 481 433 546 Omnia,
458 497 610 549 quae,
624 479 741 530 Pho
749 479 851 529 ebo
866 476 1146 545 quondam
1160 474 1675 540 meditante,beatus

193 610 240 646 80
265 612 366 652 Quae
385 622 497 643 cursu
518 610 666 643 deserta
683 609 772 642 Ven.
794 613 830 639 et
844 605 1025 646 Parrhas„
1051 616 1123 638 non
1141 604 1255 648 male,
1279 605 1344 638 sed
1366 607 1444 649 Quo
1465 615 1579 637 cursu
1595 614 1676 637 me-

144 656 212 691 lius
232 656 425 701 respondet
446 656 576 702 quibas
593 656 674 689 alis.
703 654 855 702 petierit
871 652 1031 685 Pam-has.
1052 659 1087 685 et
1100 654 1187 697 Reg.
1236 651 1391 697 Vulgata
1410 657 1466 684 est
1483 662 1541 696 ap.
1554 649 1675 685 Schol-

145 707 232 738 Stat.
252 704 368 737 Theb.
387 705 445 745 111,
467 704 548 739 503.

637 704 679 738 81
704 712 820 747 supra
842 700 1057 733 volitaverit
1077 699 1155 733 ales
1173 701 1274 732 Rom.
1325 699 1406 733 ales
1423 697 1529 732 etiam
1545 697 1675 731 Medic.

147 764 168 784 a
185 763 230 784 m.
251 763 320 783 sec.
370 750 457 783 Ciris
477 751 525 786 50
548 749 592 782 de
620 748 729 781 altera
750 746 886 792 Scylla:
922 754 963 779 ut
995 747 1102 779 tenui
1127 746 1378 780 conscendens
1401 745 1527 779 sidera
1547 756 1679 793 penna

149 798 336 831 Caeruleis
362 810 432 830 sua
458 805 555 830 tecta
577 794 907 841 supervolitaverit
937 793 1021 826 ulis.

149 845 333 891 quondam
360 843 505 878 Phoebo
531 856 577 876 m.
599 842 708 876 Goth.
735 852 804 874 sec.

208 964 277 1004 80.
307 961 459 1000 Pendet
478 975 500 999 a
517 959 815 1014 superioribusz‘
838 966 882 997 ut

148 1022 390 1069 narraverit,
429 1035 531 1073 quas
565 1020 693 1070 dapes
719 1018 884 1070 pararit

149 1099 206 1107 —
223 1079 410 1129 petiverit
427 1100 484 1107 —-
503 1078 742 1116 volitaverit.
777 1076 884 1114 Nota

150 1136 217 1175 vel
235 1149 285 1173 ex
299 1135 522 1174 Ovid.Met.
541 1136 593 1175 Vl
613 1141 718 1173 extr.
737 1133 883 1172 fabula.

151 1193 368 1246 Trepidavi
387 1193 479 1232 olim
496 1194 538 1232 in
558 1192 636 1232 hoc
655 1194 757 1243 loco,
787 1192 886 1230 dum

151 1266 235 1290 non
255 1265 389 1290 meum
415 1265 575 1290 sensum
600 1251 671 1290 sed
699 1252 795 1290 alios
820 1250 887 1288 in-

150 1316 348 1362 terpretes
368 1310 647 1348 consulueram
659 1340 669 1360 ,
700 1309 769 1361 qui
788 1307 888 1347 Phi-

150 1367 337 1406 lomelam
372 1368 415 1406 in
445 1368 655 1406 lusciniam
686 1373 887 1406 mutatam

153 1425 330 1464 avolasse
343 1425 386 1464 in
402 1426 520 1464 silvas
532 1427 692 1476 volunt,
715 1432 756 1464 et
774 1433 883 1474 ante,

153 1489 370 1535 antequam
408 1484 567 1523 volaret
583 1515 594 1535 ,
644 1498 734 1523 suas
769 1483 886 1522 aedes

154 1542 494 1582 circumvolitasse
507 1543 633 1582 aiunt.
655 1543 791 1592 Poeta,
807 1556 888 1594 pu-

157 1606 211 1648 to,
234 1614 299 1639 eos
320 1600 513 1651 sequitur,
542 1601 611 1652 qui
629 1600 890 1640 Philomelam

154 1658 197 1696 in
215 1658 475 1697 hirundinem
493 1665 694 1698 mutatam
708 1672 790 1697 esse
803 1671 891 1696 me—

157 1722 388 1766 morarunt,
417 1723 466 1755 ut
482 1717 601 1755 multi
620 1718 767 1756 fecere:
796 1716 891 1756 vide

156 1787 197 1812 v.
219 1787 252 1812 c.
274 1773 458 1826 Apollod.
478 1774 543 1825 Ill,
567 1774 632 1825 14,
665 1778 703 1818 8.
735 1776 782 1819 cf.
805 1775 892 1814 No-

162 1837 220 1869 tas
240 1846 280 1884 p.
294 1831 376 1873 842
395 1846 451 1884 sq.
480 1834 631 1872 Conon.
651 1848 684 1873 e.
704 1837 771 1876 31.
801 1832 891 1886 Ap-

158 1889 299 1942 positis
322 1896 456 1928 autem
476 1891 612 1943 epulis,
635 1905 685 1930 ex
702 1891 802 1945 Ityis¹
819 1891 892 1930 filii

159 1947 347 1986 membris
359 1949 509 2001 paratis
531 1947 674 2003 (dapes
683 1972 741 1979 —-
750 1947 890 2004 dona),

159 2005 228 2043 illa
252 2019 343 2044 cum
370 2020 506 2045 sorore
532 2008 670 2046 statim
697 2008 889 2060 profugit,

160 2063 393 2114 insequente
410 2078 501 2103 cum
512 2066 619 2104 ferro
631 2067 774 2117 Tereo3
795 2065 892 2104 hinc

161 2121 281 2159 illud:
303 2137 380 2174 quo
398 2137 515 2161 cursa
531 2124 683 2162 deserta
693 2126 892 2175 petiverit.

161 2178 273 2229 Mox,
303 2180 428 2218 Tereo
447 2181 636 2232 instante,
668 2195 824 2221 sorores
849 2182 893 2221 in

165 2250 258 2276 aves
285 2244 517 2290 mutantur3
556 2246 645 2279 tum
678 2240 894 2279 Philomela

163 2294 342 2334 hirundo
360 2296 464 2334 facta
473 2297 673 2349 ingenioso
684 2299 777 2337 lusu
796 2312 895 2337 nar—-

164 2358 282 2392 ratur
313 2353 430 2392 aedes
464 2369 553 2393 suas
590 2356 894 2406 circumvolare,

166 2411 280 2462 quasi
310 2412 503 2463 pristinae
539 2414 641 2452 sedis
679 2414 895 2453 desiderio:

166 2470 270 2507 Stat.
282 2469 336 2507 III
357 2470 452 2508 Silv.
470 2471 509 2519 5,
528 2474 582 2513 98
601 2474 700 2510 ,Non
715 2474 772 2510 sic
790 2472 896 2511 Pla·-

167 2527 315 2565 lomela
347 2536 518 2579 penates
553 2530 700 2568 Circuit
735 2531 896 2581 ample—

167 2592 276 2622 ctens
324 2587 582 2638 animamque
629 2590 672 2625 ιἠ,
714 2590 895 2639 pignora

169 2642 378 2695 transfer&
412 2649 453 2680 et
472 2643 521 2681 de
550 2644 676 2683 altera
694 2646 827 2697 Scylla
853 2646 896 2684 in

170 2714 286 2740 avem
315 2707 473 2739 mutata
501 2702 600 2740 Ciris
630 2703 680 2745 51
719 2711 763 2741 ut
789 2705 899 2741 tenui

169 2759 431 2796 conscendens·
447 2759 579 2797 sidera
593 2775 731 2810 penna
748 2760 898 2798 Caeru-

171 2817 242 2854 leis
288 2831 366 2854 saa
413 2824 515 2854 tecla
556 2818 900 2867 supervolilaveric

170 2874 264 2912 alis.
307 2874 495 2913 Similiter
515 2874 565 2912 de
581 2875 743 2913 Callisto
764 2875 806 2913 in
824 2890 900 2913 ur-

171 2946 255 2979 sam
286 2938 446 2971 mutata
479 2931 598 2971 Ovid.
628 2932 663 2971 II
693 2932 789 2971 Met.
816 2931 900 2974 490

172 2990 242 3029 Ah.
258 2992 424 3044 quoties,
450 2990 538 3028 sola
558 3005 638 3029 non
664 3004 768 3028 ausa
787 2991 901 3043 quie—

1134 794 1182 829 82
1218 793 1377 840 quodam
1403 791 1532 826 Medic.
1583 803 1679 838 quae

939 972 1043 996 scere
1066 958 1173 997 silva
1185 988 1197 1008 ,
1229 957 1337 997 Ante
1364 957 1530 996 domum
1548 972 1679 1011 quon-

940 1017 1116 1068 damque
1163 1017 1248 1054 sais
1292 1018 1438 1055 erravit
1473 1018 1518 1054 in
1552 1018 1678 1069 agris.

948 1075 1037 1125 Quo
1064 1088 1183 1112 cursa
1213 1080 1255 1113 et
1285 1073 1429 1127 quibas
1458 1075 1539 1113 alis
1569 1074 1680 1114 dicta

943 1133 1146 1184 eleganter
1162 1145 1239 1185 pro
1257 1132 1461 1183 quomodo
1471 1147 1482 1184 3
1506 1132 1562 1186 sic
1580 1131 1679 1172 Aen.

943 1190 974 1240 I,
994 1190 1077 1232 750
1105 1191 1231 1228 Nunc
1246 1186 1390 1243 quibus
1408 1191 1591 1230 Aurorae
1607 1206 1680 1230 νε-

944 1250 1067 1286 nisset
1086 1247 1210 1297 filius
1232 1250 1382 1299 armis,
1417 1250 1546 1288 Nunc
1573 1264 1681 1302 qua-

945 1307 1002 1345 les
1024 1306 1238 1359 Diomedis
1266 1308 1380 1360 equi,
1413 1321 1520 1345 nunc
1546 1322 1681 1360 quan-

944 1373 1009 1403 tus
1031 1364 1226 1414 Achilles,
1254 1378 1352 1418 pro:
1381 1365 1511 1404 multa
1533 1379 1682 1418 rogans

944 1435 1065 1476 super
1111 1422 1347 1473 Memnone,
1401 1423 1593 1462 Diomede
1642 1429 1684 1462 et

945 1479 1113 1519 Achille.
1145 1477 1247 1534 (vid.
1271 1494 1373 1534 quae
1402 1481 1545 1522 notavi
1567 1481 1612 1521 in
1633 1481 1682 1521 V.

945 1539 989 1578 L.
1021 1538 1073 1577 ad
1101 1537 1200 1578 Aen.
1227 1539 1257 1590 I,
1287 1542 1327 1582 8.
1381 1539 1462 1578 Sed
1490 1553 1542 1579 ex
1565 1545 1684 1593 parte

946 1603 1111 1636 tantum
1127 1610 1225 1636 vera
1245 1605 1306 1636 est
1324 1597 1426 1636 haec
1446 1598 1661 1651 explicatio
1671 1613 1683 1649 3

948 1669 1043 1694 nam
1063 1656 1190 1695 verba
1211 1671 1290 1709 qao
1307 1671 1427 1695 cursu
1453 1656 1569 1695 aliter
1588 1662 1684 1696 suut

950 1712 1200 1766 accipienda3
1225 1714 1308 1754 vid.
1328 1727 1428 1766 quae
1445 1714 1583 1753 statim
1600 1714 1685 1753 dis-

949 1772 1117 1826 putabo.
1155 1770 1268 1827 Wr.)
1321 1773 1426 1811 Tum
1456 1781 1559 1811 tec-ta
1591 1781 1685 1811 ante

949 1845 1026 1869 sua
1059 1829 1262 1882 iungenda
1298 1836 1415 1880 sunt,
1457 1831 1568 1883 quod
1604 1831 1685 1870 iam

950 1888 1016 1927 alii
1041 1901 1256 1939 monuere,
1286 1895 1336 1928 ut
1355 1890 1399 1928 in
1415 1888 1552 1928 Ovidii
1573 1889 1684 1928 loco:

949 1947 1232 2000 quondamque
1261 1948 1344 1985 suis
1370 1949 1414 1986 in
1442 1949 1575 1999 agris,
1611 1947 1686 1986 etsi

947 2018 1093 2058 parum
1119 2005 1298 2044 suaviter
1320 2004 1524 2044 adiectum
1543 2005 1685 2044 sentio.

950 2063 1142 2102 Attamen
1184 2063 1376 2113 alterum,
1425 2069 1474 2102 ut
1514 2071 1607 2102 ante
1634 2064 1687 2102 sit

949 2127 1168 2173 antequam
1203 2121 1360 2160 deserta
1385 2127 1561 2174 peteret,
1602 2135 1687 2160 non
1698 2128 1708 2130 ”

949 2180 1083 2218 minus
1119 2180 1336 2218 molestum
1373 2186 1444 2219 est.
1523 2181 1686 2228 Cursus,

953 2252 1031 2291 quo
1051 2237 1204 2276 deserta
1219 2240 1384 2290 petivit,
1412 2237 1543 2277 videri
1559 2237 1688 2290 possit

953 2309 1037 2334 esse
1061 2295 1294 2346 bacchatio,
1326 2309 1406 2348 qua
1431 2296 1521 2346 illa,
1551 2295 1689 2335 mariti

954 2354 1101 2393 scelere
1124 2360 1344 2407 comperto,
1364 2353 1418 2392 ad
1435 2354 1570 2393 locum
1587 2367 1688 2406 pro-

954 2412 1076 2462 siluit,
1106 2426 1186 2464 quo
1205 2426 1321 2451 soror
1342 2412 1502 2451 occlusa
1517 2411 1687 2451 latebat:

956 2469 1076 2509 Ovid.
1106 2471 1132 2510 l.
1151 2484 1184 2510 e.
1206 2471 1302 2514 590.
1326 2469 1411 2513 594
1431 2483 1488 2522 sq.
1542 2470 1601 2508 Ne
1622 2476 1689 2508 ta-

955 2542 1048 2567 men
1065 2528 1121 2567 sic
1139 2534 1307 2578 statuas,
1322 2533 1443 2581 poeta
1458 2529 1542 2580 ipse
1557 2528 1689 2567 inter-

956 2586 1082 2637 cedit,
1102 2600 1197 2625 nam
1208 2594 1306 2638 post
1314 2592 1478 2639 paratas
1493 2586 1574 2624 iam
1588 2599 1689 2639 epu-

953 2645 1012 2683 las
1031 2650 1072 2683 et
1096 2644 1323 2698 appositum
1350 2643 1499 2694 filium,
1529 2658 1690 2682 cursum

955 2704 999 2740 in
1015 2702 1170 2741 deserta
1190 2708 1497 2752 commemorat,
1529 2707 1570 2740 et
1589 2708 1691 2742 tunc

957 2760 1119 2799 demum
1130 2760 1349 2799 Philomela
1362 2760 1405 2798 in
1419 2773 1535 2800 avem
1551 2766 1690 2799 muta-

956 2825 1039 2857 tur.
1101 2817 1233 2873 (Nihil
1271 2819 1315 2857 in
1352 2817 1415 2857 his
1461 2818 1689 2857 obscurum.

958 2877 1137 2915 Primum
1152 2891 1237 2918 non
1254 2875 1387 2926 video,
1413 2889 1538 2928 quare
1556 2874 1690 2928 Virgi—
1717 2911 1722 2916 ,

957 2934 1057 2973 lium
1076 2935 1166 2973 illos
1186 2941 1375 2988 putemus
1397 2940 1594 2984 secutum,
1610 2932 1692 2984 ‚qui

959 2991 1220 3032 Philomelam
1244 2993 1287 3032 in
1312 2991 1574 3032 hirundinem
1597 3004 1679 3032 mu-
