1768 3320
229 201 296 249 64

539 198 592 247 P.
629 198 980 248 VIRGILII
1028 160 1403 246 MARole

226 324 324 375 Hic
346 323 497 373 illum
515 322 622 373 vidi
643 324 891 373 iuvenem
904 363 916 386 ‚
950 320 1216 372 Meliboee
1228 360 1241 384 ,
1278 322 1562 387 quotannis

226 395 312 444 Bis
328 409 486 444 senos
503 393 586 443 cui
602 402 780 443 nostra
800 392 910 442 dies
927 391 1100 441 altaria
1115 388 1336 442 fumant.

272 497 320 537 43
343 507 432 546 quot
456 499 565 534 annis
591 497 728 532 divisim
749 497 973 543 antiquiores.
993 508 1025 531 v,
1052 495 1143 532 Pier-

224 588 404 627 faventes
434 583 497 640 (v.
528 582 679 639 Cerda)
705 583 818 633 deos,
861 588 946 621 tam

224 657 412 710 praesens
429 656 567 682 eorum
584 641 830 690 beneficium,
855 639 947 678 alibi

226 701 399 755 experiri
428 714 595 754 possem.
667 698 733 741 43.
792 698 878 736 Hac
905 697 947 736 in

225 761 327 799 urbe
359 758 504 798 herum
540 771 673 796 meum
709 756 812 806 vidi,
861 761 946 793 tam

225 817 461 857 munificum
479 822 520 855 et
536 816 676 864 lenem,
694 820 743 853 ut
764 827 855 860 eum
871 827 946 866 pro

227 876 302 914 deo
352 875 480 913 colere
525 872 779 911 decreverim.
854 871 947 910 Non

226 934 332 972 enim
359 946 450 971 eum
477 931 679 970 diversum
715 931 845 969 facere
879 929 945 968 vi·-

226 991 347 1030 detur
367 1004 390 1027 a
408 990 563 1029 iuvene.
606 988 720 1026 Dicta
741 987 841 1026 haec
865 999 946 1025 esse

224 1053 408 1101 respectu
446 1047 498 1086 ad
521 1047 726 1085 Caesarem
753 1044 946 1084 Octavia-

223 1121 321 1145 num
340 1105 489 1155 habito,
522 1104 697 1143 dubitari
713 1104 784 1143 vix
800 1108 946 1156 potest.

222 1165 258 1203 N
261 1178 303 1202 ec
310 1170 444 1202 tamen
460 1169 554 1201 sunt
565 1162 732 1201 nimium
750 1161 944 1213 urgenda:

224 1222 369 1273 alioqui
386 1220 598 1260 (licendum
617 1226 730 1269 esset,
751 1219 942 1258 Octavia-

222 1293 320 1318 num
343 1278 605 1331 possessiones
632 1278 675 1317 in
701 1291 793 1329 agro
825 1277 943 1316 Man-

221 1344 346 1375 tuano
371 1336 573 1385 habuisse,
610 1335 655 1374 in
678 1349 757 1386 quo
778 1335 943 1388 Tityrus

221 1400 332 1433 esset.
364 1392 528 1448 (Herus,
558 1393 761 1445 Virgilius,
791 1394 944 1432 Romae

219 1459 308 1490 tum
327 1452 423 1502 fuit3
461 1451 623 1504 Tityrus
643 1457 703 1490 est
723 1465 845 1490 senex
861 1452 943 1490 vil-

219 1509 337 1561 licus,
369 1510 613 1549 Octavianus
639 1509 736 1548 deus
757 1516 798 1548 et
825 1510 942 1548 iuve-

219 1569 293 1607 nis.
351 1569 514 1621 Tityrus
533 1574 582 1607 ut
599 1581 736 1606 servus
757 1568 806 1606 ab
828 1567 941 1618 hero,

220 1626 403 1677 Virgilio,
443 1626 670 1665 libertatem
698 1626 943 1679 impetravit,

221 1689 269 1722 ut
286 1683 441 1722 villicus
475 1684 522 1721 ab
547 1683 768 1723 Octaviano
792 1684 943 1723 immu-

221 1741 389 1781 nitatem
407 1747 447 1779 et
457 1741 724 1794 integritatem
744 1756 942 1794 agrorum,

222 1812 394 1850 quorum
417 1813 552 1838 curam
571 1798 692 1838 herus
720 1801 755 1838 ei
771 1801 944 1839 manda-

221 1862 348 1895 verat.
407 1858 471 1895 Sic
508 1871 642 1896 omnes
676 1858 943 1908 difficultates,

222 1927 323 1966 quae
342 1914 580 1967 interpretes
595 1923 766 1966 vexant,
808 1931 944 1956 remo-

220 1978 391 2022 ventur;
431 1973 597 2025 alioqui,
635 1973 666 2011 si
686 1974 849 2027 Tityrus
872 1981 945 2014 aut

220 2030 304 2082 ipse
317 2030 512 2081 Virgilius,
543 2038 613 2070 aut
632 2031 663 2070 si
680 2032 788 2071 idem
810 2039 850 2071 et
866 2033 943 2072 he-

221 2101 291 2126 rus
315 2093 355 2125 et
376 2088 490 2139 (leus,
531 2088 630 2128 haec
653 2091 844 2143 explicari
867 2105 944 2130 ne-

222 2151 385 2196 queunt.
435 2147 504 2197 Sp.
532 2169 590 2177 —
645 2148 723 2186 Res
748 2149 806 2187 ita
835 2150 944 2202 cogi-

221 2203 366 2242 tanda:
406 2204 629 2256 Virgilium,
659 2205 823 2256 herum,
864 2221 943 2247 vo-

220 2260 417 2299 luntatem
438 2265 600 2313 iuvenis,
621 2264 843 2314 Octaviani,
873 2279 941 2305 er-

220 2331 268 2370 ga
283 2332 322 2356 se
339 2319 548 2371 benignam
570 2321 618 2359 de
634 2336 725 2374 agro
742 2324 940 2362 servando

221 2382 310 2415 tum
331 2378 538 2429 aperuisse.
575 2380 699 2419 Wclz.
721 2402 780 2410 —
816 2381 941 2433 Equi-

222 2434 312 2472 ‹lem
331 2435 374 2472 in
395 2434 456 2473 his
481 2437 585 2475 servi
614 2436 778 2489 herique
799 2453 940 2491 perso-

221 2505 292 2530 nas
338 2492 396 2530 ita
434 2493 589 2532 iunctas
626 2497 853 2548 putaverim
900 2504 941 2536 et

220 2549 385 2599 mixtas,
429 2557 476 2589 ut
504 2553 628 2590 omnis
659 2567 722 2591 eas
754 2562 938 2594 accurate

218 2607 325 2647 inter
348 2621 387 2645 se
414 2608 661 2649 discernendi
687 2619 853 2651 conatus
878 2613 938 2652 ir-

219 2665 321 2703 ritus
343 2665 394 2703 sit
412 2671 452 2703 et
474 2667 611 2706 inanis.
670 2669 807 2719 Certe,
839 2684 940 2721 quae

219 2736 278 2762 vs.
298 2722 365 2765 47.
381 2737 437 2774 sq.
467 2724 679 2764 Meliboeus
697 2740 812 2765 servo
831 2728 939 2779 dicit,

220 2780 307 2832 quis
327 2794 410 2819 non
429 2781 559 2831 videt,
601 2783 653 2820 ad
682 2783 825 2823 herum
857 2800 938 2825 esse

218 2838 457 2877 referenda'.>
506 2837 615 2893 Wr.)
682 2841 728 2879 Ei
754 2855 794 2879 se
825 2857 939 2882 men-

219 2896 341 2935 struis
367 2897 486 2935 sacris
504 2897 621 2935 litare
638 2898 740 2937 velle
770 2899 835 2938 ait.
891 2903 938 2940 cs.

221 2967 259 2993 v.
279 2956 319 2996 7.
339 2955 377 2997 8.
425 2954 599 3006 sumant
623 2968 697 3008 pro
715 2957 938 2998 fumabunt.

1005 578 1183 635 (Falsum
1214 577 1313 631 hoc;
1352 578 1433 619 iam
1459 579 1565 619 enim
1590 592 1734 633 coepe-

1002 645 1098 678 rant
1118 638 1286 678 fumare.
1314 637 1417 678 Nam
1435 638 1602 691 Tityrus
1617 651 1734 678 men-

1004 709 1045 735 se
1078 696 1178 735 [ulio
1203 701 1275 735 aut
1294 696 1437 735 Sextili
1463 696 1629 736 ineunte
1646 697 1734 736 Ro-

1002 768 1110 793 mam
1140 753 1294 793 abierat
1301 768 1313 805 5
1359 753 1471 806 quod.
1500 754 1648 793 iniecta
1671 767 1732 795 vs.

1004 815 1071 855 39.
1110 812 1270 851 mitium
1309 825 1527 865 pomorum
1555 826 1733 852 comme-

1002 870 1175 909 moratio
1194 870 1360 910 indicat.
1400 868 1528 922 Atqui
1546 869 1627 910 hoc
1647 870 1733 910 col-

999 928 1184 980 loquium
1214 927 1384 967 Octobri
1410 935 1584 969 exeunte
1612 927 1732 968 habi-

1000 991 1092 1025 tum
1109 986 1296 1039 fingitur,
1310 986 1393 1026 vid.
1410 993 1497 1026 not.
1514 986 1568 1025 ad.
1582 999 1643 1026 vs.
1663 989 1732 1030 82.

1002 1044 1127 1093 Quod
1147 1050 1283 1083 autem
1301 1044 1398 1083 deus
1416 1050 1590 1084 vocatur
1606 1044 1732 1084 Octa-

1001 1103 1157 1152 vianus,
1189 1117 1249 1142 ao.
1268 1104 1364 1145 725.
1395 1102 1559 1142 demum
1577 1102 1675 1143 deus
1691 1110 1732 1143 et

1002 1161 1195 1214 appellari
1216 1167 1257 1199 et
1279 1161 1356 1199 coli
1373 1167 1538 1214 coeptus
1564 1166 1646 1212 est3
1684 1174 1732 1200 ac

999 1220 1178 1272 primum
1198 1218 1360 1271 quidem
1376 1219 1461 1272 ipse
1483 1219 1664 1272 Pergami
1690 1226 1732 1260 et

999 1277 1253 1315 Nicomediae
1268 1277 1344 1315 sibi
1354 1276 1504 1330 templa
1515 1277 1619 1316 strui
1633 1291 1731 1330 per-

999 1335 1119 1373 misit.
1176 1334 1233 1374 At
1251 1348 1350 1374 vero
1370 1332 1432 1389 (1)
1451 1335 1534 1373 iam
1551 1349 1612 1374 ao.
1633 1338 1730 1378 712.

997 1393 1087 1432 Kal.
1101 1393 1184 1433 Ian.
1210 1391 1387 1446 ἡμίθεος
1413 1391 1576 1432 habitus
1606 1392 1731 1433 Iulius

1000 1452 1144 1490 Caesar
1174 1457 1214 1489 et
1241 1451 1367 1490 Divus
1398 1450 1550 1501 dictus,
1599 1451 1726 1491 Octa-

998 1510 1141 1549 vianus
1162 1514 1298 1548 autem
1315 1522 1356 1547 se
1374 1508 1489 1548 Divi
1508 1509 1637 1548 filium
1655 1523 1730 1563 ap-

997 1568 1185 1622 pellabat.
1230 1564 1290 1622 (2)
1321 1567 1494 1606 Romani
1511 1567 1591 1606 iam
1610 1568 1731 1620 proni

1000 1626 1054 1665 ad
1088 1626 1190 1664 tales
1223 1624 1399 1664 honores
1432 1625 1534 1664 Iulio
1573 1626 1730 1666 Caesari

997 1684 1258 1733 tribuendos,
1306 1683 1404 1722 dum
1428 1682 1473 1721 in
1499 1683 1604 1723 vivis
1630 1691 1730 1724 erat.

1002 1740 1063 1798 (3)
1103 1741 1350 1782 Octavianus
1377 1746 1467 1780 tum
1485 1747 1731 1794 potestatem

999 1814 1196 1840 summam
1215 1798 1391 1838 habebat
1408 1812 1574 1851 eamque
1592 1801 1730 1853 gravi-

999 1865 1064 1898 ter
1100 1858 1313 1898 exercebat
1338 1857 1383 1896 in
1409 1857 1538 1897 Italia.
1594 1857 1730 1898 Anto-

999 1917 1090 1957 nius
1114 1917 1266 1956 maiore
1283 1915 1446 1967 quidem
1467 1915 1524 1955 ibi
1548 1917 1730 1956 auctori-

998 1982 1085 2015 tate
1112 1981 1153 2014 et
1188 1973 1315 2027 gloria
1344 1973 1510 2013 militari
1535 1973 1730 2027 florebat3

998 2034 1071 2073 sed
1089 2034 1155 2073 ille
1173 2031 1338 2072 aberat
1326 2046 1371 2071 1n
1390 2030 1507 2083 Asia,
1543 2031 1640 2072 hinc
1654 2046 1730 2087 pe-

998 2106 1068 2131 nes
1099 2090 1369 2131 Octavianum
1396 2096 1484 2130 erat
1512 2090 1729 2133 arbitrium

996 2163 1136 2190 rerum
1156 2149 1435 2203 gerendarum.
1473 2146 1633 2189 Asinius
1651 2163 1728 2189 au-

998 2215 1082 2248 tem
1107 2209 1187 2248 iam
1210 2206 1445 2246 discesserat
1465 2219 1486 2245 e
1504 2208 1726 2260 provincia,

999 2280 1100 2319 quae
1119 2266 1280 2319 quidem
1289 2265 1409 2305 valde
1427 2265 1590 2305 favebat
1600 2266 1728 2306 Octa-

996 2326 1130 2374 viano,
1160 2331 1210 2364 ut
1227 2329 1368 2377 postea
1382 2322 1619 2364 videbimus.
1648 2323 1727 2363 At-

998 2397 1077 2435 que
1107 2381 1168 2437 (4)
1211 2382 1373 2421 omnino
1402 2387 1558 2421 veteres
1590 2383 1647 2421 sic
1676 2382 1727 2421 de

996 2440 1309 2495 potentioribus3
1353 2445 1402 2479 ut
1429 2440 1602 2479 Graecos
1627 2441 1727 2479 mit-

995 2506 1102 2549 tam,
1141 2499 1285 2538 Horat.
1304 2499 1430 2538 Serm.
1455 2498 1492 2537 Π
1501 2528 1513 2549 ,
1556 2501 1603 2548 6,
1635 2498 1729 2541 52.;

997 2558 1124 2607 „deo
1137 2571 1154 2596 s
1208 2556 1398 2609 quoniam
1432 2556 1599 2609 propius
1626 2570 1726 2595 con-

995 2616 1112 2667 tingis
1120 2617 1165 2666 ;“
1193 2614 1219 2654 i.
1242 2628 1274 2653 e.
1296 2613 1582 2664 Octavianum,
1612 2613 1726 2654 Mae·-

997 2680 1189 2722 cenatem,
1219 2671 1436 2725 Agrippam
1457 2678 1532 2711 etc.
1551 2672 1677 2725 Epist.
1693 2672 1724 2723 I,

1002 2734 1076 2781 19,
1122 2730 1209 2772 43.:
1260 2730 1433 2780 „Iovis
1464 2730 1628 2770 auribus
1646 2730 1725 2769 ista

997 2802 1145 2828 servas.
1158 2791 1182 2810 “
1221 2788 1305 2828 vid.
1326 2787 1494 2828 ArnaJd.
1516 2788 1623 2828 Lect.
1653 2788 1724 2827 Gr.

994 2860 1032 2898 p.
1067 2850 1160 2888 177.
1217 2846 1355 2885 Iacobs
1381 2846 1548 2886 Anthol.
1578 2847 1647 2885 Gr.
1677 2847 1724 2885 Τ.

995 2903 1094 2943 VIII.
1126 2902 1196 2957 (an
1215 2904 1316 2944 XL?
1358 2903 1471 2960 Wr.)
1500 2917 1539 2957 p.
1560 2907 1654 2946 191.
1682 2909 1725 2942 et

996 2961 1101 3001 infra
1129 2963 1210 3001 Ecl.
1240 2962 1303 3002 IV.
1334 2962 1524 3003 Pollionis
1552 2975 1724 3016 puerum
