1768 3320
171 261 283 295 xxn
649 234 1204 290 PRAEFATIO

178 383 405 430 emeret
433 372 669 428 chartas
693 369 824 424 illas
848 363 1252 444 SpohnianaS.
1338 356 1700 421 Coniecerat

177 453 481 533 Spohnius
524 448 1022 507 commentarium
1062 462 1243 500 suum
1275 441 1342 497 in
1367 439 1699 497 LXXVIII

178 534 444 614 pagellas
474 534 732 600 formae,
763 546 949 604 quam
976 535 1213 594 vocant,
1251 533 1518 579 octavae.
1562 520 1699 578 Sta-

184 617 286 671 tim
337 612 602 668 intellexi
661 610 1009 666 inchoatam
1071 604 1321 660 demum
1365 601 1564 659 'fuisse
1618 603 1696 659 ab

180 694 402 773 optimo
436 693 581 748 Viro
623 691 784 747 hanc
825 689 1023 744 telam.
1105 683 1304 741 Multa
1344 683 1429 740 ita
1470 683 1700 762 scripta

182 786 373 844 erant,
418 785 484 829 ut
522 773 638 851 legi
676 771 777 826 vix
815 779 1087 847 possent3
1137 784 1279 844 pars
1321 765 1406 821 ita
1450 783 1702 843 compa-

180 868 327 925 rata,
355 865 419 909 ut
430 853 604 909 facile
635 860 965 929 appareret,
992 849 1044 904 si
1061 847 1389 925 cogitatum
1403 844 1700 925 perficere

182 934 450 1013 Spohnio
499 932 790 1002 licuisset,
844 929 1013 986 haud
1061 946 1266 1007 pauca
1315 928 1414 983 vel
1457 926 1703 983 demtu—

180 1035 319 1071 rum
357 1014 571 1084 fuisse,
614 1012 709 1068 vel
751 1010 1130 1080 additurum,
1174 1009 1271 1064 vel
1301 1019 1700 1065 mutaturum.

182 1094 302 1151 Sed
335 1094 513 1150 etiam
546 1094 962 1169 imperfectum
990 1089 1143 1146 illud
1170 1109 1325 1167 opus
1355 1089 1526 1160 satis,
1570 1088 1704 1167 opi-

179 1196 312 1246 nor,
358 1174 650 1244 ostendet,
706 1190 891 1247 quam
930 1171 1196 1249 pulchra
1236 1170 1422 1226 totius
1467 1170 1701 1249 species

181 1273 430 1310 evasura
468 1254 674 1324 fuerit,
716 1253 768 1308 si
811 1263 1147 1308 extremum
1187 1248 1568 1329 perpoliendi
1607 1252 1703 1307 la—

180 1336 388 1390 borem
432 1335 716 1390 adhibere
757 1332 1071 1411 potuisset!
1132 1331 1544 1388 Praemiserat
1576 1333 1705 1388 sin-

178 1414 324 1491 gulis
349 1413 583 1491 Eclogis
609 1414 919 1491 prooemia
946 1412 1256 1492 Spohnius
1275 1458 1289 1483 ,
1321 1431 1478 1488 quae
1495 1458 1509 1484 ‚
1546 1423 1705 1470 tam-

181 1513 364 1569 quam
390 1494 658 1572 dispersa
683 1495 957 1550 membra
976 1540 989 1565 ‚
1026 1494 1091 1549 in
1112 1512 1308 1549 unum
1331 1493 1542 1570 redegi
1568 1513 1705 1550 cor-

177 1595 288 1652 pus
333 1585 389 1630 et
413 1575 657 1631 nomine
683 1575 1166 1650 Prolegomenmn
1197 1574 1509 1653 appellata
1535 1573 1704 1652 Hey—v

178 1655 265 1710 nii
307 1655 647 1729 quaestioni
678 1656 773 1712 De
818 1653 1084 1711 Carmine
1121 1649 1404 1711 Bucolico
1447 1655 1702 1712 subieci.

179 1733 257 1789 Ut
284 1746 485 1790 autem
503 1780 516 1805 ,
560 1754 681 1809 qua
705 1735 821 1792 fide
848 1736 1130 1812 egissem,
1167 1736 1456 1815 cognosci
1485 1754 1521 1792 a
1551 1755 1705 1812 quo-

180 1814 266 1869 vis
307 1827 528 1890 posset,
581 1815 641 1870 F.
678 1815 751 1871 A.
789 1815 1109 1873 Ebertus
1153 1817 1382 1896 petenti
1422 1816 1580 1874 mihi
1607 1818 1705 1873 fa-

184 1894 296 1949 cile
328 1895 643 1964 concessit,
684 1908 750 1952 ut
782 1897 1018 1954 chartas
1044 1898 1434 1977 Spohnianas
1464 1896 1706 1955 Biblio-

181 1975 393 2029 thecae
447 1974 590 2051 Reg.
643 1975 855 2032 Dresd.
919 1980 1314 2036 asservandas
1371 1979 1707 2036 committe-

182 2073 328 2108 rem.
357 2088 429 2095 —-
503 2054 817 2113 Praeterea
859 2059 1072 2138 accepi
1115 2081 1145 2116 e
1189 2060 1462 2117 literaria
1506 2060 1707 2139 Spoh-

183 2132 271 2187 nii
311 2135 663 2211 supellectili
715 2137 1038 2196 editionem
1079 2140 1316 2217 Virgilii
1356 2141 1704 2212 Halensem‚

186 2213 356 2268 cuius
383 2214 626 2290 singulis
658 2219 900 2295 pagellis
935 2220 1322 2300 interpositae
1353 2234 1494 2279 sunt
1523 2223 1707 2279 char-

183 2303 310 2362 tae,
365 2294 429 2348 in
470 2296 684 2369 quibus
726 2299 826 2353 ille
872 2301 1094 2358 codicis
1139 2303 1608 2360 Zvvickaviensis
1651 2314 1708 2359 et

185 2372 336 2428 alius
374 2373 691 2433 cuiusdam
715 2378 857 2435 libri
878 2400 1018 2452 ms.‚
1064 2403 1246 2457 quem
1273 2405 1381 2442 suo
1411 2385 1529 2441 sibi
1562 2402 1704 2440 aere

186 2452 488 2528 Spohnius
530 2471 871 2532 paraverat,
919 2462 1204 2520 lectiones
1248 2466 1552 2522 variantes
1594 2484 1708 2522 no-

184 2532 344 2587 tavit.
429 2534 547 2590 Sed
594 2538 732 2593 fecit
771 2540 886 2597 hoc
927 2541 991 2597 in
1031 2542 1271 2623 Eclogis
1314 2557 1585 2618 tantum3
1649 2556 1708 2602 et

185 2611 280 2666 sui
314 2612 559 2686 quidem
585 2617 836 2690 codicis,
879 2634 1307 2700 praeterquam
1333 2627 1415 2683 ad
1440 2627 1709 2706 primam

184 2689 501 2781 Eclogam‚
542 2697 773 2754 nullam
812 2700 1017 2758 iniecit
1057 2707 1445 2764 mentionem.
1523 2707 1708 2764 Intel-

183 2770 306 2860 lexi
349 2792 424 2827 ex
462 2774 578 2830 hac
611 2778 926 2836 collatione
962 2784 1187 2841 nullius
1225 2807 1353 2844 esse
1389 2788 1570 2866 pretii
1593 2789 1706 2844 hos

181 2850 397 2941 llbrOS‚
441 2852 594 2910 vitiis
638 2857 830 2912 omnis
872 2864 1100 2936 generis
1132 2868 1574 2925 refertissimos.
1632 2867 1742 2925 Et.

183 2929 646 2990 Zwickaviensis
675 2939 917 3011 quidem
943 2943 1168 3001 codicis
1205 2948 1469 3006 diversas
1496 2948 1708 3006 lectio-
