1734 3320
170 217 275 269 592

381 215 438 266 Ρ.
456 213 643 265 VIRG.
662 212 830 270 MAR.
853 211 1115 263 GEORG.
1142 212 1268 263 LIB.
1289 213 1381 274 111,
1417 213 1522 265 566

172 346 453 410 Tempore
478 349 754 391 contactos
780 344 923 390 artus
946 356 1095 390 sacer
1120 339 1254 405 ignis
1280 338 1489 392 edebat.

216 462 287 498 566
313 469 525 495 contractos
551 458 716 504 vulgares
742 458 933 493 nonnullae
961 459 1062 501 edd„
1099 458 1207 492 etiam
1239 458 1345 493 codd.
1394 466 1588 494 contactos
1606 471 1712 492 sacer

177 518 289 543 artus
308 510 411 543 Rom.
461 521 542 541 cum
558 515 679 542 tactos
698 506 807 541 Goth.
828 519 883 552 pr.

169 605 333 659 proprie
357 618 440 654 res,
478 617 581 656 quae
601 608 907 652 concrematur3

170 678 367 717 quorsum
398 663 577 716 pertinet
614 661 751 700 similis
782 661 908 710 locus,

170 736 290 775 quem
323 722 503 760 Guellius
528 720 595 759 hie
621 723 910 758 commemorat

171 795 192 819 e
210 780 416 820 Nicandro
439 778 624 818 Theriac.
642 792 682 817 v.
697 780 753 820 37
776 777 826 816 de
846 777 908 815 la-

169 840 265 893 pide
283 839 461 892 gangite:
505 835 559 889 ἣν
578 833 676 878 ου’ὁὲ
699 840 911 888 κρατεροῖο

170 896 301 952 πυρός
319 898 602 951 περικαίνυται
635 891 755 948 ὁρμή.
802 895 911 934 Vera

171 955 368 995 sententia
389 955 525 994 statim
548 954 590 992 in
606 954 744 992 oculos
765 952 911 992 incur-

170 1014 247 1064 rit,
280 1014 401 1053 modo
433 1013 522 1065 quis
551 1013 734 1051 animum
757 1011 909 1050 adver-

170 1079 245 1112 tat.
308 1071 406 1127 (Sed
426 1071 678 1110 falsissimam
697 1084 780 1110 esse
801 1069 911 1109 hanc

169 1131 318 1184 Heynii
337 1130 717 1183 interpretationem
729 1159 739 1179 ‚
769 1143 912 1168 veram

172 1196 306 1229 autem
347 1189 476 1228 Servii
505 1188 735 1227 habendam
750 1218 760 1238 ‚
802 1193 913 1227 totus

169 1249 284 1288 locus
308 1248 468 1287 clamat.
493 1249 564 1288 W
558 1245 613 1300 r.)
676 1248 746 1286 Est
768 1246 818 1286 de
833 1246 915 1285 hoc

966 602 1057 641 loco
1079 603 1199 655 plena
1217 603 1498 644 ostentationis
1521 602 1711 655 disputa—

967 660 1024 699 tio
1037 660 1131 699 Itali
1147 661 1360 701 cuiusdam
1379 663 1423 702 in
1445 662 1542 701 edit.
1553 661 1712 714 Virgilii

969 718 1243 772 Ambrogiana
1266 720 1311 758 T.
1333 721 1362 771 I,
1383 735 1424 774 p.
1439 721 1536 760 Llss.
1567 720 1711 759 Melius

968 777 1082 816 tradi
1111 778 1329 828 nonnulla,
1379 779 1456 819 alia
1497 792 1713 832 perperam

971 836 1144 888 exponi,
1175 836 1353 876 vidimus
1373 852 1396 876 a
1415 838 1583 877 Pauleto
1607 836 1711 892 (Re-

970 894 1158 933 cherclzes
1184 910 1256 933 sur
1283 896 1340 934 les
1374 897 1590 936 Malacties
1619 899 1708 948 epi-

968 956 1173 1006 zootiqzaes
1200 954 1245 993 Τ.
1272 953 1303 1004 I,
1332 968 1373 1008 p.
1394 953 1451 997 44
1468 953 1572 1010 sqq.)
1589 985 1599 1004 ‚
1642 955 1712 1007 qui

968 1010 1020 1050 ad
1044 1011 1176 1064 ignem
1207 1025 1388 1064 sacrum,
1438 1026 1510 1052 seu
1531 1013 1712 1066 erysipe-

967 1070 1027 1109 las
1056 1084 1205 1123 vagum
1235 1070 1382 1110 ardens
1411 1077 1452 1111 et
1479 1072 1710 1124 malignum,

971 1128 1083 1180 quod
1099 1129 1238 1168 statim
1254 1129 1296 1168 in
1322 1143 1589 1183 gangraenam
1612 1130 1711 1181 abit,

972 1187 1188 1240 pleraque,
1222 1202 1325 1240 quae
1343 1194 1588 1240 narrantur,
1619 1203 1712 1243 spe-

974 1251 1087 1285 ctare
1111 1252 1245 1300 putat.
