1734 3320
152 162 257 213 562
491 162 548 211 P.
584 160 945 212 VIRGILII
991 158 1404 226 MARoNIs
1460 142 1464 145 ’

151 288 219 337 Et
242 295 388 337 totae
407 285 638 337 solidam
664 287 719 336 in
744 286 970 352 glaciem
993 295 1205 336 vertere
1230 286 1478 353 lacunae,
1584 289 1686 339 365

155 357 420 424 Stiriaque
445 357 649 424 inpexis
673 357 916 407 induruit
938 356 1159 406 horrida
1182 357 1376 409 barbis,

151 430 364 478 Interea
387 437 503 478 toto
529 445 643 477 non
671 429 842 478 secius
863 444 985 477 aere
1010 428 1243 493 ninguit:

152 501 436 549 Intereunt
458 498 722 567 pecudeS‚
759 507 899 548 stant
927 496 1246 548 circumfusa
1270 497 1476 565 pruinis

154 571 397 636 Corpora
422 585 615 634 magna
635 569 832 631 boum3
873 567 1234 636 consertoque
1258 569 1471 634 agmine
1497 565 1639 617 cervi

153 642 402 707 Torpent
435 639 584 689 mole
626 656 792 703 nova,
852 648 905 702 et
931 640 1157 690 summis
1186 639 1269 689 vix
1310 638 1564 689 cornibus
1599 653 1687 686 ex-

947 718 1098 762 stant.
1583 712 1686 760 370

150 782 263 829 Hos
288 796 402 829 non
426 779 656 829 inmissis
682 780 900 830 canibus
916 822 930 845 ‚
967 797 1081 830 non
1107 779 1339 830 cassibus
1361 778 1514 843 ullis,

248 907 319 944 365
344 911 394 941 Et
411 916 513 942 totae
533 909 572 942 in
597 909 757 943 solidam
776 910 964 943 Romanus.
991 909 1154 954 (Bothius
1174 909 1339 956 laganae
1354 907 1488 951 edidit,
1514 915 1551 942 et
1566 909 1687 943 Wun-

151 955 299 990 derlich.
326 956 483 989 lacunas
513 968 579 1000 pro
611 957 758 1004 lagenis
785 956 934 1001 accipit,
981 969 1057 990 curn
1083 964 1204 1002 stagna
1231 956 1267 990 in
1294 956 1443 1001 glaciem
1473 967 1576 990 versa
1602 962 1689 1000 post

150 1003 293 1036 flumina
314 1002 427 1047 glacie
456 1011 620 1037 concreta
648 1007 925 1038 commemorare
953 1003 1114 1050 ineptum
1142 1004 1198 1038 sit.
1247 1006 1359 1038 Recte
1379 1003 1542 1049 quidem,
1574 1002 1688 1048 siqui—

151 1050 234 1083 dem
269 1049 319 1083 sic
351 1049 558 1094 simpliciter
584 1051 727 1085 lacunas
758 1051 986 1086 nominasset.
1046 1052 1119 1086 Sed
1148 1064 1207 1085 eas
1238 1058 1367 1085 totas
1400 1051 1446 1084 in
1478 1050 1694 1085 solidam

151 1097 351 1142 glaciem
395 1109 622 1132 concrescere
661 1098 771 1143 dixit,
813 1107 916 1144 atque
944 1098 1154 1144 gradatione
1186 1098 1223 1132 in
1261 1098 1317 1132 his
1346 1110 1428 1132 usus
1454 1105 1520 1133 est.
1559 1098 1686 1143 Ialzn.)

149 1146 220 1180 366
244 1146 378 1179 Versus
402 1145 504 1178 abest
533 1147 704 1180 Romano.
799 1146 870 1182 367
899 1159 975 1181 non
997 1148 1117 1181 setius
1136 1148 1236 1180 Rom.
1265 1152 1302 1179 et
1321 1145 1477 1191 plurimi.
1525 1158 1603 1180 non
1624 1157 1687 1179 se—

149 1193 264 1238 gnius
285 1191 433 1225 Vratisl.
448 1218 457 1235 ‚
483 1199 522 1225 ut
542 1196 660 1234 Serv.;
698 1200 734 1227 et
755 1193 806 1227 sic
827 1193 926 1227 alibi.
961 1194 1030 1228 vid.
1064 1194 1109 1228 ad
1129 1195 1193 1228 Ge.
1219 1195 1261 1235 11,
1284 1195 1368 1230 277.
1417 1206 1578 1240 aequore
1598 1205 1686 1227 unus

149 1238 337 1280 Arundel.;
374 1246 410 1272 et
436 1239 487 1273 sic
517 1241 611 1286 apud
635 1240 852 1275 Priscianum
877 1241 941 1275 lib.
966 1242 1025 1284 X,
1053 1241 1117 1275 sed
1144 1241 1246 1275 aliter
1277 1240 1468 1275 Charisius.
1527 1252 1690 1287 aequore

148 1287 300 1335 ninguit
331 1299 374 1320 ex
402 1293 473 1320 vet.
509 1287 603 1321 libro
633 1288 786 1334 Giphan.
814 1288 888 1322 Iud.
916 1289 1056 1323 Lucret.
1087 1289 1125 1322 in
1156 1290 1352 1335 ningaere.
1402 1289 1536 1336 mingit
1561 1289 1686 1321 Franc-

150 1334 221 1370 369
249 1337 414 1381 Corpora
444 1334 557 1382 nigrci
585 1335 697 1379 TolL,
722 1336 815 1370 forte
837 1337 972 1384 pigra3
1007 1336 1071 1370 sed
1102 1335 1172 1370 vid.
1193 1337 1308 1369 Burm.
1357 1343 1528 1370 conserto
1549 1334 1686 1369 Zulich.

151 1388 187 1414 et
206 1382 294 1426 Reg.
320 1381 477 1415 Martini.
527 1382 695 1429 confecto
725 1390 808 1430 post
835 1385 1029 1417 Romanum
1057 1385 1181 1418 Franc.
1201 1385 1292 1417 Ven.
1323 1389 1360 1417 et
1385 1383 1495 1418 Goth.
1521 1394 1589 1427 pr„
1623 1382 1688 1416 sed

148 1428 293 1473 vulgata
328 1441 384 1473 ap.
415 1430 535 1464 Lutat.
564 1431 610 1463 ad
643 1434 730 1465 Stat.
767 1431 884 1464 Theb.
909 1433 978 1473 VI,
1017 1432 1097 1467 601.

150 1477 236 1520 (non
265 1477 384 1518 deest,
410 1477 475 1510 sed
507 1490 613 1523 supra
634 1478 804 1525 scriptum
835 1478 975 1524 legitur.
1007 1479 1105 1524 Wr.)

1203 1431 1277 1467 370
1310 1439 1348 1465 et
1378 1431 1484 1464 deest
1509 1429 1686 1464 Mediceo.

1203 1478 1272 1514 371
1301 1481 1400 1522 Quos
1418 1490 1496 1512 non
1521 1477 1686 1511 Parrhas.

148 1525 334 1557 immensis
361 1524 498 1559 Zulich.
559 1525 692 1560 Eadem
723 1525 873 1561 varietas
900 1526 1047 1562 Aeneid.
1070 1528 1108 1570 I,
1135 1525 1215 1562 125.
1263 1538 1333 1560 nec
1357 1524 1524 1560 cassibus
1558 1525 1686 1570 fragm.

147 1572 276 1604 Moret.
300 1578 335 1604 et
349 1583 436 1607 unus
458 1573 626 1607 Arundel.

149 1663 246 1710 364.
287 1667 461 1707 humida
491 1673 613 1709 *vina
634 1700 645 1720 ,
698 1670 741 1710 h.
789 1671 887 1709 alias

147 1726 287 1765 fluida.
335 1727 427 1766 Non
445 1727 583 1778 itaque
605 1728 780 1768 otiosum
801 1730 889 1782 epi-

148 1784 312 1835 theton,
355 1792 405 1824 ut
432 1786 543 1838 apud
566 1787 762 1835 Quinctil.
788 1788 888 1827 Inst.

147 1843 250 1893 VIII,
271 1846 318 1894 6,
340 1842 428 1886 40(
468 1845 622 1883 Locum
650 1847 890 1898 expressisse

145 1901 312 1941 videtur
323 1901 443 1941 Ovid.
454 1903 572 1942 Trist.
583 1904 651 1954 111,
666 1907 732 1955 10,
741 1908 808 1947 23.
820 1903 890 1947 24.

145 1960 307 1999 Laudat
340 1961 562 2001 Burmann.
597 1963 719 2002 Statii
755 1964 890 2017 Intpp.

148 2018 274 2058 Theb.
292 2019 359 2070 IV,
376 2022 411 2060 1.
423 2019 603 2060 Macrob.
621 2023 704 2061 Sat.
721 2022 806 2072 VII,
824 2025 889 2063 12.

146 2077 204 2116 At
233 2077 305 2116 inf.
341 2080 425 2120 379
464 2080 656 2119 cerevisia
705 2079 890 2119 homines

145 2136 210 2175 uti
227 2143 370 2175 narrat
391 2144 513 2189 poeta
526 2139 545 2178 ’ἒ
572 2139 607 2178 N
611 2153 664 2178 on
690 2153 773 2178 esse
787 2138 890 2178 haec

146 2195 190 2233 in
216 2200 336 2247 poeta
368 2196 570 2248 urgenda,
609 2204 720 2237 recte
748 2204 890 2237 monet

148 2253 328 2292 Ouwens
347 2268 435 2306 pag.
454 2254 551 2298 596.
613 2257 711 2300 365.
742 2266 889 2297 vertere

148 2324 209 2361 se,
240 2312 348 2351 verti
380 2313 523 2352 solent.
563 2315 760 2365 lacunas,
803 2317 885 2354 fos-

148 2383 210 2408 sas
235 2370 344 2409 inter
367 2385 482 2423 agros
503 2372 689 2426 intelligit
710 2374 886 2424 Servius,

147 2427 266 2466 nimis
292 2436 471 2481 anguste.
532 2431 645 2470 Dixit
668 2439 790 2486 poeta
809 2447 886 2486 pro

147 2486 317 2525 lacubus
337 2501 383 2525 ac
401 2489 562 2541 stagniS.

207 2548 303 2587 367.
335 2560 416 2584 non
434 2550 563 2586 secius
577 2579 587 2597 ‚
622 2562 706 2586 non
728 2548 878 2598 minus,

149 2608 269 2655 atque
286 2609 390 2643 ante.
419 2607 522 2644 conf.
552 2606 605 2645 ad
626 2606 695 2645 Ge.
715 2606 763 2656 ΙΙ,
783 2609 881 2649 277.

151 2659 248 2715 (non
275 2665 421 2713 secius,
463 2664 488 2703 i.
511 2678 543 2704 e.
577 2679 698 2716 quam
716 2679 883 2704 saevum

148 2719 274 2772 frigus
292 2750 303 2770 ,
341 2727 428 2760 tam
459 2724 612 2762 multae
643 2723 789 2774 nives,
828 2723 884 2762 sic

149 2779 323 2831 explicat
338 2778 439 2819 haec
456 2780 529 2820 Vir
550 2782 703 2820 Doctus
720 2781 766 2820 in
787 2783 883 2820 See-

148 2836 263 2876 bodii
290 2837 392 2878 Nov.
430 2839 532 2879 Bibl.
575 2840 665 2879 crit.
706 2841 751 2879 T.
780 2840 882 2879 VIII.

148 2895 238 2935 Vol.
274 2895 324 2935 H.
353 2911 442 2950 pag.
466 2901 736 2950 1192.recte‚
766 2905 883 2952 puto.

154 2955 226 2993 W
218 2952 266 3008 r.)
314 2955 413 2995 Mox
425 2959 589 3009 pruinis
616 2971 693 3011 pro
709 2957 883 2998 nivibus.

945 1669 1121 1709 Videtur
1138 1675 1261 1723 poeta
1278 1667 1320 1708 h.
1339 1668 1367 1708 l.
1393 1674 1567 1708 certasse
1593 1681 1687 1708 cum

946 1728 1126 1768 Homero
1164 1727 1278 1767 Iliad.
1307 1744 1358 1781 μ,
1400 1729 1487 1770 278
1507 1749 1567 1757 -—
1586 1729 1686 1777 286,

944 1787 1163 1840 praeclaro'
1183 1787 1286 1825 loco.
1313 1808 1373 1816 -·
1413 1787 1512 1828 368.
1544 1785 1585 1824 Si
1616 1799 1686 1824 ar-

947 1851 1086 1884 menta
1108 1845 1276 1884 stabulis
1303 1850 1497 1883 tenentur
1520 1857 1561 1883 v.
1586 1843 1685 1894 352,

949 1904 1049 1956 quid.
1069 1903 1119 1942 de
1137 1903 1200 1942 his
1220 1917 1299 1944 VSS.
1320 1902 1418 1942 fiet'?
1457 1902 1688 1942 Difficulta-

948 1969 1032 2001 tem
1050 1962 1156 2002 vidit
1186 1962 1259 2001 Iul.
1282 1962 1465 2001 Sabinus.
1524 1960 1687 2000 Scilicet

949 2021 1210 2075 cogitandum
1242 2033 1355 2059 nunc
1386 2020 1436 2059 de
1463 2019 1687 2073 repentinis

948 2080 1110 2121 nivibus
1149 2093 1225 2133 per
1265 2093 1333 2118 eos
1371 2091 1533 2132 quoque
1578 2078 1684 2128 dies,

948 2139 1094 2190 quibus
1113 2138 1157 2177 in
1183 2152 1335 2192 pascua
1352 2143 1541 2191 aguntur.
1581 2138 1686 2176 Suc—

948 2210 1113 2236 currere
1145 2197 1280 2236 voluit
1311 2197 1491 2237 Ouwens
1519 2210 1560 2249 p.
1585 2194 1684 2245 594,

949 2255 1049 2295 dum
1065 2256 1245 2307 pecudes
1278 2261 1319 2295 et
1355 2255 1473 2295 boves
1510 2255 1561 2293 de
1590 2254 1686 2293 feris

946 2314 1174 2353 minoribus
1216 2320 1258 2353 et
1294 2314 1429 2354 bubus
1460 2313 1685 2366 agrestibus

947 2386 1018 2412 seu
1047 2373 1130 2412 uris
1167 2373 1400 2427 accipiebat.
1460 2372 1620 2411 Durum
1639 2371 1685 2410 id

946 2438 1057 2470 esset.
1117 2431 1270 2471 Verum
1287 2446 1370 2471 non
1393 2430 1513 2471 nimis
1531 2443 1685 2482 urgen-

947 2490 999 2528 da
1019 2503 1122 2542 quae
1141 2497 1264 2542 poeta
1284 2490 1338 2528 ad
1354 2489 1596 2528 miraculum
1623 2489 1685 2528 es-

941 2549 1022 2587 fert
1055 2549 1261 2587 cumulata
1298 2562 1350 2587 ex
1383 2547 1451 2598 iis,
1498 2561 1601 2599 quae
1633 2547 1684 2586 de

940 2606 1171 2646 borealibus
1223 2606 1350 2660 plagis
1394 2606 1684 2645 remotioribus

941 2671 1178 2704 narrantur.
1238 2664 1460 2704 Intervalla
1492 2677 1576 2706 esse
1608 2664 1683 2704 de-

940 2724 1040 2762 bent
1057 2722 1200 2762 hiemis
1216 2723 1454 2763 remissioris
1471 2729 1512 2762 et
1524 2723 1684 2763 saevio-

941 2784 997 2822 ris
1016 2812 1027 2832 ,
1076 2782 1147 2820 etsi
1198 2783 1282 2825 356
1333 2796 1492 2834 semper
1534 2782 1678 2821 hiems.

942 2841 1045 2879 Nam
1066 2843 1151 2883 360
1172 2840 1436 2881 Concrescunt
1458 2839 1683 2880 subitae—-

943 2908 1123 2938 crustae:
1172 2912 1264 2952 ergo
1297 2914 1381 2939 non
1411 2912 1569 2952 semper
1600 2898 1681 2938 du-

941 2965 1050 2998 rant.
1110 2958 1250 3011 ltaque
1267 2965 1365 2998 sunt
1392 2970 1554 3011 quoque
1575 2963 1680 2996 tem-
