<?xml version="1.0" encoding="UTF-8"?>
<!DOCTYPE html PUBLIC "-//W3C//DTD XHTML 1.0 Transitional//EN"
    "http://www.w3.org/TR/xhtml1/DTD/xhtml1-transitional.dtd">
<html xmlns="http://www.w3.org/1999/xhtml" xml:lang="en" lang="en">
 <head>
  <title>
</title>
<meta http-equiv="Content-Type" content="text/html;charset=utf-8" />
  <meta name='ocr-system' content='tesseract 3.04.00' />
  <meta name='ocr-capabilities' content='ocr_page ocr_carea ocr_par ocr_line ocrx_word'/>
</head>
<body>
  <div class='ocr_page' id='page_1' title='image "./publiusvirgilius01virguoft_0402.png"; bbox 0 0 1768 3320; ppageno 0'>
   <div class='ocr_carea' id='block_1_1' title="bbox 170 227 1376 280">
    <p class='ocr_par' dir='ltr' id='par_1_1' title="bbox 170 227 1376 280">
     <span class='ocr_line' id='line_1_1' title="bbox 170 227 1376 280; baseline 0.002 -2"><span class='ocrx_word' id='word_1_1' title='bbox 170 230 275 278; x_wconf 78' lang='lat'><strong>234</strong></span> <span class='ocrx_word' id='word_1_2' title='bbox 503 227 558 276; x_wconf 91' lang='lat' dir='ltr'><strong>P.</strong></span> <span class='ocrx_word' id='word_1_3' title='bbox 596 227 958 278; x_wconf 89' lang='lat' dir='ltr'>VIRGILII</span> <span class='ocrx_word' id='word_1_4' title='bbox 993 229 1376 280; x_wconf 88' lang='lat' dir='ltr'><strong>MARONIS</strong></span> 
     </span>
    </p>
   </div>
   <div class='ocr_carea' id='block_1_2' title="bbox 168 356 1701 468">
    <p class='ocr_par' dir='ltr' id='par_1_2' title="bbox 168 356 1701 468">
     <span class='ocr_line' id='line_1_2' title="bbox 168 356 1701 412; baseline 0.005 -18"><span class='ocrx_word' id='word_1_5' title='bbox 168 367 287 394; x_wconf 86' lang='lat' dir='ltr'><strong>verse</strong></span> <span class='ocrx_word' id='word_1_6' title='bbox 308 367 407 394; x_wconf 87' lang='lat' dir='ltr'><strong>vero</strong></span> <span class='ocrx_word' id='word_1_7' title='bbox 437 368 462 393; x_wconf 90' lang='lat' dir='ltr'><strong>a</strong></span> <span class='ocrx_word' id='word_1_8' title='bbox 492 356 750 409; x_wconf 74' lang='lat' dir='ltr'>simplicitate</span> <span class='ocrx_word' id='word_1_9' title='bbox 777 364 818 396; x_wconf 90' lang='lat' dir='ltr'><strong>et</strong></span> <span class='ocrx_word' id='word_1_10' title='bbox 837 365 1051 397; x_wconf 85' lang='lat' dir='ltr'><strong>venustate</strong></span> <span class='ocrx_word' id='word_1_11' title='bbox 1074 361 1279 412; x_wconf 79' lang='lat' dir='ltr'><strong>pastoritii</strong></span> <span class='ocrx_word' id='word_1_12' title='bbox 1296 358 1485 399; x_wconf 82' lang='lat' dir='ltr'>carminis</span> <span class='ocrx_word' id='word_1_13' title='bbox 1506 368 1547 400; x_wconf 91' lang='lat' dir='ltr'><strong>et</strong></span> <span class='ocrx_word' id='word_1_14' title='bbox 1566 362 1701 402; x_wconf 82' lang='lat' dir='ltr'><strong>Theo&#39;-</strong></span> 
     </span>
     <span class='ocr_line' id='line_1_3' title="bbox 171 412 1048 468; baseline 0.006 -17"><span class='ocrx_word' id='word_1_15' title='bbox 171 412 297 452; x_wconf 89' lang='lat' dir='ltr'><strong>critea</strong></span> <span class='ocrx_word' id='word_1_16' title='bbox 316 412 520 453; x_wconf 87' lang='lat' dir='ltr'><strong>suavitate</strong></span> <span class='ocrx_word' id='word_1_17' title='bbox 541 415 585 453; x_wconf 92' lang='lat' dir='ltr'><strong>in</strong></span> <span class='ocrx_word' id='word_1_18' title='bbox 608 415 810 468; x_wconf 86' lang='lat' dir='ltr'><strong>plerisque</strong></span> <span class='ocrx_word' id='word_1_19' title='bbox 828 417 1048 456; x_wconf 83' lang='lat' dir='ltr'><strong>recesserit.</strong></span> 
     </span>
    </p>
   </div>
   <div class='ocr_carea' id='block_1_3' title="bbox 166 505 1701 617">
    <p class='ocr_par' dir='ltr' id='par_1_3' title="bbox 166 505 1701 617">
     <span class='ocr_line' id='line_1_4' title="bbox 285 505 1701 562; baseline 0.005 -19"><span class='ocrx_word' id='word_1_20' title='bbox 285 505 372 544; x_wconf 87' lang='lat' dir='ltr'><strong>Iam</strong></span> <span class='ocrx_word' id='word_1_21' title='bbox 400 505 450 544; x_wconf 88' lang='lat' dir='ltr'><strong>de</strong></span> <span class='ocrx_word' id='word_1_22' title='bbox 476 507 675 558; x_wconf 74' lang='lat' dir='ltr'><em>Lycoride</em></span> <span class='ocrx_word' id='word_1_23' title='bbox 706 508 866 547; x_wconf 88' lang='lat' dir='ltr'><strong>addunt</strong></span> <span class='ocrx_word' id='word_1_24' title='bbox 892 509 1136 562; x_wconf 78' lang='lat' dir='ltr'>interpretes</span> <span class='ocrx_word' id='word_1_25' title='bbox 1164 510 1304 549; x_wconf 88' lang='lat' dir='ltr'><strong>Servio</strong></span> <span class='ocrx_word' id='word_1_26' title='bbox 1327 510 1448 549; x_wconf 90' lang='lat' dir='ltr'><strong>duce:</strong></span> <span class='ocrx_word' id='word_1_27' title='bbox 1478 511 1598 550; x_wconf 84' lang='lat' dir='ltr'><strong>fuisse</strong></span> <span class='ocrx_word' id='word_1_28' title='bbox 1616 512 1701 550; x_wconf 87' lang='lat' dir='ltr'><strong>eius</strong></span> 
     </span>
     <span class='ocr_line' id='line_1_5' title="bbox 166 565 1700 617; baseline 0.004 -15"><span class='ocrx_word' id='word_1_29' title='bbox 166 576 312 603; x_wconf 89' lang='lat' dir='ltr'><strong>verum</strong></span> <span class='ocrx_word' id='word_1_30' title='bbox 331 578 479 603; x_wconf 90' lang='lat' dir='ltr'><strong>nomen</strong></span> <span class='ocrx_word' id='word_1_31' title='bbox 501 565 771 617; x_wconf 75' lang='lat' dir='ltr'><strong>Cytheridem,</strong></span> <span class='ocrx_word' id='word_1_32' title='bbox 803 573 844 605; x_wconf 85' lang='lat' dir='ltr'><strong>et</strong></span> <span class='ocrx_word' id='word_1_33' title='bbox 861 581 942 605; x_wconf 91' lang='lat' dir='ltr'><strong>esse</strong></span> <span class='ocrx_word' id='word_1_34' title='bbox 958 581 1045 606; x_wconf 90' lang='lat' dir='ltr'><strong>eam</strong></span> <span class='ocrx_word' id='word_1_35' title='bbox 1069 568 1251 606; x_wconf 88' lang='lat' dir='ltr'><strong>eamdem</strong></span> <span class='ocrx_word' id='word_1_36' title='bbox 1277 583 1368 607; x_wconf 87' lang='lat' dir='ltr'><strong>cum</strong></span> <span class='ocrx_word' id='word_1_37' title='bbox 1390 569 1559 608; x_wconf 85' lang='lat' dir='ltr'><strong>Antonii</strong></span> <span class='ocrx_word' id='word_1_38' title='bbox 1574 570 1700 608; x_wconf 85' lang='lat' dir='ltr'><strong>amica</strong></span> 
     </span>
    </p>
   </div>
   <div class='ocr_carea' id='block_1_4' title="bbox 166 621 1698 744">
    <p class='ocr_par' dir='ltr' id='par_1_4' title="bbox 166 621 1698 736">
     <span class='ocr_line' id='line_1_6' title="bbox 166 621 1698 678; baseline 0.007 -18"><span class='ocrx_word' id='word_1_39' title='bbox 166 621 260 672; x_wconf 85' lang='grc'><strong>1113,</strong></span> <span class='ocrx_word' id='word_1_40' title='bbox 292 623 436 673; x_wconf 83' lang='grc'><strong>11111113,</strong></span> <span class='ocrx_word' id='word_1_41' title='bbox 469 637 521 661; x_wconf 86' lang='lat' dir='ltr'><strong>ex</strong></span> <span class='ocrx_word' id='word_1_42' title='bbox 554 623 755 662; x_wconf 86' lang='lat' dir='ltr'><strong>Ciceronis</strong></span> <span class='ocrx_word' id='word_1_43' title='bbox 780 624 952 678; x_wconf 86' lang='lat' dir='ltr'><strong>Philipp.</strong></span> <span class='ocrx_word' id='word_1_44' title='bbox 974 626 1021 676; x_wconf 85' lang='lat' dir='ltr'><strong>II,</strong></span> <span class='ocrx_word' id='word_1_45' title='bbox 1054 625 1124 668; x_wconf 90' lang='lat'><strong>24.</strong></span> <span class='ocrx_word' id='word_1_46' title='bbox 1142 627 1211 677; x_wconf 88' lang='lat'><strong>25,</strong></span> <span class='ocrx_word' id='word_1_47' title='bbox 1234 626 1287 664; x_wconf 90' lang='lat' dir='ltr'><strong>ad</strong></span> <span class='ocrx_word' id='word_1_48' title='bbox 1306 626 1392 666; x_wconf 92' lang='lat' dir='ltr'><strong>Att.</strong></span> <span class='ocrx_word' id='word_1_49' title='bbox 1412 629 1465 677; x_wconf 89' lang='lat' dir='ltr'><strong>X,</strong></span> <span class='ocrx_word' id='word_1_50' title='bbox 1492 630 1545 669; x_wconf 89' lang='lat'><strong>10</strong></span> <span class='ocrx_word' id='word_1_51' title='bbox 1571 634 1612 666; x_wconf 84' lang='lat' dir='ltr'><strong>et</strong></span> <span class='ocrx_word' id='word_1_52' title='bbox 1633 631 1698 678; x_wconf 81' lang='lat'><strong>16,</strong></span> 
     </span>
     <span class='ocr_line' id='line_1_7' title="bbox 168 653 1695 744; baseline 0.004 -26"><span class='ocrx_word' id='word_1_53' title='bbox 168 680 222 719; x_wconf 88' lang='lat' dir='ltr'><strong>ad</strong></span> <span class='ocrx_word' id='word_1_54' title='bbox 249 653 339 721; x_wconf 63' lang='lat' dir='ltr'><strong>biv.</strong></span> <span class='ocrx_word' id='word_1_55' title='bbox 365 681 436 730; x_wconf 85' lang='grc' dir='ltr'><strong>ΙΧ,</strong></span> <span class='ocrx_word' id='word_1_56' title='bbox 467 684 536 723; x_wconf 89' lang='grc'><strong>26.</strong></span> <span class='ocrx_word' id='word_1_57' title='bbox 576 682 623 720; x_wconf 85' lang='lat' dir='ltr'><strong>cf.</strong></span> <span class='ocrx_word' id='word_1_58' title='bbox 653 682 861 722; x_wconf 84' lang='lat' dir='ltr'><strong>Plutarch.</strong></span> <span class='ocrx_word' id='word_1_59' title='bbox 893 684 988 722; x_wconf 89' lang='lat' dir='ltr'><strong>Vita</strong></span> <span class='ocrx_word' id='word_1_60' title='bbox 1018 682 1186 722; x_wconf 85' lang='lat' dir='ltr'><strong>Antonii</strong></span> <span class='ocrx_word' id='word_1_61' title='bbox 1198 698 1253 744; x_wconf 86' lang='lat' dir='ltr'><strong>p</strong></span> <span class='ocrx_word' id='word_1_62' title='bbox 1274 684 1329 726; x_wconf 84' lang='lat'><strong>74</strong></span> <span class='ocrx_word' id='word_1_63' title='bbox 1352 685 1413 724; x_wconf 88' lang='lat' dir='ltr'><strong>ed.</strong></span> <span class='ocrx_word' id='word_1_64' title='bbox 1434 685 1568 724; x_wconf 81' lang='lat' dir='ltr'><strong>Brian.</strong></span> <span class='ocrx_word' id='word_1_65' title='bbox 1595 687 1695 726; x_wconf 89' lang='lat' dir='ltr'><strong>Plin.</strong></span> 
     </span>
    </p>
   </div>
   <div class='ocr_carea' id='block_1_5' title="bbox 166 730 1768 795">
    <p class='ocr_par' dir='ltr' id='par_1_5' title="bbox 166 730 1768 795">
     <span class='ocr_line' id='line_1_8' title="bbox 166 730 1768 795; baseline 0.004 -18"><span class='ocrx_word' id='word_1_66' title='bbox 166 738 268 788; x_wconf 82' lang='lat' dir='ltr'>VIII,</span> <span class='ocrx_word' id='word_1_67' title='bbox 290 742 342 781; x_wconf 88' lang='grc'><strong>16</strong></span> <span class='ocrx_word' id='word_1_68' title='bbox 360 738 521 788; x_wconf 84' lang='lat' dir='ltr'><strong>infami,</strong></span> <span class='ocrx_word' id='word_1_69' title='bbox 558 739 670 778; x_wconf 86' lang='lat' dir='ltr'><strong>cuius</strong></span> <span class='ocrx_word' id='word_1_70' title='bbox 695 755 846 780; x_wconf 90' lang='lat' dir='ltr'><strong>nomen</strong></span> <span class='ocrx_word' id='word_1_71' title='bbox 874 755 1020 781; x_wconf 85' lang='lat' dir='ltr'><strong>verum</strong></span> <span class='ocrx_word' id='word_1_72' title='bbox 1038 742 1118 781; x_wconf 82' lang='lat' dir='ltr'><strong>fuit</strong></span> <span class='ocrx_word' id='word_1_73' title='bbox 1142 730 1377 793; x_wconf 78' lang='lat' dir='ltr'><strong>Volumnia,</strong></span> <span class='ocrx_word' id='word_1_74' title='bbox 1409 744 1602 795; x_wconf 84' lang='lat' dir='ltr'><strong>quoniam</strong></span> <span class='ocrx_word' id='word_1_75' title='bbox 1613 744 1698 784; x_wconf 92' lang='lat' dir='ltr'><strong>Vo-</strong></span> <span class='ocrx_word' id='word_1_76' title='bbox 1765 744 1768 749; x_wconf 77' lang='grc'>’</span> 
     </span>
    </p>
   </div>
   <div class='ocr_carea' id='block_1_6' title="bbox 152 769 1703 3015">
    <p class='ocr_par' dir='ltr' id='par_1_6' title="bbox 152 769 1703 3008">
     <span class='ocr_line' id='line_1_9' title="bbox 164 769 1697 869; baseline 0.005 -34"><span class='ocrx_word' id='word_1_77' title='bbox 164 769 309 836; x_wconf 79' lang='lat' dir='ltr'><strong>lumiiii</strong></span> <span class='ocrx_word' id='word_1_78' title='bbox 336 797 560 863; x_wconf 42' lang='lat' dir='ltr'><strong>Eutrapeli·</strong></span> <span class='ocrx_word' id='word_1_79' title='bbox 578 798 726 836; x_wconf 89' lang='lat' dir='ltr'><strong>liberta</strong></span> <span class='ocrx_word' id='word_1_80' title='bbox 750 805 864 838; x_wconf 87' lang='lat' dir='ltr'><strong>esset.</strong></span> <span class='ocrx_word' id='word_1_81' title='bbox 926 797 1216 853; x_wconf 88' lang='lat' dir='ltr'><strong>(Consentiunt</strong></span> <span class='ocrx_word' id='word_1_82' title='bbox 1242 807 1430 840; x_wconf 89' lang='lat' dir='ltr'><strong>veterum</strong></span> <span class='ocrx_word' id='word_1_83' title='bbox 1450 803 1697 869; x_wconf 78' lang='lat' dir='ltr'><strong>testimonia,</strong></span> 
     </span>
     <span class='ocr_line' id='line_1_10' title="bbox 165 854 1697 912; baseline 0.005 -19"><span class='ocrx_word' id='word_1_84' title='bbox 165 854 424 894; x_wconf 86' lang='lat' dir='ltr'><strong>Volumniam</strong></span> <span class='ocrx_word' id='word_1_85' title='bbox 452 855 612 894; x_wconf 88' lang='lat' dir='ltr'><strong>mimico</strong></span> <span class='ocrx_word' id='word_1_86' title='bbox 645 858 807 896; x_wconf 89' lang='lat' dir='ltr'><strong>nomine</strong></span> <span class='ocrx_word' id='word_1_87' title='bbox 834 857 1116 911; x_wconf 84' lang='lat' dir='ltr'><strong>Cytheridem,</strong></span> <span class='ocrx_word' id='word_1_88' title='bbox 1171 873 1194 896; x_wconf 91' lang='lat' dir='ltr'><strong>a</strong></span> <span class='ocrx_word' id='word_1_89' title='bbox 1225 859 1341 898; x_wconf 88' lang='lat' dir='ltr'><strong>Gallo</strong></span> <span class='ocrx_word' id='word_1_90' title='bbox 1378 861 1542 912; x_wconf 84' lang='lat' dir='ltr'><strong>eiusque</strong></span> <span class='ocrx_word' id='word_1_91' title='bbox 1569 861 1697 901; x_wconf 88' lang='lat' dir='ltr'><strong>amico</strong></span> 
     </span>
     <span class='ocr_line' id='line_1_11' title="bbox 164 912 1697 972; baseline 0.005 -21"><span class='ocrx_word' id='word_1_92' title='bbox 164 912 331 966; x_wconf 86' lang='lat' dir='ltr'><strong>Virgilio</strong></span> <span class='ocrx_word' id='word_1_93' title='bbox 350 913 591 967; x_wconf 82' lang='lat' dir='ltr'><strong>Lycoridem</strong></span> <span class='ocrx_word' id='word_1_94' title='bbox 612 914 764 954; x_wconf 87' lang='lat' dir='ltr'><strong>dictam</strong></span> <span class='ocrx_word' id='word_1_95' title='bbox 783 930 877 955; x_wconf 90' lang='lat' dir='ltr'><strong>esse.</strong></span> <span class='ocrx_word' id='word_1_96' title='bbox 939 918 1043 969; x_wconf 84' lang='lat' dir='ltr'><strong>Ergo</strong></span> <span class='ocrx_word' id='word_1_97' title='bbox 1069 923 1220 955; x_wconf 89' lang='lat' dir='ltr'><strong>temere</strong></span> <span class='ocrx_word' id='word_1_98' title='bbox 1239 924 1352 970; x_wconf 85' lang='lat' dir='ltr'><strong>agat,</strong></span> <span class='ocrx_word' id='word_1_99' title='bbox 1387 919 1458 970; x_wconf 81' lang='lat' dir='ltr'><strong>qui</strong></span> <span class='ocrx_word' id='word_1_100' title='bbox 1476 925 1548 958; x_wconf 87' lang='lat' dir='ltr'><strong>aut</strong></span> <span class='ocrx_word' id='word_1_101' title='bbox 1568 926 1697 972; x_wconf 86' lang='lat' dir='ltr'><strong>neget,</strong></span> 
     </span>
     <span class='ocr_line' id='line_1_12' title="bbox 166 944 1698 1027; baseline 0.005 -18"><span class='ocrx_word' id='word_1_102' title='bbox 166 977 238 1010; x_wconf 91' lang='lat' dir='ltr'><strong>aut</strong></span> <span class='ocrx_word' id='word_1_103' title='bbox 238 944 433 1011; x_wconf 62' lang='lat' dir='ltr'><strong>t&#39;dubitet.</strong></span> <span class='ocrx_word' id='word_1_104' title='bbox 492 972 556 1010; x_wconf 73' lang='lat' dir='ltr'><strong>Ex</strong></span> <span class='ocrx_word' id='word_1_105' title='bbox 576 972 719 1012; x_wconf 89' lang='lat' dir='ltr'><strong>iisdem</strong></span> <span class='ocrx_word' id='word_1_106' title='bbox 751 974 1013 1027; x_wconf 78' lang='lat' dir='ltr'><strong>intelligitur,</strong></span> <span class='ocrx_word' id='word_1_107' title='bbox 1052 975 1204 1014; x_wconf 83' lang='lat' dir='ltr'><strong>multos</strong></span> <span class='ocrx_word' id='word_1_108' title='bbox 1222 989 1309 1014; x_wconf 91' lang='lat' dir='ltr'><strong>eam</strong></span> <span class='ocrx_word' id='word_1_109' title='bbox 1327 976 1515 1016; x_wconf 84' lang='lat' dir='ltr'><strong>habuisse</strong></span> <span class='ocrx_word' id='word_1_110' title='bbox 1540 983 1698 1017; x_wconf 85' lang='lat' dir='ltr'><strong>amato-</strong></span> 
     </span>
     <span class='ocr_line' id='line_1_13' title="bbox 163 1029 1698 1089; baseline 0.004 -20"><span class='ocrx_word' id='word_1_111' title='bbox 163 1043 251 1081; x_wconf 86' lang='lat' dir='ltr'><strong>res3</strong></span> <span class='ocrx_word' id='word_1_112' title='bbox 281 1030 322 1069; x_wconf 92' lang='lat' dir='ltr'><strong>in</strong></span> <span class='ocrx_word' id='word_1_113' title='bbox 337 1030 402 1069; x_wconf 91' lang='lat' dir='ltr'><strong>his</strong></span> <span class='ocrx_word' id='word_1_114' title='bbox 421 1030 474 1069; x_wconf 90' lang='lat' dir='ltr'><strong>M.</strong></span> <span class='ocrx_word' id='word_1_115' title='bbox 492 1029 718 1070; x_wconf 89' lang='lat' dir='ltr'><strong>Antonium</strong></span> <span class='ocrx_word' id='word_1_116' title='bbox 737 1033 786 1071; x_wconf 92' lang='lat' dir='ltr'><strong>ab</strong></span> <span class='ocrx_word' id='word_1_117' title='bbox 809 1047 843 1072; x_wconf 88' lang='lat' dir='ltr'><strong>a.</strong></span> <span class='ocrx_word' id='word_1_118' title='bbox 868 1034 965 1077; x_wconf 90' lang='grc'><strong>705.</strong></span> <span class='ocrx_word' id='word_1_119' title='bbox 983 1057 1042 1063; x_wconf 93' lang='lat'>—</span> <span class='ocrx_word' id='word_1_120' title='bbox 1068 1034 1147 1073; x_wconf 86' lang='lat' dir='ltr'><strong>Cic.</strong></span> <span class='ocrx_word' id='word_1_121' title='bbox 1170 1034 1222 1072; x_wconf 90' lang='lat' dir='ltr'><strong>ad</strong></span> <span class='ocrx_word' id='word_1_122' title='bbox 1242 1033 1328 1074; x_wconf 92' lang='lat' dir='ltr'><strong>Att.</strong></span> <span class='ocrx_word' id='word_1_123' title='bbox 1349 1036 1402 1085; x_wconf 89' lang='lat' dir='ltr'>X,</span> <span class='ocrx_word' id='word_1_124' title='bbox 1425 1038 1492 1078; x_wconf 88' lang='grc'><strong>10.</strong></span> <span class='ocrx_word' id='word_1_125' title='bbox 1503 1049 1698 1089; x_wconf 92' lang='lat' dir='ltr'><strong>—usque</strong></span> 
     </span>
     <span class='ocr_line' id='line_1_14' title="bbox 164 1087 1698 1159; baseline 0.005 -33"><span class='ocrx_word' id='word_1_126' title='bbox 164 1087 218 1126; x_wconf 90' lang='lat' dir='ltr'><strong>ad</strong></span> <span class='ocrx_word' id='word_1_127' title='bbox 242 1102 277 1127; x_wconf 91' lang='lat' dir='ltr'><strong>a.</strong></span> <span class='ocrx_word' id='word_1_128' title='bbox 302 1091 400 1131; x_wconf 89' lang='grc'><strong>708.</strong></span> <span class='ocrx_word' id='word_1_129' title='bbox 411 1119 421 1139; x_wconf 94' lang='grc'><strong>,</strong></span> <span class='ocrx_word' id='word_1_130' title='bbox 463 1102 543 1141; x_wconf 87' lang='lat' dir='ltr'><strong>quo</strong></span> <span class='ocrx_word' id='word_1_131' title='bbox 575 1104 681 1129; x_wconf 90' lang='lat' dir='ltr'><strong>anno</strong></span> <span class='ocrx_word' id='word_1_132' title='bbox 709 1091 796 1141; x_wconf 87' lang='lat' dir='ltr'><strong>ille,</strong></span> <span class='ocrx_word' id='word_1_133' title='bbox 839 1092 910 1132; x_wconf 89' lang='grc'><strong>[111.</strong></span> <span class='ocrx_word' id='word_1_134' title='bbox 944 1093 1109 1131; x_wconf 76' lang='lat' dir='ltr'><strong>Caesaie</strong></span> <span class='ocrx_word' id='word_1_135' title='bbox 1137 1093 1342 1159; x_wconf 83' lang='lat' dir='ltr'><strong>perditam</strong></span> <span class='ocrx_word' id='word_1_136' title='bbox 1367 1094 1496 1133; x_wconf 85' lang='lat' dir='ltr'><strong>vitam</strong></span> <span class='ocrx_word' id='word_1_137' title='bbox 1527 1094 1698 1134; x_wconf 88' lang='lat' dir='ltr'><strong>Antonii</strong></span> 
     </span>
     <span class='ocr_line' id='line_1_15' title="bbox 161 1122 1695 1214; baseline 0.006 -30"><span class='ocrx_word' id='word_1_138' title='bbox 161 1147 442 1214; x_wconf 87' lang='lat' dir='ltr'><strong>improbante,</strong></span> <span class='ocrx_word' id='word_1_139' title='bbox 486 1148 606 1186; x_wconf 84' lang='lat' dir='ltr'><strong>missa</strong></span> <span class='ocrx_word' id='word_1_140' title='bbox 650 1122 871 1202; x_wconf 81' lang='lat' dir='ltr'><strong>Cytheride</strong></span> <span class='ocrx_word' id='word_1_141' title='bbox 913 1150 1102 1190; x_wconf 79' lang='lat' dir='ltr'><strong>Fulviam</strong></span> <span class='ocrx_word' id='word_1_142' title='bbox 1142 1151 1187 1190; x_wconf 91' lang='lat' dir='ltr'><strong>in</strong></span> <span class='ocrx_word' id='word_1_143' title='bbox 1221 1151 1530 1193; x_wconf 89' lang='lat' dir='ltr'><strong>matrimonium</strong></span> <span class='ocrx_word' id='word_1_144' title='bbox 1563 1153 1695 1193; x_wconf 84' lang='lat' dir='ltr'><strong>duxit.</strong></span> 
     </span>
     <span class='ocr_line' id='line_1_16' title="bbox 161 1204 1696 1264; baseline 0.005 -21"><span class='ocrx_word' id='word_1_145' title='bbox 161 1204 270 1244; x_wconf 85' lang='lat' dir='ltr'><strong>Hinc</strong></span> <span class='ocrx_word' id='word_1_146' title='bbox 291 1206 417 1244; x_wconf 79' lang='lat' dir='ltr'><strong>amari</strong></span> <span class='ocrx_word' id='word_1_147' title='bbox 442 1212 586 1258; x_wconf 89' lang='lat' dir='ltr'><strong>coepta</strong></span> <span class='ocrx_word' id='word_1_148' title='bbox 609 1221 633 1244; x_wconf 91' lang='lat' dir='ltr'><strong>a</strong></span> <span class='ocrx_word' id='word_1_149' title='bbox 653 1209 772 1248; x_wconf 88' lang='lat' dir='ltr'><strong>Corn.</strong></span> <span class='ocrx_word' id='word_1_150' title='bbox 795 1208 936 1259; x_wconf 90' lang='lat' dir='ltr'><strong>Gallo,</strong></span> <span class='ocrx_word' id='word_1_151' title='bbox 969 1210 1039 1261; x_wconf 90' lang='lat' dir='ltr'><strong>qui</strong></span> <span class='ocrx_word' id='word_1_152' title='bbox 1057 1216 1236 1261; x_wconf 87' lang='lat' dir='ltr'><strong>quatuor</strong></span> <span class='ocrx_word' id='word_1_153' title='bbox 1263 1211 1388 1249; x_wconf 91' lang='lat' dir='ltr'><strong>libros</strong></span> <span class='ocrx_word' id='word_1_154' title='bbox 1408 1211 1663 1264; x_wconf 80' lang='lat' dir='ltr'><strong>Elegiarum‘</strong></span> <span class='ocrx_word' id='word_1_155' title='bbox 1653 1227 1696 1251; x_wconf 90' lang='grc'><strong>111</strong></span> 
     </span>
     <span class='ocr_line' id='line_1_17' title="bbox 162 1264 1697 1320; baseline 0.005 -18"><span class='ocrx_word' id='word_1_156' title='bbox 162 1276 251 1302; x_wconf 88' lang='grc'><strong>03111</strong></span> <span class='ocrx_word' id='word_1_157' title='bbox 271 1265 510 1318; x_wconf 88' lang='lat' dir='ltr'><strong>composuit.</strong></span> <span class='ocrx_word' id='word_1_158' title='bbox 536 1264 610 1304; x_wconf 88' lang='lat' dir='ltr'><strong>Ao.</strong></span> <span class='ocrx_word' id='word_1_159' title='bbox 637 1269 734 1309; x_wconf 88' lang='grc'><strong>716.</strong></span> <span class='ocrx_word' id='word_1_160' title='bbox 761 1266 948 1320; x_wconf 85' lang='lat' dir='ltr'><strong>Cytheris</strong></span> <span class='ocrx_word' id='word_1_161' title='bbox 965 1268 1049 1306; x_wconf 88' lang='lat' dir='ltr'><strong>fere</strong></span> <span class='ocrx_word' id='word_1_162' title='bbox 1065 1268 1305 1308; x_wconf 83' lang='lat' dir='ltr'>XXVIII—</span> <span class='ocrx_word' id='word_1_163' title='bbox 1316 1270 1470 1309; x_wconf 87' lang='lat' dir='ltr'>XXIX.</span> <span class='ocrx_word' id='word_1_164' title='bbox 1494 1284 1697 1309; x_wconf 88' lang='lat' dir='ltr'><strong>annorum</strong></span> 
     </span>
     <span class='ocr_line' id='line_1_18' title="bbox 162 1323 1696 1381; baseline 0.005 -21"><span class='ocrx_word' id='word_1_165' title='bbox 162 1328 271 1373; x_wconf 75' lang='lat' dir='ltr'><strong>erat,</strong></span> <span class='ocrx_word' id='word_1_166' title='bbox 302 1323 470 1362; x_wconf 90' lang='lat' dir='ltr'><strong>eandem</strong></span> <span class='ocrx_word' id='word_1_167' title='bbox 492 1330 669 1362; x_wconf 85' lang='lat' dir='ltr'><strong>aetatem</strong></span> <span class='ocrx_word' id='word_1_168' title='bbox 690 1326 833 1377; x_wconf 87' lang='lat' dir='ltr'><strong>agebat</strong></span> <span class='ocrx_word' id='word_1_169' title='bbox 851 1326 1001 1365; x_wconf 86' lang='lat' dir='ltr'><strong>Gallus.</strong></span> <span class='ocrx_word' id='word_1_170' title='bbox 1061 1326 1152 1366; x_wconf 89' lang='lat' dir='ltr'><strong>Hoc</strong></span> <span class='ocrx_word' id='word_1_171' title='bbox 1171 1327 1375 1366; x_wconf 89' lang='lat' dir='ltr'><strong>neminem</strong></span> <span class='ocrx_word' id='word_1_172' title='bbox 1397 1328 1593 1379; x_wconf 85' lang='lat' dir='ltr'><strong>offendet,</strong></span> <span class='ocrx_word' id='word_1_173' title='bbox 1624 1329 1696 1381; x_wconf 85' lang='lat' dir='ltr'><strong>qui</strong></span> 
     </span>
     <span class='ocr_line' id='line_1_19' title="bbox 160 1381 1695 1451; baseline 0.005 -32"><span class='ocrx_word' id='word_1_174' title='bbox 160 1381 325 1420; x_wconf 87' lang='lat' dir='ltr'><strong>noverit</strong></span> <span class='ocrx_word' id='word_1_175' title='bbox 342 1395 528 1421; x_wconf 85' lang='lat' dir='ltr'><strong>amorum</strong></span> <span class='ocrx_word' id='word_1_176' title='bbox 553 1382 724 1422; x_wconf 88' lang='lat' dir='ltr'><strong>istorum</strong></span> <span class='ocrx_word' id='word_1_177' title='bbox 751 1385 950 1451; x_wconf 38' lang='lat' dir='ltr'><strong>rationem</strong></span> <span class='ocrx_word' id='word_1_178' title='bbox 983 1385 1053 1437; x_wconf 82' lang='lat' dir='ltr'><strong>qui</strong></span> <span class='ocrx_word' id='word_1_179' title='bbox 1082 1386 1333 1437; x_wconf 89' lang='lat' dir='ltr'><strong>meminerit,</strong></span> <span class='ocrx_word' id='word_1_180' title='bbox 1364 1400 1481 1439; x_wconf 89' lang='lat' dir='ltr'><strong>saepe</strong></span> <span class='ocrx_word' id='word_1_181' title='bbox 1500 1393 1539 1425; x_wconf 88' lang='lat' dir='ltr'><strong>et</strong></span> <span class='ocrx_word' id='word_1_182' title='bbox 1559 1401 1580 1425; x_wconf 86' lang='lat' dir='ltr'><strong>a</strong></span> <span class='ocrx_word' id='word_1_183' title='bbox 1598 1388 1695 1440; x_wconf 89' lang='lat' dir='ltr'><strong>plu—</strong></span> 
     </span>
     <span class='ocr_line' id='line_1_20' title="bbox 159 1439 1696 1498; baseline 0.005 -21"><span class='ocrx_word' id='word_1_184' title='bbox 159 1439 273 1478; x_wconf 88' lang='lat' dir='ltr'><strong>ribus</strong></span> <span class='ocrx_word' id='word_1_185' title='bbox 297 1447 450 1478; x_wconf 86' lang='lat' dir='ltr'><strong>amatas</strong></span> <span class='ocrx_word' id='word_1_186' title='bbox 479 1454 561 1479; x_wconf 89' lang='lat' dir='ltr'><strong>esse</strong></span> <span class='ocrx_word' id='word_1_187' title='bbox 591 1456 675 1481; x_wconf 91' lang='grc'><strong>11011</strong></span> <span class='ocrx_word' id='word_1_188' title='bbox 693 1442 871 1482; x_wconf 89' lang='lat' dir='ltr'><strong>iuniores</strong></span> <span class='ocrx_word' id='word_1_189' title='bbox 891 1450 1015 1493; x_wconf 91' lang='lat' dir='ltr'><strong>natu,</strong></span> <span class='ocrx_word' id='word_1_190' title='bbox 1051 1458 1172 1495; x_wconf 91' lang='lat' dir='ltr'><strong>quam</strong></span> <span class='ocrx_word' id='word_1_191' title='bbox 1197 1444 1275 1498; x_wconf 90' lang='lat' dir='ltr'><strong>ipsi</strong></span> <span class='ocrx_word' id='word_1_192' title='bbox 1295 1451 1443 1496; x_wconf 90' lang='lat' dir='ltr'><strong>essent,</strong></span> <span class='ocrx_word' id='word_1_193' title='bbox 1473 1445 1532 1484; x_wconf 90' lang='lat' dir='ltr'><strong>ita</strong></span> <span class='ocrx_word' id='word_1_194' title='bbox 1553 1460 1576 1483; x_wconf 86' lang='lat' dir='ltr'><strong>a</strong></span> <span class='ocrx_word' id='word_1_195' title='bbox 1592 1446 1696 1485; x_wconf 88' lang='lat' dir='ltr'><strong>Pro-</strong></span> 
     </span>
     <span class='ocr_line' id='line_1_21' title="bbox 158 1498 1695 1554; baseline 0.005 -19"><span class='ocrx_word' id='word_1_196' title='bbox 158 1498 292 1551; x_wconf 90' lang='lat' dir='ltr'><strong>pertio</strong></span> <span class='ocrx_word' id='word_1_197' title='bbox 312 1499 521 1549; x_wconf 88' lang='lat' dir='ltr'><strong>Hostiam,</strong></span> <span class='ocrx_word' id='word_1_198' title='bbox 553 1514 584 1538; x_wconf 94' lang='lat' dir='ltr'><strong>s.</strong></span> <span class='ocrx_word' id='word_1_199' title='bbox 606 1501 845 1554; x_wconf 87' lang='lat' dir='ltr'><strong>Cynthiam,</strong></span> <span class='ocrx_word' id='word_1_200' title='bbox 882 1502 932 1541; x_wconf 90' lang='lat' dir='ltr'><strong>ab</strong></span> <span class='ocrx_word' id='word_1_201' title='bbox 954 1502 1103 1541; x_wconf 86' lang='lat' dir='ltr'><strong>Ovidio</strong></span> <span class='ocrx_word' id='word_1_202' title='bbox 1125 1503 1258 1542; x_wconf 84' lang='lat' dir='ltr'>XXII.</span> <span class='ocrx_word' id='word_1_203' title='bbox 1280 1517 1407 1543; x_wconf 90' lang='lat' dir='ltr'><strong>annos</strong></span> <span class='ocrx_word' id='word_1_204' title='bbox 1425 1510 1523 1543; x_wconf 90' lang='lat' dir='ltr'><strong>nato</strong></span> <span class='ocrx_word' id='word_1_205' title='bbox 1547 1504 1695 1543; x_wconf 83' lang='lat' dir='ltr'><strong>Corin-</strong></span> 
     </span>
     <span class='ocr_line' id='line_1_22' title="bbox 157 1557 1703 1621; baseline 0.005 -26"><span class='ocrx_word' id='word_1_206' title='bbox 157 1570 276 1607; x_wconf 86' lang='lat' dir='ltr'><strong>nam,</strong></span> <span class='ocrx_word' id='word_1_207' title='bbox 307 1557 333 1596; x_wconf 89' lang='lat' dir='ltr'><strong>i.</strong></span> <span class='ocrx_word' id='word_1_208' title='bbox 360 1571 392 1597; x_wconf 92' lang='lat' dir='ltr'><strong>e.</strong></span> <span class='ocrx_word' id='word_1_209' title='bbox 414 1558 628 1611; x_wconf 86' lang='lat' dir='ltr'><strong>Cynaram.</strong></span> <span class='ocrx_word' id='word_1_210' title='bbox 658 1558 753 1614; x_wconf 75' lang='lat' dir='ltr'><strong>Sp.)</strong></span> <span class='ocrx_word' id='word_1_211' title='bbox 815 1560 942 1610; x_wconf 80' lang='lat' dir='ltr'><strong>Quod</strong></span> <span class='ocrx_word' id='word_1_212' title='bbox 963 1574 1057 1599; x_wconf 90' lang='lat' dir='ltr'><strong>cum</strong></span> <span class='ocrx_word' id='word_1_213' title='bbox 1079 1561 1179 1600; x_wconf 87' lang='lat' dir='ltr'><strong>ferri</strong></span> <span class='ocrx_word' id='word_1_214' title='bbox 1204 1562 1351 1615; x_wconf 62' lang='lat' dir='ltr'><strong>possin</strong></span> <span class='ocrx_word' id='word_1_215' title='bbox 1381 1562 1486 1602; x_wconf 85' lang='lat' dir='ltr'><strong>illud</strong></span> <span class='ocrx_word' id='word_1_216' title='bbox 1506 1563 1703 1621; x_wconf 60' lang='lat' dir='ltr'><strong>alterum,</strong></span> 
     </span>
     <span class='ocr_line' id='line_1_23' title="bbox 159 1615 1693 1671; baseline 0.007 -18"><span class='ocrx_word' id='word_1_217' title='bbox 159 1615 294 1668; x_wconf 90' lang='lat' dir='ltr'><strong>quod,</strong></span> <span class='ocrx_word' id='word_1_218' title='bbox 327 1615 377 1654; x_wconf 91' lang='lat' dir='ltr'><strong>de</strong></span> <span class='ocrx_word' id='word_1_219' title='bbox 401 1621 632 1669; x_wconf 90' lang='lat' dir='ltr'><strong>temporum</strong></span> <span class='ocrx_word' id='word_1_220' title='bbox 655 1619 815 1657; x_wconf 91' lang='lat' dir='ltr'><strong>ratione</strong></span> <span class='ocrx_word' id='word_1_221' title='bbox 835 1619 980 1670; x_wconf 85' lang='lat' dir='ltr'><strong>securi,</strong></span> <span class='ocrx_word' id='word_1_222' title='bbox 1011 1620 1267 1659; x_wconf 88' lang='lat' dir='ltr'><strong>contendunt</strong></span> <span class='ocrx_word' id='word_1_223' title='bbox 1291 1634 1342 1660; x_wconf 86' lang='lat' dir='ltr'><strong>ex</strong></span> <span class='ocrx_word' id='word_1_224' title='bbox 1363 1621 1503 1661; x_wconf 86' lang='lat' dir='ltr'><strong>Servio</strong></span> <span class='ocrx_word' id='word_1_225' title='bbox 1525 1621 1578 1660; x_wconf 86' lang='lat' dir='ltr'><strong>ad</strong></span> <span class='ocrx_word' id='word_1_226' title='bbox 1594 1635 1633 1661; x_wconf 89' lang='lat' dir='ltr'><strong>v.</strong></span> <span class='ocrx_word' id='word_1_227' title='bbox 1655 1625 1693 1671; x_wconf 90' lang='lat'><strong>1,</strong></span> 
     </span>
     <span class='ocr_line' id='line_1_24' title="bbox 159 1675 1692 1730; baseline 0.005 -18"><span class='ocrx_word' id='word_1_228' title='bbox 159 1687 247 1712; x_wconf 87' lang='lat' dir='ltr'><strong>eam</strong></span> <span class='ocrx_word' id='word_1_229' title='bbox 266 1680 484 1727; x_wconf 86' lang='lat' dir='ltr'><strong>propterea</strong></span> <span class='ocrx_word' id='word_1_230' title='bbox 509 1675 671 1715; x_wconf 90' lang='lat' dir='ltr'><strong>Gallum</strong></span> <span class='ocrx_word' id='word_1_231' title='bbox 693 1677 934 1728; x_wconf 87' lang='lat' dir='ltr'><strong>destituisse,</strong></span> <span class='ocrx_word' id='word_1_232' title='bbox 966 1678 1078 1730; x_wconf 88' lang='lat' dir='ltr'><strong>quod</strong></span> <span class='ocrx_word' id='word_1_233' title='bbox 1096 1677 1322 1718; x_wconf 89' lang='lat' dir='ltr'><strong>Antonium</strong></span> <span class='ocrx_word' id='word_1_234' title='bbox 1340 1679 1393 1718; x_wconf 93' lang='lat' dir='ltr'><strong>ad</strong></span> <span class='ocrx_word' id='word_1_235' title='bbox 1416 1680 1565 1718; x_wconf 87' lang='lat' dir='ltr'><strong>Gallias</strong></span> <span class='ocrx_word' id='word_1_236' title='bbox 1590 1693 1692 1719; x_wconf 90' lang='lat' dir='ltr'><strong>eun-</strong></span> 
     </span>
     <span class='ocr_line' id='line_1_25' title="bbox 157 1735 1694 1789; baseline 0.005 -19"><span class='ocrx_word' id='word_1_237' title='bbox 157 1738 242 1771; x_wconf 89' lang='lat' dir='ltr'><strong>tem</strong></span> <span class='ocrx_word' id='word_1_238' title='bbox 274 1739 447 1785; x_wconf 88' lang='lat' dir='ltr'><strong>sequuta</strong></span> <span class='ocrx_word' id='word_1_239' title='bbox 473 1741 597 1784; x_wconf 86' lang='lat' dir='ltr'><strong>esset,</strong></span> <span class='ocrx_word' id='word_1_240' title='bbox 640 1748 721 1786; x_wconf 88' lang='lat' dir='ltr'><strong>quo</strong></span> <span class='ocrx_word' id='word_1_241' title='bbox 752 1750 791 1775; x_wconf 90' lang='lat' dir='ltr'><strong>v.</strong></span> <span class='ocrx_word' id='word_1_242' title='bbox 818 1740 877 1778; x_wconf 91' lang='lat'><strong>22</strong></span> <span class='ocrx_word' id='word_1_243' title='bbox 910 1750 994 1787; x_wconf 89' lang='lat' dir='ltr'><strong>sqq.</strong></span> <span class='ocrx_word' id='word_1_244' title='bbox 1031 1735 1087 1778; x_wconf 89' lang='lat'><strong>46</strong></span> <span class='ocrx_word' id='word_1_245' title='bbox 1117 1751 1201 1789; x_wconf 86' lang='lat' dir='ltr'><strong>sqq.</strong></span> <span class='ocrx_word' id='word_1_246' title='bbox 1231 1738 1437 1788; x_wconf 86' lang='lat' dir='ltr'><strong>referunt,</strong></span> <span class='ocrx_word' id='word_1_247' title='bbox 1469 1738 1593 1777; x_wconf 90' lang='lat' dir='ltr'><strong>fidem</strong></span> <span class='ocrx_word' id='word_1_248' title='bbox 1609 1753 1694 1778; x_wconf 91' lang='lat' dir='ltr'><strong>non</strong></span> 
     </span>
     <span class='ocr_line' id='line_1_26' title="bbox 157 1790 1694 1847; baseline 0.005 -19"><span class='ocrx_word' id='word_1_249' title='bbox 157 1790 295 1829; x_wconf 88' lang='lat' dir='ltr'><strong>habet.</strong></span> <span class='ocrx_word' id='word_1_250' title='bbox 353 1791 456 1830; x_wconf 89' lang='lat' dir='ltr'><strong>Nam</strong></span> <span class='ocrx_word' id='word_1_251' title='bbox 472 1792 651 1844; x_wconf 87' lang='lat' dir='ltr'><strong>primum</strong></span> <span class='ocrx_word' id='word_1_252' title='bbox 671 1793 875 1833; x_wconf 91' lang='lat' dir='ltr'><strong>Antonius</strong></span> <span class='ocrx_word' id='word_1_253' title='bbox 903 1794 1166 1847; x_wconf 87' lang='lat' dir='ltr'><strong>Cytheridem</strong></span> <span class='ocrx_word' id='word_1_254' title='bbox 1193 1795 1274 1834; x_wconf 85' lang='lat' dir='ltr'><strong>iam</strong></span> <span class='ocrx_word' id='word_1_255' title='bbox 1303 1802 1397 1835; x_wconf 91' lang='lat' dir='ltr'><strong>ante</strong></span> <span class='ocrx_word' id='word_1_256' title='bbox 1417 1799 1501 1839; x_wconf 87' lang='grc'><strong>709</strong></span> <span class='ocrx_word' id='word_1_257' title='bbox 1529 1796 1694 1836; x_wconf 87' lang='lat' dir='ltr'><strong>dimise-</strong></span> 
     </span>
     <span class='ocr_line' id='line_1_27' title="bbox 157 1848 1693 1908; baseline 0.005 -21"><span class='ocrx_word' id='word_1_258' title='bbox 157 1855 244 1900; x_wconf 88' lang='lat' dir='ltr'><strong>rat3</strong></span> <span class='ocrx_word' id='word_1_259' title='bbox 276 1848 458 1902; x_wconf 88' lang='lat' dir='ltr'><strong>adeoque</strong></span> <span class='ocrx_word' id='word_1_260' title='bbox 477 1857 571 1890; x_wconf 88' lang='lat' dir='ltr'><strong>ante</strong></span> <span class='ocrx_word' id='word_1_261' title='bbox 589 1851 634 1890; x_wconf 89' lang='lat' dir='ltr'><strong>id</strong></span> <span class='ocrx_word' id='word_1_262' title='bbox 653 1858 827 1905; x_wconf 89' lang='lat' dir='ltr'><strong>tempus,</strong></span> <span class='ocrx_word' id='word_1_263' title='bbox 859 1866 940 1905; x_wconf 90' lang='lat' dir='ltr'><strong>quo</strong></span> <span class='ocrx_word' id='word_1_264' title='bbox 960 1852 1062 1891; x_wconf 89' lang='lat' dir='ltr'><strong>haec</strong></span> <span class='ocrx_word' id='word_1_265' title='bbox 1080 1859 1173 1906; x_wconf 91' lang='lat' dir='ltr'><strong>post</strong></span> <span class='ocrx_word' id='word_1_266' title='bbox 1188 1854 1366 1906; x_wconf 86' lang='lat' dir='ltr'><strong>reliquas</strong></span> <span class='ocrx_word' id='word_1_267' title='bbox 1386 1868 1525 1894; x_wconf 90' lang='lat' dir='ltr'><strong>omnes</strong></span> <span class='ocrx_word' id='word_1_268' title='bbox 1547 1856 1693 1908; x_wconf 88' lang='lat' dir='ltr'><strong>Ecloga</strong></span> 
     </span>
     <span class='ocr_line' id='line_1_28' title="bbox 157 1879 1692 1979; baseline 0.006 -34"><span class='ocrx_word' id='word_1_269' title='bbox 157 1879 281 1946; x_wconf 89' lang='lat' dir='ltr'><strong>scribi</strong></span> <span class='ocrx_word' id='word_1_270' title='bbox 309 1909 468 1960; x_wconf 76' lang='lat' dir='ltr'><strong>potuit,</strong></span> <span class='ocrx_word' id='word_1_271' title='bbox 500 1922 545 1947; x_wconf 91' lang='lat' dir='ltr'><strong>ea</strong></span> <span class='ocrx_word' id='word_1_272' title='bbox 572 1910 679 1948; x_wconf 91' lang='lat' dir='ltr'><strong>enim</strong></span> <span class='ocrx_word' id='word_1_273' title='bbox 705 1911 755 1949; x_wconf 89' lang='lat' dir='ltr'><strong>de</strong></span> <span class='ocrx_word' id='word_1_274' title='bbox 778 1924 823 1950; x_wconf 89' lang='lat' dir='ltr'><strong>re</strong></span> <span class='ocrx_word' id='word_1_275' title='bbox 853 1911 935 1950; x_wconf 91' lang='lat' dir='ltr'><strong>iam</strong></span> <span class='ocrx_word' id='word_1_276' title='bbox 957 1910 1161 1950; x_wconf 87' lang='lat' dir='ltr'><strong>Ciceronis</strong></span> <span class='ocrx_word' id='word_1_277' title='bbox 1194 1912 1366 1979; x_wconf 87' lang='lat' dir='ltr'><strong>Philipp.</strong></span> <span class='ocrx_word' id='word_1_278' title='bbox 1397 1914 1446 1963; x_wconf 88' lang='lat' dir='ltr'><strong>II,</strong></span> <span class='ocrx_word' id='word_1_279' title='bbox 1478 1916 1547 1964; x_wconf 89' lang='lat'><strong>28,</strong></span> <span class='ocrx_word' id='word_1_280' title='bbox 1573 1912 1616 1967; x_wconf 47' lang='grc' dir='ltr'><strong>ᾗ.</strong></span> <span class='ocrx_word' id='word_1_281' title='bbox 1636 1916 1692 1956; x_wconf 88' lang='grc'><strong>69</strong></span> 
     </span>
     <span class='ocr_line' id='line_1_29' title="bbox 156 1965 1693 2024; baseline 0.003 -18"><span class='ocrx_word' id='word_1_282' title='bbox 156 1965 270 2006; x_wconf 93' lang='grc'><strong>100113</strong></span> <span class='ocrx_word' id='word_1_283' title='bbox 288 1971 360 2006; x_wconf 89' lang='lat' dir='ltr'><strong>est.</strong></span> <span class='ocrx_word' id='word_1_284' title='bbox 420 1967 582 2006; x_wconf 90' lang='lat' dir='ltr'><strong>Decima</strong></span> <span class='ocrx_word' id='word_1_285' title='bbox 603 1975 740 2008; x_wconf 90' lang='lat' dir='ltr'><strong>autem</strong></span> <span class='ocrx_word' id='word_1_286' title='bbox 768 1969 868 2008; x_wconf 87' lang='lat' dir='ltr'><strong>haec</strong></span> <span class='ocrx_word' id='word_1_287' title='bbox 888 1970 1032 2023; x_wconf 86' lang='lat' dir='ltr'><strong>Ecloga</strong></span> <span class='ocrx_word' id='word_1_288' title='bbox 1056 1977 1149 2009; x_wconf 89' lang='lat' dir='ltr'><strong>ante</strong></span> <span class='ocrx_word' id='word_1_289' title='bbox 1168 1973 1254 2013; x_wconf 88' lang='lat'><strong>717</strong></span> <span class='ocrx_word' id='word_1_290' title='bbox 1270 1972 1346 2011; x_wconf 79' lang='lat' dir='ltr'><strong>vix</strong></span> <span class='ocrx_word' id='word_1_291' title='bbox 1363 1972 1516 2024; x_wconf 85' lang='lat' dir='ltr'><strong>scripta</strong></span> <span class='ocrx_word' id='word_1_292' title='bbox 1533 1979 1612 2022; x_wconf 90' lang='lat' dir='ltr'><strong>est,</strong></span> <span class='ocrx_word' id='word_1_293' title='bbox 1643 1978 1693 2011; x_wconf 92' lang='lat' dir='ltr'><strong>ut</strong></span> 
     </span>
     <span class='ocr_line' id='line_1_30' title="bbox 155 2003 1692 2083; baseline 0.005 -21"><span class='ocrx_word' id='word_1_294' title='bbox 155 2024 295 2078; x_wconf 79' lang='lat' dir='ltr'><strong>paullo</strong></span> <span class='ocrx_word' id='word_1_295' title='bbox 313 2030 406 2078; x_wconf 87' lang='lat' dir='ltr'><strong>post</strong></span> <span class='ocrx_word' id='word_1_296' title='bbox 428 2026 668 2067; x_wconf 80' lang='lat' dir='ltr'><strong>videbimus.</strong></span> <span class='ocrx_word' id='word_1_297' title='bbox 700 2028 879 2067; x_wconf 85' lang='lat' dir='ltr'><strong>&#39;Deinde</strong></span> <span class='ocrx_word' id='word_1_298' title='bbox 897 2042 996 2068; x_wconf 86' lang='lat' dir='ltr'><strong>vero</strong></span> <span class='ocrx_word' id='word_1_299' title='bbox 1017 2029 1064 2067; x_wconf 89' lang='lat' dir='ltr'><strong>iis</strong></span> <span class='ocrx_word' id='word_1_300' title='bbox 1085 2029 1223 2080; x_wconf 86' lang='lat' dir='ltr'><strong>annis,</strong></span> <span class='ocrx_word' id='word_1_301' title='bbox 1255 2030 1401 2082; x_wconf 88' lang='lat' dir='ltr'><strong>quibus</strong></span> <span class='ocrx_word' id='word_1_302' title='bbox 1425 2029 1527 2069; x_wconf 90' lang='lat' dir='ltr'><strong>haec</strong></span> <span class='ocrx_word' id='word_1_303' title='bbox 1545 2003 1692 2083; x_wconf 86' lang='grc' dir='ltr'><strong>Εο1083</strong></span> 
     </span>
     <span class='ocr_line' id='line_1_31' title="bbox 156 2082 1690 2139; baseline 0.004 -17"><span class='ocrx_word' id='word_1_304' title='bbox 156 2082 309 2137; x_wconf 83' lang='lat' dir='ltr'><strong>scripta</strong></span> <span class='ocrx_word' id='word_1_305' title='bbox 339 2097 422 2122; x_wconf 90' lang='lat' dir='ltr'><strong>esse</strong></span> <span class='ocrx_word' id='word_1_306' title='bbox 458 2090 618 2137; x_wconf 88' lang='lat' dir='ltr'><strong>potest,</strong></span> <span class='ocrx_word' id='word_1_307' title='bbox 668 2085 871 2126; x_wconf 91' lang='lat' dir='ltr'><strong>Antonius</strong></span> <span class='ocrx_word' id='word_1_308' title='bbox 911 2087 954 2125; x_wconf 90' lang='lat' dir='ltr'><strong>in</strong></span> <span class='ocrx_word' id='word_1_309' title='bbox 984 2087 1175 2138; x_wconf 77' lang='lat' dir='ltr'><strong>Oiiente,</strong></span> <span class='ocrx_word' id='word_1_310' title='bbox 1214 2102 1297 2127; x_wconf 88' lang='lat' dir='ltr'><strong>non</strong></span> <span class='ocrx_word' id='word_1_311' title='bbox 1330 2089 1373 2127; x_wconf 92' lang='lat' dir='ltr'><strong>in</strong></span> <span class='ocrx_word' id='word_1_312' title='bbox 1408 2089 1560 2139; x_wconf 88' lang='lat' dir='ltr'><strong>Gallia,</strong></span> <span class='ocrx_word' id='word_1_313' title='bbox 1600 2090 1690 2129; x_wconf 87' lang='lat' dir='ltr'><strong>fuit.</strong></span> 
     </span>
     <span class='ocr_line' id='line_1_32' title="bbox 157 2142 1691 2200; baseline 0.004 -19"><span class='ocrx_word' id='word_1_314' title='bbox 157 2142 274 2191; x_wconf 85' lang='lat' dir='ltr'><strong>Quae</strong></span> <span class='ocrx_word' id='word_1_315' title='bbox 303 2143 437 2180; x_wconf 92' lang='lat' dir='ltr'><strong>omnia</strong></span> <span class='ocrx_word' id='word_1_316' title='bbox 469 2143 587 2182; x_wconf 89' lang='lat' dir='ltr'><strong>docte</strong></span> <span class='ocrx_word' id='word_1_317' title='bbox 617 2144 913 2185; x_wconf 88' lang='lat' dir='ltr'><strong>demonstravit</strong></span> <span class='ocrx_word' id='word_1_318' title='bbox 939 2146 1103 2184; x_wconf 85' lang='lat' dir='ltr'><strong>Martin.</strong></span> <span class='ocrx_word' id='word_1_319' title='bbox 1138 2146 1191 2184; x_wconf 91' lang='lat' dir='ltr'><strong>ad</strong></span> <span class='ocrx_word' id='word_1_320' title='bbox 1218 2161 1258 2186; x_wconf 88' lang='lat' dir='ltr'><strong>v.</strong></span> <span class='ocrx_word' id='word_1_321' title='bbox 1287 2150 1355 2189; x_wconf 87' lang='lat'><strong>22.</strong></span> <span class='ocrx_word' id='word_1_322' title='bbox 1422 2148 1562 2200; x_wconf 89' lang='lat' dir='ltr'><strong>Neque</strong></span> <span class='ocrx_word' id='word_1_323' title='bbox 1592 2148 1691 2187; x_wconf 85' lang='lat' dir='ltr'><strong>ferri</strong></span> 
     </span>
     <span class='ocr_line' id='line_1_33' title="bbox 155 2200 1689 2262; baseline 0.005 -24"><span class='ocrx_word' id='word_1_324' title='bbox 155 2206 292 2254; x_wconf 89' lang='lat' dir='ltr'><strong>potest</strong></span> <span class='ocrx_word' id='word_1_325' title='bbox 323 2200 483 2240; x_wconf 83' lang='grc' dir='ltr'><strong>(10οῒ133.</strong></span> <span class='ocrx_word' id='word_1_326' title='bbox 473 2202 718 2261; x_wconf 79' lang='lat' dir='ltr'><strong>Morgagni</strong></span> <span class='ocrx_word' id='word_1_327' title='bbox 751 2202 917 2258; x_wconf 91' lang='lat' dir='ltr'><strong>(Opusc.</strong></span> <span class='ocrx_word' id='word_1_328' title='bbox 951 2205 1115 2243; x_wconf 90' lang='lat' dir='ltr'><strong>miscell.</strong></span> <span class='ocrx_word' id='word_1_329' title='bbox 1152 2205 1197 2243; x_wconf 93' lang='lat' dir='ltr'><strong>T.</strong></span> <span class='ocrx_word' id='word_1_330' title='bbox 1227 2205 1295 2255; x_wconf 89' lang='lat' dir='ltr'><strong>III,</strong></span> <span class='ocrx_word' id='word_1_331' title='bbox 1316 2206 1429 2259; x_wconf 89' lang='lat' dir='ltr'><strong>epist.</strong></span> <span class='ocrx_word' id='word_1_332' title='bbox 1449 2205 1590 2245; x_wconf 89' lang='lat' dir='ltr'><strong>Aemil.</strong></span> <span class='ocrx_word' id='word_1_333' title='bbox 1609 2205 1689 2262; x_wconf 87' lang='lat' dir='ltr'><strong>pr.)</strong></span> 
     </span>
     <span class='ocr_line' id='line_1_34' title="bbox 156 2254 1691 2315; baseline 0.004 -17"><span class='ocrx_word' id='word_1_334' title='bbox 156 2259 375 2310; x_wconf 84' lang='lat' dir='ltr'><strong>sententia,</strong></span> <span class='ocrx_word' id='word_1_335' title='bbox 407 2254 498 2312; x_wconf 89' lang='lat' dir='ltr'><strong>qui,</strong></span> <span class='ocrx_word' id='word_1_336' title='bbox 531 2275 623 2300; x_wconf 82' lang='lat' dir='ltr'><strong>cum</strong></span> <span class='ocrx_word' id='word_1_337' title='bbox 649 2263 837 2301; x_wconf 84' lang='lat' dir='ltr'><strong>Servium</strong></span> <span class='ocrx_word' id='word_1_338' title='bbox 867 2263 1086 2315; x_wconf 86' lang='lat' dir='ltr'><strong>amplecter</strong></span> <span class='ocrx_word' id='word_1_339' title='bbox 1089 2269 1202 2314; x_wconf 90' lang='lat' dir='ltr'><strong>etur,</strong></span> <span class='ocrx_word' id='word_1_340' title='bbox 1235 2270 1276 2302; x_wconf 90' lang='lat' dir='ltr'><strong>et</strong></span> <span class='ocrx_word' id='word_1_341' title='bbox 1296 2263 1492 2304; x_wconf 83' lang='lat' dir='ltr'><strong>Antonii&#39;</strong></span> <span class='ocrx_word' id='word_1_342' title='bbox 1481 2279 1525 2303; x_wconf 86' lang='grc'><strong>111</strong></span> <span class='ocrx_word' id='word_1_343' title='bbox 1542 2265 1691 2304; x_wconf 90' lang='lat' dir='ltr'><strong>Gallias</strong></span> 
     </span>
     <span class='ocr_line' id='line_1_35' title="bbox 154 2317 1691 2376; baseline 0.005 -21"><span class='ocrx_word' id='word_1_344' title='bbox 154 2317 449 2371; x_wconf 85' lang='lat' dir='ltr'><strong>profectionem</strong></span> <span class='ocrx_word' id='word_1_345' title='bbox 484 2320 660 2371; x_wconf 85' lang='lat' dir='ltr'><strong>aliquam</strong></span> <span class='ocrx_word' id='word_1_346' title='bbox 687 2319 1035 2374; x_wconf 86' lang='lat' dir='ltr'><strong>circumspiceret,</strong></span> <span class='ocrx_word' id='word_1_347' title='bbox 1075 2322 1187 2360; x_wconf 87' lang='lat' dir='ltr'><strong>illam</strong></span> <span class='ocrx_word' id='word_1_348' title='bbox 1211 2323 1405 2376; x_wconf 84' lang='lat' dir='ltr'><strong>arripuit,</strong></span> <span class='ocrx_word' id='word_1_349' title='bbox 1438 2337 1532 2362; x_wconf 88' lang='lat' dir='ltr'><strong>cum</strong></span> <span class='ocrx_word' id='word_1_350' title='bbox 1550 2323 1691 2372; x_wconf 88' lang='lat' dir='ltr'><strong>Quae-</strong></span> 
     </span>
     <span class='ocr_line' id='line_1_36' title="bbox 155 2377 1690 2433; baseline 0.005 -19"><span class='ocrx_word' id='word_1_351' title='bbox 155 2383 314 2415; x_wconf 89' lang='lat' dir='ltr'><strong>sturam</strong></span> <span class='ocrx_word' id='word_1_352' title='bbox 342 2377 496 2415; x_wconf 87' lang='lat' dir='ltr'><strong>Romae</strong></span> <span class='ocrx_word' id='word_1_353' title='bbox 520 2379 723 2431; x_wconf 89' lang='lat' dir='ltr'><strong>petiisset,</strong></span> <span class='ocrx_word' id='word_1_354' title='bbox 766 2386 806 2418; x_wconf 91' lang='lat' dir='ltr'><strong>et</strong></span> <span class='ocrx_word' id='word_1_355' title='bbox 833 2379 929 2418; x_wconf 91' lang='lat' dir='ltr'><strong>inde</strong></span> <span class='ocrx_word' id='word_1_356' title='bbox 952 2380 1005 2419; x_wconf 90' lang='lat' dir='ltr'><strong>ad</strong></span> <span class='ocrx_word' id='word_1_357' title='bbox 1025 2380 1257 2431; x_wconf 89' lang='lat' dir='ltr'><strong>Caesarem,</strong></span> <span class='ocrx_word' id='word_1_358' title='bbox 1294 2382 1363 2433; x_wconf 85' lang='lat' dir='ltr'><strong>qui</strong></span> <span class='ocrx_word' id='word_1_359' title='bbox 1382 2388 1473 2421; x_wconf 91' lang='lat' dir='ltr'><strong>tum</strong></span> <span class='ocrx_word' id='word_1_360' title='bbox 1489 2382 1532 2420; x_wconf 90' lang='lat' dir='ltr'><strong>in</strong></span> <span class='ocrx_word' id='word_1_361' title='bbox 1550 2382 1690 2421; x_wconf 89' lang='lat' dir='ltr'><strong>Galliis</strong></span> 
     </span>
     <span class='ocr_line' id='line_1_37' title="bbox 153 2435 1689 2492; baseline 0.003 -18"><span class='ocrx_word' id='word_1_362' title='bbox 153 2435 307 2474; x_wconf 87' lang='lat' dir='ltr'><strong>bellum</strong></span> <span class='ocrx_word' id='word_1_363' title='bbox 340 2436 528 2487; x_wconf 84' lang='lat' dir='ltr'><strong>gerebat,</strong></span> <span class='ocrx_word' id='word_1_364' title='bbox 566 2437 750 2488; x_wconf 83' lang='lat' dir='ltr'><strong>rediret,</strong></span> <span class='ocrx_word' id='word_1_365' title='bbox 793 2451 895 2490; x_wconf 91' lang='lat' dir='ltr'><strong>quae</strong></span> <span class='ocrx_word' id='word_1_366' title='bbox 924 2452 988 2477; x_wconf 90' lang='lat' dir='ltr'><strong>res</strong></span> <span class='ocrx_word' id='word_1_367' title='bbox 1025 2438 1078 2476; x_wconf 86' lang='lat' dir='ltr'><strong>ad</strong></span> <span class='ocrx_word' id='word_1_368' title='bbox 1109 2453 1262 2478; x_wconf 88' lang='lat' dir='ltr'><strong>annum</strong></span> <span class='ocrx_word' id='word_1_369' title='bbox 1283 2442 1368 2482; x_wconf 89' lang='lat'><strong>702</strong></span> <span class='ocrx_word' id='word_1_370' title='bbox 1388 2440 1579 2492; x_wconf 90' lang='lat' dir='ltr'><strong>Pompeio</strong></span> <span class='ocrx_word' id='word_1_371' title='bbox 1601 2441 1689 2479; x_wconf 93' lang='lat' dir='ltr'><strong>Cos.</strong></span> 
     </span>
     <span class='ocr_line' id='line_1_38' title="bbox 154 2493 1690 2550; baseline 0.004 -19"><span class='ocrx_word' id='word_1_372' title='bbox 154 2493 241 2532; x_wconf 91' lang='lat' dir='ltr'><strong>sine</strong></span> <span class='ocrx_word' id='word_1_373' title='bbox 262 2494 420 2546; x_wconf 88' lang='lat' dir='ltr'><strong>Collega</strong></span> <span class='ocrx_word' id='word_1_374' title='bbox 439 2495 653 2534; x_wconf 85' lang='lat' dir='ltr'><strong>reserenda</strong></span> <span class='ocrx_word' id='word_1_375' title='bbox 672 2502 773 2535; x_wconf 91' lang='lat' dir='ltr'><strong>esset</strong></span> <span class='ocrx_word' id='word_1_376' title='bbox 781 2511 792 2546; x_wconf 91' lang='lat'>3</span> <span class='ocrx_word' id='word_1_377' title='bbox 823 2496 936 2548; x_wconf 91' lang='lat' dir='ltr'><strong>quod</strong></span> <span class='ocrx_word' id='word_1_378' title='bbox 958 2496 1047 2535; x_wconf 89' lang='lat' dir='ltr'><strong>fieri</strong></span> <span class='ocrx_word' id='word_1_379' title='bbox 1067 2510 1150 2535; x_wconf 90' lang='lat' dir='ltr'><strong>non</strong></span> <span class='ocrx_word' id='word_1_380' title='bbox 1175 2503 1331 2550; x_wconf 85' lang='lat' dir='ltr'><strong>potest,</strong></span> <span class='ocrx_word' id='word_1_381' title='bbox 1372 2498 1406 2536; x_wconf 91' lang='lat' dir='ltr'><strong>si</strong></span> <span class='ocrx_word' id='word_1_382' title='bbox 1425 2499 1572 2550; x_wconf 88' lang='lat' dir='ltr'><strong>Ecloga</strong></span> <span class='ocrx_word' id='word_1_383' title='bbox 1589 2498 1690 2537; x_wconf 87' lang='lat' dir='ltr'><strong>haec</strong></span> 
     </span>
     <span class='ocr_line' id='line_1_39' title="bbox 153 2552 1688 2607; baseline 0.003 -16"><span class='ocrx_word' id='word_1_384' title='bbox 153 2552 299 2591; x_wconf 81' lang='lat' dir='ltr'><strong>ultimo</strong></span> <span class='ocrx_word' id='word_1_385' title='bbox 328 2552 418 2592; x_wconf 90' lang='grc'><strong>1000</strong></span> <span class='ocrx_word' id='word_1_386' title='bbox 447 2553 599 2606; x_wconf 87' lang='lat' dir='ltr'><strong>scripta</strong></span> <span class='ocrx_word' id='word_1_387' title='bbox 629 2561 708 2605; x_wconf 85' lang='lat' dir='ltr'><strong>est,</strong></span> <span class='ocrx_word' id='word_1_388' title='bbox 747 2561 796 2593; x_wconf 88' lang='lat' dir='ltr'><strong>ut</strong></span> <span class='ocrx_word' id='word_1_389' title='bbox 825 2568 967 2593; x_wconf 87' lang='lat' dir='ltr'><strong>versus</strong></span> <span class='ocrx_word' id='word_1_390' title='bbox 995 2554 1151 2607; x_wconf 87' lang='lat' dir='ltr'><strong>primus</strong></span> <span class='ocrx_word' id='word_1_391' title='bbox 1171 2555 1361 2595; x_wconf 86' lang='lat' dir='ltr'><strong>declarat.</strong></span> <span class='ocrx_word' id='word_1_392' title='bbox 1421 2557 1688 2607; x_wconf 84' lang='lat' dir='ltr'><strong>Fontaninus,</strong></span> 
     </span>
     <span class='ocr_line' id='line_1_40' title="bbox 152 2611 1689 2667; baseline 0.001 -15"><span class='ocrx_word' id='word_1_393' title='bbox 152 2611 220 2652; x_wconf 81' lang='lat' dir='ltr'><strong>vir</strong></span> <span class='ocrx_word' id='word_1_394' title='bbox 248 2612 367 2663; x_wconf 83' lang='lat' dir='ltr'><strong>longe</strong></span> <span class='ocrx_word' id='word_1_395' title='bbox 395 2611 675 2662; x_wconf 85' lang='lat' dir='ltr'><strong>doctissimus,</strong></span> <span class='ocrx_word' id='word_1_396' title='bbox 715 2613 757 2652; x_wconf 90' lang='lat' dir='ltr'><strong>in</strong></span> <span class='ocrx_word' id='word_1_397' title='bbox 786 2613 890 2651; x_wconf 89' lang='lat' dir='ltr'><strong>Hist.</strong></span> <span class='ocrx_word' id='word_1_398' title='bbox 910 2613 990 2651; x_wconf 88' lang='lat' dir='ltr'><strong>litt.</strong></span> <span class='ocrx_word' id='word_1_399' title='bbox 1010 2612 1179 2664; x_wconf 87' lang='lat' dir='ltr'><strong>Aquilei.</strong></span> <span class='ocrx_word' id='word_1_400' title='bbox 1202 2627 1241 2666; x_wconf 90' lang='lat' dir='ltr'><strong>p.</strong></span> <span class='ocrx_word' id='word_1_401' title='bbox 1262 2616 1318 2655; x_wconf 88' lang='grc'><strong>28</strong></span> <span class='ocrx_word' id='word_1_402' title='bbox 1338 2615 1388 2652; x_wconf 87' lang='grc'><strong>(10</strong></span> <span class='ocrx_word' id='word_1_403' title='bbox 1405 2615 1499 2667; x_wconf 86' lang='lat' dir='ltr'><strong>fuga</strong></span> <span class='ocrx_word' id='word_1_404' title='bbox 1520 2614 1689 2654; x_wconf 87' lang='lat' dir='ltr'><strong>Antonii</strong></span> 
     </span>
     <span class='ocr_line' id='line_1_41' title="bbox 152 2670 1688 2723; baseline 0.001 -13"><span class='ocrx_word' id='word_1_405' title='bbox 152 2670 362 2723; x_wconf 84' lang='lat' dir='ltr'><strong>intelligit,</strong></span> <span class='ocrx_word' id='word_1_406' title='bbox 394 2683 488 2708; x_wconf 90' lang='lat' dir='ltr'><strong>cum</strong></span> <span class='ocrx_word' id='word_1_407' title='bbox 516 2670 569 2708; x_wconf 88' lang='lat' dir='ltr'><strong>ad</strong></span> <span class='ocrx_word' id='word_1_408' title='bbox 597 2671 795 2709; x_wconf 85' lang='lat' dir='ltr'><strong>Mutinam</strong></span> <span class='ocrx_word' id='word_1_409' title='bbox 833 2673 914 2712; x_wconf 84' lang='lat'><strong>711</strong></span> <span class='ocrx_word' id='word_1_410' title='bbox 950 2670 1085 2710; x_wconf 90' lang='lat' dir='ltr'><strong>victus</strong></span> <span class='ocrx_word' id='word_1_411' title='bbox 1115 2671 1161 2709; x_wconf 89' lang='lat' dir='ltr'><strong>in</strong></span> <span class='ocrx_word' id='word_1_412' title='bbox 1199 2672 1370 2711; x_wconf 88' lang='lat' dir='ltr'><strong>Galliam</strong></span> <span class='ocrx_word' id='word_1_413' title='bbox 1390 2673 1626 2712; x_wconf 84' lang='lat' dir='ltr'><strong>ulteriorem</strong></span> <span class='ocrx_word' id='word_1_414' title='bbox 1647 2687 1688 2712; x_wconf 90' lang='lat' dir='ltr'><strong>se</strong></span> 
     </span>
     <span class='ocr_line' id='line_1_42' title="bbox 152 2727 1688 2783; baseline 0.001 -14"><span class='ocrx_word' id='word_1_415' title='bbox 152 2729 373 2783; x_wconf 86' lang='lat' dir='ltr'><strong>reciperet,</strong></span> <span class='ocrx_word' id='word_1_416' title='bbox 414 2734 455 2766; x_wconf 92' lang='lat' dir='ltr'><strong>et</strong></span> <span class='ocrx_word' id='word_1_417' title='bbox 475 2728 529 2767; x_wconf 93' lang='lat' dir='ltr'><strong>M.</strong></span> <span class='ocrx_word' id='word_1_418' title='bbox 557 2727 773 2767; x_wconf 88' lang='lat' dir='ltr'><strong>Aemilium</strong></span> <span class='ocrx_word' id='word_1_419' title='bbox 800 2729 998 2780; x_wconf 87' lang='lat' dir='ltr'><strong>Lepidum</strong></span> <span class='ocrx_word' id='word_1_420' title='bbox 1024 2729 1098 2767; x_wconf 88' lang='lat' dir='ltr'><strong>sibi</strong></span> <span class='ocrx_word' id='word_1_421' title='bbox 1120 2729 1315 2781; x_wconf 87' lang='lat' dir='ltr'><strong>iungeret.</strong></span> <span class='ocrx_word' id='word_1_422' title='bbox 1376 2731 1455 2770; x_wconf 89' lang='lat' dir='ltr'><strong>Sed</strong></span> <span class='ocrx_word' id='word_1_423' title='bbox 1475 2738 1523 2771; x_wconf 89' lang='lat' dir='ltr'><strong>ut</strong></span> <span class='ocrx_word' id='word_1_424' title='bbox 1542 2732 1619 2771; x_wconf 85' lang='lat' dir='ltr'><strong>alia</strong></span> <span class='ocrx_word' id='word_1_425' title='bbox 1636 2746 1688 2771; x_wconf 89' lang='lat' dir='ltr'><strong>ne</strong></span> 
     </span>
     <span class='ocr_line' id='line_1_43' title="bbox 152 2786 1687 2841; baseline 0.001 -14"><span class='ocrx_word' id='word_1_426' title='bbox 152 2801 393 2836; x_wconf 87' lang='lat' dir='ltr'><strong>memorem,</strong></span> <span class='ocrx_word' id='word_1_427' title='bbox 425 2800 556 2838; x_wconf 89' lang='lat' dir='ltr'><strong>neque</strong></span> <span class='ocrx_word' id='word_1_428' title='bbox 587 2793 677 2826; x_wconf 91' lang='lat' dir='ltr'><strong>tum</strong></span> <span class='ocrx_word' id='word_1_429' title='bbox 709 2787 932 2839; x_wconf 89' lang='lat' dir='ltr'><strong>quidquam</strong></span> <span class='ocrx_word' id='word_1_430' title='bbox 964 2787 1017 2825; x_wconf 90' lang='lat' dir='ltr'><strong>ad</strong></span> <span class='ocrx_word' id='word_1_431' title='bbox 1042 2786 1232 2825; x_wconf 85' lang='lat' dir='ltr'><strong>Rhenum</strong></span> <span class='ocrx_word' id='word_1_432' title='bbox 1252 2795 1428 2841; x_wconf 86' lang='lat' dir='ltr'><strong>gestum,</strong></span> <span class='ocrx_word' id='word_1_433' title='bbox 1459 2803 1579 2841; x_wconf 88' lang='lat' dir='ltr'><strong>quem</strong></span> <span class='ocrx_word' id='word_1_434' title='bbox 1598 2803 1687 2829; x_wconf 91' lang='lat' dir='ltr'><strong>me-</strong></span> 
     </span>
     <span class='ocr_line' id='line_1_44' title="bbox 152 2845 1686 2900; baseline 0 -14"><span class='ocrx_word' id='word_1_435' title='bbox 152 2852 289 2886; x_wconf 89' lang='lat' dir='ltr'><strong>morat</strong></span> <span class='ocrx_word' id='word_1_436' title='bbox 318 2850 440 2900; x_wconf 86' lang='lat' dir='ltr'><strong>poeta</strong></span> <span class='ocrx_word' id='word_1_437' title='bbox 470 2859 510 2884; x_wconf 88' lang='lat' dir='ltr'><strong>v.</strong></span> <span class='ocrx_word' id='word_1_438' title='bbox 538 2845 607 2888; x_wconf 84' lang='lat'><strong>45.</strong></span> <span class='ocrx_word' id='word_1_439' title='bbox 668 2846 884 2883; x_wconf 88' lang='lat' dir='ltr'><strong>Enimvero</strong></span> <span class='ocrx_word' id='word_1_440' title='bbox 916 2859 1000 2883; x_wconf 92' lang='lat' dir='ltr'><strong>non</strong></span> <span class='ocrx_word' id='word_1_441' title='bbox 1031 2845 1107 2883; x_wconf 83' lang='lat' dir='ltr'><strong>nisi</strong></span> <span class='ocrx_word' id='word_1_442' title='bbox 1135 2860 1242 2885; x_wconf 88' lang='lat' dir='ltr'><strong>anno</strong></span> <span class='ocrx_word' id='word_1_443' title='bbox 1272 2848 1421 2889; x_wconf 87' lang='lat' dir='ltr'><strong>717U.</strong></span> <span class='ocrx_word' id='word_1_444' title='bbox 1444 2849 1485 2887; x_wconf 92' lang='lat' dir='ltr'><strong>C.</strong></span> <span class='ocrx_word' id='word_1_445' title='bbox 1506 2849 1686 2899; x_wconf 86' lang='lat' dir='ltr'><strong>ineunte,</strong></span> 
     </span>
     <span class='ocr_line' id='line_1_45' title="bbox 152 2902 1687 2970; baseline 0.001 -26"><span class='ocrx_word' id='word_1_446' title='bbox 152 2905 208 2946; x_wconf 93' lang='lat' dir='ltr'><strong>M.</strong></span> <span class='ocrx_word' id='word_1_447' title='bbox 231 2904 428 2970; x_wconf 87' lang='lat' dir='ltr'><strong>Agrippa,</strong></span> <span class='ocrx_word' id='word_1_448' title='bbox 460 2902 503 2942; x_wconf 91' lang='lat' dir='ltr'><strong>L.</strong></span> <span class='ocrx_word' id='word_1_449' title='bbox 527 2902 698 2942; x_wconf 90' lang='lat' dir='ltr'><strong>Caninio</strong></span> <span class='ocrx_word' id='word_1_450' title='bbox 716 2903 831 2941; x_wconf 89' lang='lat' dir='ltr'><strong>Gallo</strong></span> <span class='ocrx_word' id='word_1_451' title='bbox 849 2903 970 2953; x_wconf 65' lang='lat' dir='ltr'><strong>Coss„</strong></span> <span class='ocrx_word' id='word_1_452' title='bbox 991 2903 1040 2941; x_wconf 90' lang='lat' dir='ltr'><strong>ab</strong></span> <span class='ocrx_word' id='word_1_453' title='bbox 1060 2902 1241 2956; x_wconf 84' lang='lat' dir='ltr'><strong>Agrippa</strong></span> <span class='ocrx_word' id='word_1_454' title='bbox 1265 2905 1351 2945; x_wconf 93' lang='lat' dir='ltr'><strong>Cos.</strong></span> <span class='ocrx_word' id='word_1_455' title='bbox 1375 2906 1579 2946; x_wconf 85' lang='lat' dir='ltr'><strong>exercitus</strong></span> <span class='ocrx_word' id='word_1_456' title='bbox 1598 2908 1687 2957; x_wconf 84' lang='lat' dir='ltr'><strong>Ro-</strong></span> 
     </span>
     <span class='ocr_line' id='line_1_46' title="bbox 153 2960 1685 3015; baseline 0.001 -11"><span class='ocrx_word' id='word_1_457' title='bbox 153 2978 298 3004; x_wconf 89' lang='lat' dir='ltr'><strong>manus</strong></span> <span class='ocrx_word' id='word_1_458' title='bbox 329 2963 373 3001; x_wconf 91' lang='lat' dir='ltr'><strong>in</strong></span> <span class='ocrx_word' id='word_1_459' title='bbox 402 2961 552 3000; x_wconf 86' lang='lat' dir='ltr'><strong>Gallias</strong></span> <span class='ocrx_word' id='word_1_460' title='bbox 583 2961 731 3000; x_wconf 82' lang='lat' dir='ltr'><strong>ductus</strong></span> <span class='ocrx_word' id='word_1_461' title='bbox 757 2960 947 3000; x_wconf 90' lang='lat' dir='ltr'><strong>Rhenum</strong></span> <span class='ocrx_word' id='word_1_462' title='bbox 972 2962 1148 3001; x_wconf 86' lang='lat' dir='ltr'><strong>transiit.</strong></span> <span class='ocrx_word' id='word_1_463' title='bbox 1174 2975 1213 3001; x_wconf 89' lang='lat' dir='ltr'><strong>v.</strong></span> <span class='ocrx_word' id='word_1_464' title='bbox 1246 2963 1319 3003; x_wconf 88' lang='lat' dir='ltr'><strong>Dio</strong></span> <span class='ocrx_word' id='word_1_465' title='bbox 1345 2964 1520 3015; x_wconf 83' lang='lat' dir='ltr'><strong>XLVIII,</strong></span> <span class='ocrx_word' id='word_1_466' title='bbox 1556 2979 1590 3004; x_wconf 88' lang='lat' dir='ltr'><strong>c.</strong></span> <span class='ocrx_word' id='word_1_467' title='bbox 1616 2963 1685 3008; x_wconf 87' lang='lat'><strong>49.</strong></span> 
     </span>
    </p>
   </div>
   <div class='ocr_carea' id='block_1_7' title="bbox 156 3014 1685 3075">
    <p class='ocr_par' dir='ltr' id='par_1_7' title="bbox 156 3014 1685 3075">
     <span class='ocr_line' id='line_1_47' title="bbox 156 3014 1685 3075; baseline -0.001 -12"><span class='ocrx_word' id='word_1_468' title='bbox 156 3024 259 3063; x_wconf 87' lang='lat' dir='ltr'><strong>conf.</strong></span> <span class='ocrx_word' id='word_1_469' title='bbox 289 3020 453 3061; x_wconf 82' lang='lat' dir='ltr'><strong>Martin.</strong></span> <span class='ocrx_word' id='word_1_470' title='bbox 485 3019 538 3059; x_wconf 83' lang='lat' dir='ltr'><strong>ad</strong></span> <span class='ocrx_word' id='word_1_471' title='bbox 565 3018 673 3059; x_wconf 88' lang='lat' dir='ltr'><strong>hanc</strong></span> <span class='ocrx_word' id='word_1_472' title='bbox 699 3014 831 3072; x_wconf 90' lang='grc' dir='ltr'><strong>Εο108</strong></span> <span class='ocrx_word' id='word_1_473' title='bbox 869 3025 910 3058; x_wconf 85' lang='lat' dir='ltr'><strong>et</strong></span> <span class='ocrx_word' id='word_1_474' title='bbox 938 3019 1034 3059; x_wconf 90' lang='lat' dir='ltr'><strong>Vita</strong></span> <span class='ocrx_word' id='word_1_475' title='bbox 1063 3020 1172 3073; x_wconf 85' lang='lat' dir='ltr'><strong>Virg.</strong></span> <span class='ocrx_word' id='word_1_476' title='bbox 1203 3020 1254 3061; x_wconf 87' lang='lat' dir='ltr'><strong>ad</strong></span> <span class='ocrx_word' id='word_1_477' title='bbox 1282 3037 1317 3061; x_wconf 85' lang='lat' dir='ltr'><strong>a.</strong></span> <span class='ocrx_word' id='word_1_478' title='bbox 1348 3025 1454 3074; x_wconf 80' lang='lat'><strong>7175</strong></span> <span class='ocrx_word' id='word_1_479' title='bbox 1493 3036 1586 3062; x_wconf 90' lang='lat' dir='ltr'><strong>cum</strong></span> <span class='ocrx_word' id='word_1_480' title='bbox 1604 3036 1685 3075; x_wconf 89' lang='lat' dir='ltr'><strong>quo</strong></span> 
     </span>
    </p>
   </div>
  </div>
 </body>
</html>
