1768 3320
382 291 394 294 -
438 238 757 292 PER-ARN
760 230 851 291 OS
886 241 1193 299 DIGESTA
1493 265 1590 301 cxv

54 384 248 425 agrorum
272 369 591 410 dividendorum
612 383 763 410 curam
795 369 956 411 habere.
1027 372 1215 412 Ceterum
1247 374 1387 426 vides,
1432 392 1591 420 omnem

52 431 165 471 illam
189 428 419 479 licentiam,
449 442 572 481 quam
591 442 667 468 nos
687 429 887 481 superiori
910 430 1016 470 bello
1048 431 1295 484 septennali,
1325 446 1435 474 novo
1455 437 1590 489 aliquo

52 489 228 530 militum
246 487 469 537 acumine,
483 487 538 526 ad
557 486 843 540 despoliandos
860 487 1046 528 homines
1065 490 1311 529 increbuisse
1332 494 1590 546 putabamus,

0 558 10 599 ζ
51 548 134 588 iim
150 553 243 586 tum
265 548 564 598 frequentatam
584 546 731 597 fuisse;
760 546 961 587 bellorum
981 555 1118 588 autem
1137 548 1317 588 civilium
1344 551 1591 593 calamitates

0 677 13 701 4

0 725 13 769 1*-

0 775 11 820 Ι

17 613 97 647 et
120 605 307 646 militaris
330 604 518 644 licentiae
543 604 724 644 ludibria
753 612 795 644 et
819 605 980 645 furores
999 605 1081 646 hoc
1097 620 1178 659 quo
1198 607 1375 647 vivimus
1393 615 1590 663 tempore,

51 671 260 718 tamquam
288 677 399 703 novo
426 663 613 716 exemplo
635 669 729 702 ante
746 663 886 703 oculos
915 665 1070 704 versari
1091 666 1268 705 vidimus
1285 673 1328 705 et
1347 668 1591 710 audivimus.

166 722 381 776 Virgilium
410 721 581 769 Romam
605 721 900 771 discedentem,
942 737 1037 763 nam
1072 724 1204 776 ipsum
1236 725 1407 764 Romam
1433 727 1590 779 adiisse,

50 795 107 822 ex
130 781 199 832 113,
242 793 347 834 quae
374 780 545 833 Tityrus
572 780 623 819 de
653 793 695 818 se
720 786 864 820 narrat
888 781 969 821 Ecl.
990 782 1020 832 Ι,
1038 785 1095 824 20
1112 796 1198 835 sqq.
1189 813 1212 833 .,
1234 784 1511 836 contendunt,
1542 793 1591 826 ut

0 841 15 894 ·’-
50 854 170 894 agros
199 845 480 894 recuperaret,
512 838 741 879 Octaviano
765 839 925 878 Caesari
956 813 1287 880 coinmendatum
1315 855 1421 894 esse,
1452 858 1591 884 omnes

51 901 135 939 fere
149 898 349 949 ‘tradunt5
378 897 450 936 sed
474 898 541 936 alii
566 898 616 936 ab
633 897 771 937 Asinio
786 898 979 947 Pollione,
1010 899 1096 939 vid.
1117 901 1230 940 Serv.
1249 900 1303 939 ad
1321 901 1498 953 Ec1.1x‚
1523 907 1590 945 11.

0 962 3 971 '
50 959 199 998 Donat.
219 957 300 998 vit.
316 956 428 1009 Virg.
456 954 500 1009 5.
525 959 593 1007 36,
615 956 684 995 3111
704 956 755 995 ab
772 956 918 996 Alfeno
937 956 1067 1008 Varo,
1099 958 1167 997 alii
1184 972 1208 997 a
1228 958 1365 1010 Gallo,
1396 967 1446 999 ut
1465 961 1590 1001 modo

0 1045 13 1076 f}
50 1016 254 1067 vidimus,
285 1016 334 1055 cs.
356 1015 503 1054 Donat.
532 1013 575 1068 5.
597 1017 666 1057 30.
686 1017 758 1065 96,
780 1015 848 1055 3111
873 1029 966 1054 cum
981 1015 1168 1056 Martiale
1187 1009 1290 1067 Vm,
1309 1019 1380 1069 56,
1399 1025 1441 1058 et
1457 1020 1589 1059 multo

2 1085 11 1092 ·’
50 1076 179 1128 magis
209 1088 302 1114 cum
334 1079 501 1114 auctore
534 1073 734 1112 Carminis
762 1073 816 1113 ad
842 1073 1028 1113 Pisonem
1053 1088 1094 1114 v.
1124 1078 1212 1118 218
1234 1089 1320 1128 sqq.
1382 1075 1497 1131 (Ipse
1511 1093 1592 1130 per

50 1132 261 1175 Ausonias
289 1133 449 1172 Aeneia
480 1134 666 1170 earmina
692 1140 836 1184 gentes
869 1133 954 1184 Qui
978 1142 1119 1182 sonat,
1161 1136 1320 1186 ingenti
1340 1138 1414 1188 qui
1429 1139 1590 1175 nomine

1 1188 9 1231 J
48 1193 193 1246 pulsat
225 1191 474 1244 Olympum,
530 1192 855 1244 Maeoniumque
896 1206 1033 1229 senem
1063 1193 1256 1231 Romano
1277 1203 1480 1244 provocat
1506 1210 1586 1244 ore,

0 1290 3 1292 .
51 1252 245 1291 I‘omitan
261 1250 374 1288 illius
399 1250 571 1288 nemoris
601 1249 786 1287 latui-sset
814 1252 858 1288 in
879 1249 1042 1300 umbra,
1087 1250 1212 1302 Quod
1238 1253 1375 1302 canit,
1408 1261 1447 1291 et
1464 1254 1592 1292 sterili

52 1317 212 1348 tantum
243 1316 446 1346 cantasset
474 1322 529 1345 αι
531 1321 609 1346 ena
631 1308 805 1359 Ignotus
827 1309 1026 1359 populis:
1068 1310 1107 1346 si
1131 1311 1376 1348 Maecenate
1394 1321 1543 1350 careret
1551 1310 1587 1366 ;)

52 1382 78 1407 a
93 1367 326 1406 Maecenate
347 1365 389 1404 id
410 1366 563 1404 sactum
580 1378 664 1403 esse
681 1371 923 1404 memorant.
983 1366 1164 1416 Scilicet,
1195 1373 1244 1406 ut
1261 1367 1343 1406 iam
1362 1369 1503 1408 Ruaeo
1522 1370 1588 1409 vi-

51 1441 142 1467 sum
166 1431 249 1475 est,
280 1438 375 1464 cum
400 1423 573 1463 Pollioni
602 1424 781 1476 primum
805 1430 929 1476 poeta
957 1423 1223 1475 innotuisset,
1255 1425 1305 1464 ab
1332 1424 1412 1465 11οο
1426 1427 1589 1466 Maeee-

7 1527 11 1531 ,
50 1485 135 1526 nati
160 1482 460 1532 commendari,
499 1480 704 1534 huiusque
730 1481 907 1521 studio
894 1496 938 1521 m
966 1481 1181 1522 Octaviani
1209 1483 1425 1523 amicitiam
1446 1486 1588 1525 venire

50 1543 201 1598 potuit.
258 1541 337 1581 Sed
364 1540 461 1579 satis
480 1546 560 1589 est,
591 1540 624 1579 si
643 1547 804 1590 teneas,
834 1546 999 1593 poetam
1017 1539 1080 1580 his
1103 1541 1201 1581 viris
1221 1542 1410 1582 omnibus
1427 1550 1588 1584 mature

1 1606 6 1630 ἒ
50 1608 213 1656 gratum
224 1606 267 1640 et
287 1612 429 1639 carum
445 1598 579 1638 fuisse.

165 1661 422 1712 Recuperato
451 1670 569 1709 agro,
608 1656 798 1709 Eclogam
820 1657 939 1707 loco,
980 1671 1064 1696 non
1094 1662 1295 1710 tempore,
1326 1671 1378 1711 pl
1380 1659 1524 1710 imam,
1554 1660 1588 1700 si

0 1730 2 1737 ’
24 1733 176 1779 supra
203 1722 428 1757 memorata
452 1721 562 1754 reete
588 1729 629 1753 se
664 1714 840 1766 habent,
886 1716 1081 1768 scriptam
1112 1729 1195 1754 esse
1224 1715 1402 1756 dubitari
1432 1718 1586 1770 nequit.

24 1759 222 1818 obtinet
251 1782 392 1816 tamen
422 1774 600 1827 vulgaris
633 1775 792 1827 opinio,
830 1788 939 1813 anno
965 1773 1046 1813 hoc
1076 1777 1182 1824 713,
1224 1772 1369 1814 aetatis
1397 1778 1470 1826 29,
1493 1790 1587 1815 eum

33 1837 255 1876 Bucolica
273 1833 448 1874 scribere
467 1846 696 1885 aggressum
710 1846 807 1872 esse.
867 1833 994 1882 Quod
1013 1832 1177 1898 quidem
1191 1833 1404 1873 consilium
1423 1841 1587 1888 poetam

0 1895 6 1931 ἶ
48 1894 240 1934 Ρο1110313
258 1893 435 1932 maxime
456 1891 702 1930 auctoritate
723 1896 763 1930 et
782 1891 954 1931 hortatu
973 1891 1211 1944 suscepisse,
1242 1892 1353 1931 inter
1371 1892 1587 1932 Gramma-

48 1954 152 1993 ticos
169 1954 273 1993 fama
292 1957 419 1991 tenet.
436 1949 521 1989 vid.
540 1950 684 1989 Donat.
704 1950 785 1990 Vit.
806 1951 915 2003 Virg.
934 1950 979 2003 5.
989 1953 1057 1992 36.
1115 1949 1243 1988 Iidem
1260 1963 1313 1989 ex
1330 1951 1421 1989 loco
1438 1953 1584 2005 primo,

49 2025 171 2065 quern
199 2011 346 2063 Ecloga
374 2010 559 2065 Tityrus
569 2015 706 2057 tenet,
738 2009 920 2048 omnium
949 2008 1070 2047 etiam
1085 2014 1271 2061 tempore
1289 2009 1461 2062 primam
1481 2010 1585 2049 scri-

48 2077 188 2125 ptam,
218 2075 260 2109 et
285 2068 515 2108 calamitate
540 2067 676 2106 amissi
699 2068 784 2120 agri
805 2067 1032 2107 adductum
1057 2067 1268 2119 Virgilium
1284 2067 1463 2120 primum
1484 2082 1585 2121 poe-

48 2129 159 2169 ticen
179 2140 407 2181 aggressum
437 2125 546 2180 (vid.
576 2124 732 2165 Phocas
763 2141 804 2165 v.
825 2129 881 2169 67
898 2140 985 2178 sqq.
1014 2125 1199 2164 Donatus
1223 2123 1269 2178 5.
1288 2128 1339 2168 91
1373 2125 1474 2181 etc.)
1500 2140 1584 2165 esse

0 2200 2 2202 ·
49 2193 273 2242 putarunt3
303 2185 455 2225 scilicet
480 2197 561 2241 quo
590 2185 798 2223 communi
823 2190 1040 2237 poetarum
1055 2184 1226 2222 fortuna
1245 2189 1436 2224 uteretur
1453 2185 1582 2235 Maro,

48 2252 99 2285 ut
119 2247 246 2285 fames
263 2251 306 2284 et
322 2243 484 2283 miseria
507 2242 562 2281 ad
582 2256 725 2282 versus
742 2243 979 2282 scribendos
1002 2255 1094 2281 eum
1116 2242 1370 2295 perpelleret.
1415 2276 1419 2277 ⁷

167 2305 270 2344 Cum
302 2302 494 2355 Virgilius
519 2301 733 2340 Mantuam
762 2301 897 2340 redux
921 2315 1038 2353 agros
1068 2314 1162 2339 suos
1190 2314 1214 2339 a
1248 2300 1472 2351 veteranis,
1513 2301 1583 2353 qui

48 2376 117 2402 eos
135 2367 407 2415 occuparant,
437 2360 686 2409 vindicaret,
716 2374 868 2399 novam
885 2359 1076 2398 iniuriam
1101 2359 1272 2412 accepit,
1303 2366 1354 2398 ut
1369 2359 1470 2398 adeo
1487 2360 1583 2412 fuga

49 2422 158 2462 vitae
184 2421 395 2461 consulere
420 2431 579 2458 necesse
602 2417 783 2457 haberet.
843 2419 961 2457 Patet
982 2418 1025 2456 id
1046 2430 1096 2456 ex
1121 2417 1203 2456 Ecl.
1222 2417 1295 2467 IX,
1320 2431 1463 2470 quam,
1493 2419 1583 2457 Ro-

46 2493 177 2530 mam,
215 2485 265 2519 ut
294 2479 431 2527 aiunt,
473 2490 699 2529 regressus,
738 2483 788 2515 ut
805 2477 940 2516 denuo
964 2476 1178 2515 Octaviani
1196 2489 1313 2528 opem
1332 2476 1582 2529 imploraret,

46 2530 156 2578 Varo
173 2537 363 2577 obtulisse
374 2535 503 2575 videri
516 2542 673 2588 potest·
663 2565 675 2586 ,
695 2549 940 2587 quamquam
956 2534 1000 2573 in
1013 2535 1102 2587 ipso
1122 2534 1300 2572 carmine
1311 2533 1411 2573 311111
1422 2534 1582 2574 eade1e

47 2603 210 2650 praeter
226 2594 495 2635 honorificam
513 2594 610 2633 Vari
630 2594 929 2633 mentionemv.
942 2595 1011 2635 27.
1023 2593 1078 2636 35
1098 2592 1290 2631 occurrit.
1312 2592 1397 2632 vid.
1414 2591 1580 2645 Argum.

48 2655 131 2694 Ecl.
150 2655 221 2694 IX.
280 2654 371 2693 Non
389 2653 495 2692 male
511 2652 592 2691 hoc
612 2652 806 2691 Ruaeus·
794 2666 882 2705 ipsa
907 2651 1096 2690 carminis
1115 2651 1269 2699 forma,
1303 2664 1407 2702 quae
1422 2651 1581 2690 subita-

47 2712 151 2751 riam
178 2726 343 2765 operam
361 2712 457 2750 satis
481 2711 640 2763 prodit,
672 2710 906 2749 confirmari
930 2715 1062 2763 putat.
1120 2709 1365 2748 Menalcan
1353 2723 1395 2747 13
1425 2723 1472 2748 30
1488 2723 1581 2747 031·-

47 2771 156 2808 mine
173 2770 388 2823 Virgilium
406 2768 714 2822 intelligendum
734 2781 838 2818 esse,
877 2769 958 2807 iam
980 2767 1284 2816 Quinctilianus
1304 2768 1464 2806 monuit
1483 2768 1580 2805 Inst.

48 2828 297 2877 v111‚6,47.
355 2828 603 2876 veteranus,
634 2827 751 2866 cuius
769 2827 963 2866 audaciae
982 2832 1024 2864 et
1038 2826 1169 2865 furori
1190 2825 1381 2877 Virgilius
1398 2826 1469 2864 vix
1486 2826 1581 2876 suga

49 2899 90 2925 se
112 2885 336 2925 subducere
364 2887 517 2938 potuit,
557 2885 608 2923 ab
644 2885 729 2923 aliis
755 2884 901 2924 Arrius
923 2884 1132 2933 centuiio,
1165 2883 1214 2922 ab
1234 2884 1320 2922 aliis
1340 2883 1525 2930 Clodius,
1557 2896 1580 2918 a

47 2944 181 2983 Probo
200 2943 371 2982 Milenus
389 2958 461 2983 seu
487 2944 674 2982 Milienus
695 2944 802 2982 Toro
823 2942 1082 2997 primipilaris
1099 2943 1221 2980 fuisse
1250 2941 1440 2979 traditur.
1501 2939 1580 2977 Sed

0 3002 100 3052 (13
116 3001 181 3041 his
201 3001 518 3054 disputationem
539 3002 591 3040 ad
611 3002 816 3040 Donatum
837 3000 881 3080 5.
898 3005 950 3044 31
977 3000 1202 3039 reiecimus.
1262 2998 1457 3037 Iniuriam
1473 2996 1579 3034 lianc

1208 3064 1294 3112 h*
