1768 3320
197 184 294 230 114

194 305 273 368 Si,
313 303 445 354 dum
467 313 527 355 tu
546 304 758 355 sectaris
782 319 962 369 apros,
1001 315 1100 364 ego
1121 298 1253 348 ietia
1273 304 1465 350 servo?

503 180 557 228 P.
603 177 965 228 VIRGILII
1019 172 1394 224 MARONIS

1639 303 1710 352 75

189 391 238 427 D.
275 373 513 438 Phyllida
533 376 686 424 mitte
706 373 867 433 mihi3
904 387 1058 420 meus
1086 377 1165 418 est
1186 367 1394 431 nataliS,
1431 367 1587 421 Iolla.

237 492 283 527 75
309 491 367 530 Si,
399 499 440 524 tu
470 490 555 524 dam
584 489 690 523 Goth.
717 501 762 533 pr

763 514 771 521 .
820 502 850 522 r.
879 499 988 520 cerno
1018 486 1107 520 Ven.

1209 486 1257 522 76
1280 498 1382 519 meus·
1410 492 1447 518 et
1472 472 1617 519 Menffll.
1652 498 1706 531 pr.

190 539 295 573 Iolas
311 537 401 572 coni.
425 539 539 571 Burm.
588 541 632 570 At
650 536 720 570 vid.
736 536 873 569 Notam.
921 535 974 566 De
993 532 1163 576 scriptura
1184 533 1281 566 Iolla
1302 546 1334 566 v.
1358 532 1404 566 ad
1427 533 1470 574 Π,
1487 532 1546 568 57.

191 630 327 669 statim
337 629 404 668 hie
422 630 464 668 in
482 637 656 668 mentem
665 629 802 668 veniat
822 642 917 667 sua-

190 689 399 728 vissimum
422 688 525 726 illud
545 686 748 739 Sapphus:
786 686 915 736 ,,Φαί-

191 747 300 787 νεταί
317 762 386 797 μοι
413 749 538 799 κῆνος
561 746 648 793 ἴσος
667 749 828 785 θεοῖσιν
851 743 915 796 ἕ-μ,

191 819 265 856 μεν
295 800 428 857 aimo,
490 800 597 851 ὅστις
637 802 819 850 ἐναντίος
853 817 916 842 τοι

192 858 368 911 ἰσδάνει,
398 859 464 901 καὶ
485 861 656 900 πλασίον
678 857 756 900 αδυ
778 862 916 910 φωνᾶ-

191 922 259 960 σαί
282 914 324 959 6'
341 915 555 967 ὑπακούει,
591 934 659 958 και
680 913 813 971 ysidis·
833 917 915 970 ἱμε-

190 973 335 1031 ρόεν.“
392 976 560 1027 Propius
598 975 716 1013 etiam
753 974 805 1012 ad
837 989 916 1013 no—

190 1040 319 1072 strum
357 1033 544 1071 accedere
571 1033 735 1072 videtur
774 1032 942 1081 031111--

189 1092 263 1141 lus,
288 1091 510 1143 Sapphonis
527 1091 711 1129 insistens
728 1090 914 1142 vestigiis,

190 1163 310 1188 carm.
331 1149 410 1187 L1.:
449 1149 551 1198 „Ille
570 1150 624 1187 mi
644 1163 718 1202 par
737 1161 818 1187 esse
840 1148 914 1187 deo

188 1207 374 1256 videtur,
415 1207 534 1256 Ille,
575 1207 605 1245 si
624 1207 681 1245 sas
708 1213 785 1255 est,
828 1220 916 1245 su-

188 1277 364 1316 perare
403 1264 614 1314 divos,“
642 1271 717 1303 etc.
766 1265 918 1303 Contra

187 1322 344 1360 nullum
382 1322 425 1360 in
462 1321 524 1360 his
557 1322 747 1375 perfidiae
788 1323 917 1361 vesti-

185 1379 312 1431 gium,
342 1394 462 1432 quam
482 1393 505 1417 a
525 1380 717 1419 Damoeta
737 1379 799 1419 his
818 1394 915 1419 ver—

185 1437 246 1475 bis
286 1438 421 1476 notari
458 1438 638 1490 plerique
672 1439 915 1491 interpretes

185 1500 344 1547 putant.
360 1516 419 1526 ·--
448 1494 517 1537 74.
547 1496 604 1534 De
619 1511 805 1549 pronom.
828 1498 915 1547 ipse

185 1552 269 1592 vid.
284 1553 334 1601 Q.
354 1553 402 1593 V.
421 1554 571 1604 XVIII,
609 1558 657 1604 2,
691 1569 730 1607 p.
793 1552 911 1609 Wr.)

162 1622 166 1627 ’
187 1610 253 1652 75.
270 1625 343 1662 ego
359 1613 458 1649 retia
473 1626 582 1650 servo
591 1627 606 1660 ,·
638 1612 792 1650 serebat
812 1626 912 1663 moS‚

186 1673 234 1705 ut
265 1668 344 1707 1100
373 1675 475 1706 esset
495 1670 671 1722 obsequii
698 1684 833 1722 genus.
871 1684 912 1709 v.

188 1725 331 1765 Tibqu.
358 1726 394 1775 Ι,
432 1725 478 1775 4,
518 1728 585 1770 50.
642 1728 712 1778 IV,
754 1731 801 1778 3,
846 1731 912 1770 12.

188 1782 306 1822 Ovid.
332 1782 420 1822 Art.
435 1785 481 1834 II,
512 1788 616 1836 1893
643 1791 692 1824 ut
710 1799 820 1835 vero,
850 1786 914 1824 uti

187 1841 402 1880 nonnullos
427 1843 603 1895 accipere
623 1844 762 1894 video,
801 1844 910 1897 peri-

188 1899 278 1936 cula
294 1899 366 1937 sibi
394 1913 486 1938 cum
510 1914 554 1939 eo
583 1902 807 1941 communia
829 1914 911 1940 esse

187 1956 297 2005 velit,
326 1956 369 1995 id
388 1970 438 1995 ex
454 1965 686 1998 nostrorum
700 1960 912 1999 hominum

188 2013 388 2066 elegantiis
416 2022 487 2054 est.
546 2018 702 2055 Scilicet
721 2017 801 2056 1100
819 2019 912 2057 vult

186 2077 344 2123 pastor,
386 2073 617 2126 obsequium
637 2090 754 2114 suum
772 2077 912 2115 fructu

188 2142 340 2179 carere,
372 2144 462 2169 cum
487 2146 588 2184 puer
614 2134 818 2172 venationi
844 2135 910 2172 in-

186 2192 323 2225 tentus
339 2187 410 2237 sit;
448 2203 528 2227 non
546 2205 616 2229 suo
637 2192 774 2230 amori.
835 2193 910 2230 Ce-

186 2249 320 2282 terum
348 2244 447 2284 haec
480 2261 503 2284 a
532 2250 704 2300 pastoris
738 2263 910 2302 persona

186 2314 236 2340 ne
263 2302 390 2340 aliena
416 2304 519 2354 sint,
569 2320 723 2346 vereor.
797 2306 910 2361 (Non

187 2371 268 2397 esse
294 2359 439 2410 aliena,
477 2365 623 2414 probat
647 2371 745 2404 nota
772 2366 824 2404 ad
853 2381 909 2406 vs,

189 2419 253 2458 13.
313 2391 496 2457 Ceteriim
523 2436 630 2461 servo
648 2422 715 2461 hic
735 2437 905 2475 quoque,

184 2479 233 2513 ut
250 2482 387 2514 monet
399 2476 609 2542 Spohnius,
635 2481 659 2519 i.
681 2494 716 2532 q.
738 2481 906 2521 observo.

185 2531 261 2570 Et
249 2545 293 2570 m
307 2533 373 2582 iis,
406 2535 473 2585 qui
490 2539 748 2577 venatoribus
772 2538 908 2578 adesse

174 2590 326 2640 solent,
355 2591 499 2631 Pollux
517 2594 564 2643 V,
596 2609 711 2647 segm.
735 2600 797 2638 17.
826 2612 906 2637 nu-

182 2654 313 2686 merat
323 2646 526 2701 λινόπτας,
538 2625 686 2691 d'icens:
701 2650 906 2708 λινόπτης,

184 2703 209 2747 ὅ
253 2702 301 2746 τὰ
340 2705 587 2759 ἐμπίπτοντα
644 2706 905 2753 ἀποσκοπού-

182 2777 315 2831 μενος.
354 2764 436 2803 vid.
466 2765 521 2804 ibi
547 2767 638 2806 Not.
662 2767 903 2821 Hesychius:

180 2816 404 2874 Λινόπτης,
423 2820 446 2863 ὁ
463 2821 508 2864 ἐν
524 2829 608 2873 τοῖς
627 2832 904 2880 κυνηγετικοῖς

181 2878 308 2927 λίνοις
328 2877 472 2930 ἓστως,
500 2881 569 2922 καὶ
585 2878 832 2925 ἀποσκοπῶν
852 2884 900 2927 τὰ

179 2935 424 2989 ἐμπίπτοντα
442 2940 584 2993 θηρία.
618 2939 728 2993 lVr.)

1031 629 1099 668 76
1156 625 1420 679 Intelligenda
1457 633 1517 686 est
1556 626 1709 680 Phyllis

973 684 1092 722 fuisse
1119 684 1203 724 sive
1229 698 1346 724 serva
1372 687 1455 724 sive
1485 679 1614 725 amica
1643 686 1709 724 Io—

972 743 1063 781 lae·
1055 772 1065 792 ,
1125 756 1245 794 quem
1291 743 1505 782 Damoetas
1524 772 1535 793 ,
1596 744 1709 795 quasi

972 806 1249 852 praesentem,
1296 807 1434 854 rogat,
1478 807 1528 840 ut
1552 800 1709 854 Phylli-

975 858 1067 896 dem
1098 857 1152 896 ad
1180 872 1339 898 sacrum
1369 859 1600 899 natalitium
1632 873 1708 899 ve-

972 916 1060 954 nire
1077 915 1235 955 iubeat:
1266 917 1388 967 alter,
1418 917 1630 968 Menalcas,
1658 924 1709 957 ut
1761 931 1764 935 ’

974 974 1058 1013 eius
1092 974 1209 1013 dietis
1246 975 1468 1026 obtrectet,
1518 989 1558 1014 se
1587 975 1709 1015 etiam

974 1032 1103 1070 amari
1123 1033 1172 1071 ab
1193 1045 1238 1071 ea
1256 1033 1367 1084 dicit,
1389 1033 1483 1086 quia
1510 1047 1551 1071 se
1575 1033 1707 1073 disee·-

974 1091 1096 1129 dente
1114 1090 1285 1142 fleverit,
1317 1105 1375 1142 ac,
1405 1098 1613 1143 tamquam
1632 1091 1709 1145 ipsi

975 1162 1106 1187 comes
1125 1148 1372 1200 adhaesura,
1411 1150 1517 1190 Iolae
1536 1150 1709 1190 amatori

973 1206 1234 1246 valedixerit:
1264 1209 1460 1260 Longum
1476 1208 1580 1259 vale,
1601 1208 1706 1259 vale,

975 1279 997 1303 ο
1002 1265 1185 1317 formose
1204 1266 1312 1305 sola.
1361 1266 1451 1305 Hac
1470 1266 1558 1319 ipsa
1575 1266 1707 1305 inter-
1731 1294 1736 1298 -

971 1323 1201 1376 pretatione
1229 1324 1429 1363 sententia
1457 1324 1507 1363 de
1523 1323 1565 1363 h.
1583 1324 1610 1364 l.
1627 1338 1706 1363 no-

973 1387 1058 1420 stra
1080 1382 1175 1420 satis
1200 1381 1451 1434 intelligitur.
1509 1381 1568 1421 Ea
1596 1388 1706 1422 certe

971 1440 1078 1478 ratio
1113 1439 1231 1478 unice
1268 1440 1366 1479 ferri
1393 1446 1540 1493 potest.
1603 1438 1705 1494 (Diu

971 1497 1179 1536 haeseram
1208 1499 1253 1537 in
1277 1497 1409 1549 hisce3
1440 1504 1481 1537 et
1506 1498 1704 1537 malebam

970 1569 1060 1595 voe.
1084 1557 1253 1608 longam
1274 1556 1336 1595 ita
1353 1556 1545 1610 accipere,
1573 1563 1624 1596 ut
1641 1569 1704 1595 es·-

971 1620 1032 1652 set
1052 1613 1225 1653 dictum:
1255 1628 1355 1653 voce
1373 1613 1420 1653 in
1438 1615 1604 1667 longum
1624 1614 1704 1654 ‹lu-

971 1678 1037 1710 cta
1045 1671 1269 1725 Phyllidem
1284 1671 1386 1712 haec
1399 1673 1704 1725 pronunciasse:

977 1730 1083 1769 Vale
1107 1760 1118 1779 ,
1158 1730 1343 1782 formose
1376 1731 1487 1769 Iolla
1509 1761 1520 1780 ,
1573 1731 1666 1769 vale
1685 1732 1702 1768 !

969 1788 1088 1826 Nunc
1105 1787 1224 1827 video
1245 1788 1354 1829 idem
1371 1788 1556 1827 statuisse
1576 1788 1701 1828 Henr.

971 1845 1222 1898 Stephanum
1253 1846 1440 1886 annum.
1476 1846 1702 1886 laudatum.

971 1904 1065 1953 Quo
1085 1918 1155 1956 ego
1176 1904 1346 1943 alacrior
1370 1905 1502 1943 sactus
1529 1903 1610 1944 iam
1628 1918 1702 1943 ex·-

968 1962 1128 2015 pediam
1141 1992 1151 2012 ‚
1192 1976 1271 2014 qua
1289 1963 1333 2001 id
1361 1975 1480 2002 causa
1506 1962 1595 2001 fieri
1611 1975 1702 2001 ma-

968 2020 1050 2059 lim.
1109 2019 1260 2072 Phyllis
1279 2019 1311 2059 si
1329 2020 1452 2060 Iollae
1470 2020 1562 2060 vale
1581 2020 1698 2071 dixit,

969 2092 1053 2117 non
1073 2078 1150 2116 alia
1165 2078 1210 2117 id
1230 2092 1349 2117 causa
1366 2078 1481 2129 fecit,
1512 2092 1634 2130 quam
1650 2084 1700 2117 ut

968 2142 1205 2188 sequeretur
1232 2135 1474 2186 Menalcam3
1504 2150 1587 2175 non
1612 2143 1701 2175 erat
1765 2148 1768 2153 ¹

966 2195 1102 2247 igitur,
1135 2208 1208 2233 cur
1225 2195 1343 2234 fleret
1361 2194 1441 2234 1100
1458 2194 1699 2234 discedente.

967 2251 1026 2291 Ae
1045 2253 1077 2291 si
1095 2254 1294 2293 formosus
1315 2259 1401 2292 erat
1417 2253 1547 2302 Iollas,
1578 2253 1700 2291 etiam

967 2311 1089 2363 magis
1107 2311 1276 2361 mireris,
1300 2325 1374 2351 cur
1388 2311 1503 2350 illum
1520 2310 1700 2362 relique-
1766 2351 1768 2354 ,

966 2369 1034 2419 rit,
1056 2368 1278 2407 Menalcam
1293 2375 1494 2408 secutura.
1524 2369 1605 2408 Nec
1619 2368 1700 2408 1100

965 2425 1164 2479 epitheto,
1197 2427 1423 2466 amantium
1439 2426 1698 2466 blanffimen-
1760 2462 1768 2471 .,

1080 2485 1220 2524 Iollam
1249 2491 1451 2536 ornasset,
1497 2485 1573 2524 nisi
1602 2498 1698 2524 vere

965 2555 1057 2581 eum
1088 2549 1252 2582 amaret.
1312 2544 1417 2582 Tum
1443 2543 1608 2596 plenum
1636 2548 1698 2582 est
1766 2586 1768 2589 ¹

963 2601 1095 2640 teneri
1134 2601 1298 2640 affectus
1335 2601 1555 2654 repetitum
1593 2600 1697 2640 illud
1763 2607 1768 2652 j

964 2491 1028 2535 to,

963 2660 1069 2697 vale.
1104 2659 1241 2708 Quare
1261 2658 1362 2697 haec
1381 2658 1510 2697 oratio
1531 2658 1696 2697 minime

962 2716 1053 2754 talis
1076 2723 1148 2766 est,
1169 2731 1249 2769 qua
1263 2722 1409 2755 utatur
1427 2717 1563 2770 puella
1583 2730 1695 2755 ama-

960 2779 1091 2813 torem
1113 2789 1232 2814 suum
1252 2774 1471 2814 desertura.
1511 2774 1622 2814 Hinc
1637 2774 1696 2813 ita
1762 2787 1768 2826 {¹

960 2833 1243 2882 statuendum,
1274 2839 1347 2871 aut
1375 2833 1507 2885 ipsum
1538 2832 1695 2871 Menal-

959 2903 1046 2927 cam
1083 2891 1203 2929 Iollae
1241 2890 1401 2929 nomine
1440 2890 1632 2943 appellari
1663 2904 1693 2928 s,
1763 2937 1765 2939 ι

957 2946 1166 2999 Damoeta3
1205 2947 1285 2987 hoc
1307 2948 1460 2998 malim,
1499 2948 1588 2987 coll.
1617 2961 1693 2986 va-
1761 2992 1765 2996 ἢ
