1768 3320
229 185 393 221 curm
722 160 1256 216 EPITAPHIA

646 286 1235 337 EUPHORBUS
1300 284 1336 326 V

227 365 509 412 Romuleum
533 361 680 406 Sicula
702 362 780 420 qui
799 360 929 417 fingit
949 371 1127 402 carmen
1147 369 1298 407 avena,

282 422 612 478 *Ruricolasque
634 420 761 462 docet
779 433 866 475 qua
884 418 1056 460 ratione
1076 419 1240 456 serant:

233 483 414 537 Quique
439 479 704 522 Latinorum
729 482 950 519 memorat
967 473 1062 516 fera
1088 470 1203 514 bella
1226 467 1530 527 Phrygasque,

292 540 373 583 Hic
395 539 555 589 cubat3
586 535 657 578 hic
676 536 846 577 meruit
863 538 1130 590 perpetuam
1149 527 1368 585 requiem.

672 619 1174 669 IULIANUS
1234 618 1307 662 VI

151 753 154 755 Α
233 700 324 755 Qui
347 695 564 757 pastorali
590 694 840 756 peragravit
862 690 1059 736 Maenala
1077 689 1220 740 Musa,

290 757 525 813 Ruraque,
559 762 602 797 et
622 756 789 796 Aeneae
810 749 1003 794 concinit
1020 763 1147 790 arma
1170 746 1318 797 Maro,

234 814 336 867 Ille,
369 815 517 856 decem
537 812 689 854 lustris
708 809 909 867 geminos
931 813 1175 866 postquam
1196 803 1363 848 addidit
1383 818 1538 855 annos,

294 870 515 915 Concessit
535 869 660 913 fatis:
695 875 737 911 et
754 868 864 910 situs
887 865 973 908 hoc
997 862 1177 906 tumulo
1200 870 1276 907 est.

674 967 1148 1014 HILASIUS
1210 966 1311 1011 VII

240 1047 354 1090 Haec
372 1045 450 1088 tibi
474 1042 681 1101 Virgilius
705 1041 866 1084 domus
891 1044 953 1081 est
980 1045 1157 1080 aeterna
1177 1036 1373 1097 sepulto,

294 1104 383 1157 Qui
402 1102 559 1144 mortis
579 1099 779 1143 tenebras
802 1096 960 1155 effugis
979 1096 1172 1153 ingenio·

235 1160 503 1206 Maenalium
527 1172 704 1201 carmen
728 1157 805 1215 qui
832 1154 1013 1214 profers
1036 1168 1114 1196 ore
1129 1153 1306 1206 Latino,

295 1220 351 1263 Et
374 1218 517 1261 cultus
535 1223 733 1273 segetum
749 1247 761 1269 ‚
791 1213 996 1271 bellaque
1016 1226 1142 1255 saeva
1164 1211 1347 1254 ducum.

623 1315 1177 1362 PALLADIUS
1238 1313 1369 1359 VIII

235 1392 411 1436 Primus
433 1405 512 1448 ego
533 1388 730 1431 Ausonio
750 1394 987 1446 pastorum
1009 1385 1208 1428 carmina
1229 1398 1361 1429 versu

294 1448 567 1507 Composui,
599 1454 641 1488 et
661 1460 752 1504 quo
774 1446 861 1487 sint
879 1459 987 1487 rura
1004 1442 1187 1486 colenda
1208 1442 1374 1495 modo;

235 1509 361 1557 Post,
393 1507 554 1563 quibus
575 1505 738 1547 Aeneas
758 1501 951 1546 Rutulos
972 1501 1248 1559 superaverit
1271 1499 1423 1548 armis„

294 1565 416 1607 Vatis
438 1563 648 1621 reliquias
667 1561 772 1604 haec
789 1562 862 1620 pia
883 1568 1004 1603 terra
1025 1559 1166 1604 fovet.

562 1662 1304 1710 ASCLEPIADIUS
1363 1660 1439 1704 IX

240 1738 437 1781 Sicanius
459 1743 576 1780 vates
598 1735 740 1785 silvis,
773 1736 987 1779 Ascraeus
1008 1734 1054 1777 in
1081 1733 1211 1787 arvis,

296 1795 528 1839 Maeonius
552 1793 676 1837 bellis
701 1794 794 1852 ipse
816 1800 949 1851 poeta
967 1792 1051 1836 fui.

242 1854 425 1897 Mantua
449 1867 493 1895 se
511 1853 598 1894 vita
613 1850 831 1917 praeclari
854 1852 983 1894 iactat
1003 1849 1190 1893 alumni.

300 1909 579 1968 Parthenope
598 1909 766 1951 tamam
788 1917 935 1952 morte
954 1908 1157 1952 Maronis
1180 1906 1327 1950 habet.

627 2011 1268 2057 EUSTHENIUS
1327 2009 1374 2053 X

244 2082 456 2143 Quisquis
480 2098 547 2133 es,
579 2083 769 2125 extremi
791 2082 978 2126 titulum
1003 2082 1098 2140 lege
1117 2081 1350 2135 carminis,
1380 2079 1559 2139 hospes.

300 2142 392 2183 Hac
415 2155 492 2197 ego
512 2140 718 2198 Virgilius
738 2156 841 2183 sum
862 2140 1115 2184 tumulatus
1138 2140 1308 2190 humo3

246 2199 337 2252 Qui
358 2198 581 2256 pecudum
608 2199 798 2257 pariter,
830 2201 906 2258 qui
929 2199 1102 2242 cultum
1126 2197 1285 2242 fertilis
1305 2198 1414 2256 agri,

302 2256 414 2298 Mox
437 2255 720 2300 Anchisiadae
740 2255 853 2299 bella
872 2257 993 2300 ducis
1020 2256 1166 2300 cecini.

620 2359 1257 2405 POMPEIANUS
1317 2358 1395 2402 XI

247 2429 434 2487 Virgilio
457 2429 569 2472 mihi
591 2445 756 2473 nomen
785 2439 900 2482 erat,
930 2446 1065 2488 quem
1087 2431 1275 2474 Mantua
1292 2427 1405 2473 felix

306 2487 466 2530 Edidit.
527 2488 605 2531 Hic
626 2488 792 2531 cineres
810 2491 919 2531 vatis
943 2495 985 2530 et
1006 2504 1104 2531 ossa
1130 2489 1284 2532 iacent.

246 2545 384 2588 Cuius
410 2546 452 2586 in
476 2552 702 2588 aeternum
726 2547 924 2604 pastoria
943 2545 1091 2589 fistula
1111 2547 1246 2600 vivet5

301 2603 501 2655 Rustica,
531 2618 642 2647 mox
663 2604 813 2646 eadem
833 2604 1015 2657 Martia,
1047 2604 1261 2663 Calliope.

605 2695 1246 2741 MAXIMIANUS
1306 2695 1410 2740 XII

248 2764 457 2808 Carmine
478 2763 679 2807 bucolico
700 2765 836 2815 nitui3
866 2765 1114 2809 cultoribus
1137 2767 1232 2824 agri

303 2821 408 2864 Iura
429 2821 538 2864 dedi.
600 2822 744 2864 Cecini
766 2823 880 2865 bella
899 2823 1054 2866 Latina
1078 2825 1230 2867 simul.

246 2879 435 2937 Iamque
456 2878 509 2921 ad
531 2879 671 2921 lustra
691 2880 840 2923 decem
863 2881 994 2924 Titan
1019 2889 1255 2925 accesserat
1273 2880 1398 2933 alter,

305 2937 420 2980 Cum
448 2937 529 2981 tibi
550 2952 623 2980 me
643 2938 816 2996 rapuit,
846 2938 1050 2994 Mantua,
1081 2940 1378 2998 Parthenope.
