1768 3320
196 238 343 273 cxxw
485 222 539 270 P.
577 216 868 269 VIRGILII
903 208 1219 263 MARONIS
1257 207 1426 257 VITA

194 353 322 402 iniis,
353 364 455 403 quac
481 363 533 388 ex
560 355 789 400 temporum
816 343 996 396 angustia
1025 345 1168 378 contra
1198 335 1386 375 Aeneidis
1409 335 1612 389 aVirgilio
1631 350 1721 376 sus·
1764 342 1768 358 ³

195 418 358 464 ceptum
384 422 483 462 opus
501 407 682 459 disputat
705 406 749 443 in
765 399 1088 451 Psezulovirgilio
1113 395 1235 450 (inter
1257 395 1394 447 Opera
1412 394 1528 434 varia
1548 408 1589 447 p.
1603 394 1721 451 280).

196 469 307 508 Talia
324 456 526 516 refellere,
567 463 695 503 nostri
722 462 792 501 otii
810 474 893 499 non
915 464 984 496 est.
1042 457 1139 495 Post
1157 454 1237 493 hoc
1261 454 1400 505 itaque
1419 459 1581 506 tempus
1600 453 1723 493 etiam
1760 467 1768 510 ‘y

195 528 261 566 ille
282 527 395 566 locus
422 524 520 563 Aen.
548 523 613 572 VI,
638 524 722 563 792
752 519 925 572 scriptus
949 528 1030 553 esse
1051 514 1190 552 debet:
1220 513 1308 550 Hic·
1330 512 1414 561 vir,
1453 511 1522 551 hie
1539 519 1618 561 est,
1651 511 1725 551 tibi
1758 510 1768 565 ξ

197 599 315 638 quem
324 584 511 635 promitti
527 582 687 631 saepius
706 578 851 625 audis,
884 574 1098 625 Augustas
1121 572 1295 621 Caesar,
1329 570 1436 610 Divi
1453 583 1603 621 genus.
1759 586 1762 611 3

312 641 515 693 Augustus
541 638 645 677 bello
674 637 716 674 in
746 635 959 674 Britannos
994 635 1158 683 parato,
1202 628 1271 666 sed
1309 641 1408 667 mox
1433 628 1630 681 seposito,
1672 627 1723 667 ab
1763 647 1768 685 ἑ

197 701 306 740 Urbe
338 700 383 738 in
409 698 554 738 Gallias
584 702 625 734 et
649 694 862 746 Hispanias
890 688 1172 743 proficiscitur.
1201 686 1285 726 vid.
1315 686 1389 725 Dio
1416 686 1526 740 Lm,
1560 689 1617 728 22
1638 699 1722 738 sqq.

197 761 301 811 Ergo
326 758 445 796 Ianus
471 768 582 795 nunc
606 758 817 792 reseratus.
876 748 1042 788 Messala
1074 760 1124 785 ex
1147 745 1277 784 Gallia
1293 744 1524 798 triumphat
1539 744 1613 785 VII
1632 745 1721 784 Kal.
1762 745 1768 763 '⁴

199 817 366 857 Octobr.
391 815 473 855 vid.
492 813 544 851 ad
565 811 708 850 Tibull.
728 810 757 860 Ι,
776 812 815 851 7.
1764 811 1768 813 “

313 875 433 914 Hunc
454 885 575 925 porro
604 882 752 907 annum
780 865 980 917 assignant
998 863 1077 903 viri
1108 861 1220 901 docti
1238 862 1408 913 Satyrae
1430 859 1608 900 decimae
1624 860 1721 900 libri

199 934 217 973 I
243 932 421 981 Horatii,
451 931 491 970 in
521 942 599 981 qua
624 941 663 966 v.
695 926 750 968 45
780 924 898 962 molle
927 931 1047 975 atque
1064 920 1258 973 facetum
1282 919 1461 971 Virgilio
1493 919 1721 958 adnuerant

198 992 419 1044 gaudentes
444 1002 531 1027 rare
552 987 785 1025 camoenae.
845 980 970 1030 Quod
994 979 1189 1018 iudicium
1211 992 1301 1018 cum
1322 978 1441 1017 unice
1464 977 1516 1016 ad
1536 977 1726 1017 Bucolica
1763 994 1768 1014 ·.

200 1057 241 1088 ct
268 1048 459 1099 Georgica
489 1050 640 1098 spectet
661 1038 762 1098 (vid.
795 1041 889 1079 infr.
916 1039 965 1077 de
993 1038 1177 1076 Carmine
1193 1037 1380 1095 bucolico
1403 1037 1517 1076 Tom.
1538 1034 1589 1090 Ι),
1609 1049 1726 1076 cum-

200 1122 277 1160 que
303 1107 470 1146 ibidem:
501 1103 610 1155 sorle
640 1115 734 1152 epos
761 1114 875 1148 acer,
918 1098 974 1135 Ut
1002 1110 1141 1145 nemu,
1178 1097 1225 1135 V
1220 1097 1331 1134 azius
1350 1095 1486 1144 ducit,
1521 1094 1727 1133 adiectum

200 1167 268 1216 sit,
301 1165 400 1204 nihil
423 1161 555 1200 adhuc
581 1161 630 1198 de
651 1158 826 1198 Aeneide
843 1163 932 1196 tum
949 1161 1111 1209 poetam
1136 1154 1347 1206 cogitasse,
1381 1152 1483 1193 nihil
1502 1159 1610 1192 certe
1629 1152 1726 1195 vul-
1764 1165 1767 1167 ·

200 1237 326 1276 gasse,
356 1220 562 1275 probabile
579 1219 637 1257 fit.
1547 1224 1550 1226 —

803 1295 862 1344 U.
903 1294 959 1344 C.
995 1297 1113 1344 728.

293 1387 477 1434 Caesar
509 1382 761 1443 Augustus
801 1378 943 1426 VIII.
1020 1378 1070 1425 T.
1102 1375 1330 1423 Statilius
1363 1373 1555 1433 Taurus
1574 1373 1645 1422 II.

565 1468 609 1499 a.
637 1451 688 1498 C.
707 1451 789 1499 26.
869 1449 1065 1511 Virgilii
1091 1446 1245 1494 44-
1268 1443 1349 1492 45.

315 1535 383 1575 VII
405 1534 493 1573 Kal.
520 1532 637 1571 Febr.
669 1533 779 1570 Sext.
811 1529 1003 1583 Apuleius
1029 1543 1081 1567 ex
1098 1526 1294 1580 Hispania
1315 1525 1604 1579 triumphavit:
1635 1539 1728 1564 eum

200 1595 336 1646 itaque
356 1592 559 1645 superiore
579 1605 684 1629 anno
708 1603 771 1628 res
792 1589 835 1627 in
855 1588 1048 1642 Hispania
1066 1587 1234 1626 feliciter
1256 1585 1418 1638 gessisse
1439 1584 1603 1624 credere
1621 1584 1727 1623 licet.
1756 1590 1759 1593 ⁴

205 1652 405 1691 Cornelias
422 1650 568 1689 Gallus
591 1649 743 1702 primus
754 1646 923 1700 Aegypti
942 1647 1166 1700 praefectus
1186 1643 1428 1696 Augustalis,
1450 1657 1543 1682 cum
1560 1648 1729 1697 propter

203 1711 330 1748 multa
358 1708 554 1760 flagitiose
581 1713 670 1745 acta
698 1706 861 1744 infamia
884 1706 933 1744 ab
951 1704 1134 1757 Augusto
1163 1709 1352 1753 notatus,
1383 1715 1480 1741 mox
1500 1708 1542 1740 et
1563 1708 1727 1741 senatus

202 1768 352 1806 iudicio
373 1767 584 1805 damnatus
600 1770 719 1814 esset,
753 1764 933 1802 dolorem
956 1778 1040 1802 non
1058 1764 1202 1812 ferens7
1232 1774 1407 1815 poenam
1424 1766 1558 1799 morte
1575 1760 1728 1800 volun-

204 1826 307 1864 taria
338 1825 568 1863 antevertit.
610 1823 683 1861 Dio
714 1823 812 1872 LIII,
847 1825 914 1863 23.
975 1822 1068 1861 Eius
1094 1820 1241 1866 Ιειιιᾶθε,
1258 1825 1407 1872 quarto
1439 1819 1729 1872 Georgicorum

204 1884 306 1922 libro
336 1882 502 1934 Augusti
537 1882 649 1920 iussu
678 1887 767 1919 tum
803 1880 978 1919 sublatas
1008 1879 1184 1918 Aristaei
1224 1876 1386 1917 fabulae
1411 1878 1550 1917 locum
1578 1877 1728 1927 fecisse,

206 1947 374 1980 narrant
396 1939 662 1979 Grammatici.
688 1939 771 1978 vid.
794 1939 938 1977 Donat.
956 1937 999 1992 §.
1026 1941 1094 1980 39.
1154 1937 1320 1977 Servius
1339 1936 1393 1975 ad
1410 1936 1494 1977 Ecl.
1514 1937 1568 1987 X,
1595 1938 1631 1977 1.

805 2019 865 2069 U.
905 2018 960 2068 G.
996 2023 1028 2069 7
1032 2022 1114 2070 29.

385 2103 569 2150 Caesar
599 2102 847 2164 Augustus
874 2102 966 2152 IX.
1036 2103 1109 2150 M.
1138 2101 1307 2148 Iunius
1342 2100 1553 2148 Silanus.

575 2189 620 2220 α.
657 2173 709 2222 C.
743 2172 825 2222 25.
903 2174 1099 2236 Virgilii
1118 2171 1361 2222 45—46.

322 2253 532 2306 Expeditio
557 2253 724 2306 Augusti
746 2254 789 2292 in
809 2254 1044 2293 Cantabros.
1079 2252 1299 2292 Absentem
1317 2266 1409 2292 eum
1430 2265 1452 2290 a
1471 2250 1636 2304 Virgilio
1657 2249 1729 2289 lit-

210 2311 303 2349 teris
328 2311 406 2349 suis
424 2311 636 2350 Aeneidem
658 2312 862 2364 flagitasse,
894 2307 1074 2351 Donatus
1096 2317 1293 2351 memorat
1311 2309 1353 2364 §.
1374 2310 1443 2361 46,
1459 2309 1528 2349 ubi
1540 2309 1625 2349 vid.
1638 2308 1728 2347 Not.

321 2369 408 2407 Hoc
431 2376 471 2407 et
495 2376 681 2421 sequente
722 2384 826 2408 anno
851 2369 984 2409 Aelius
1006 2371 1143 2409 Gallus
1173 2383 1224 2409 ex
1244 2369 1425 2422 Aegypto
1445 2368 1672 2407 exercitum
1686 2366 1731 2405 in

208 2425 397 2465 Arabiam
422 2428 572 2466 felicem
592 2428 730 2466 duxit:
762 2428 845 2467 vid.
864 2429 935 2467 Dio
960 2429 1055 2478 LIII,
1077 2432 1145 2471 29.
1167 2429 1298 2468 Strab.
1326 2427 1434 2477 XVI,
1452 2441 1492 2480 p.
1514 2429 1625 2468 1126
1644 2437 1728 2477 sqq·

208 2485 345 2523 Potuit
363 2485 548 2537 Virgilius
565 2486 630 2524 illa
650 2486 844 2538 respicere
863 2487 905 2526 in
925 2487 1105 2525 versibus
1127 2487 1176 2525 de
1194 2487 1292 2526 Iano
1315 2491 1494 2525 reserato
1527 2483 1625 2524 Aen.
1641 2482 1726 2533 VH,

210 2541 305 2584 604.
327 2543 408 2585 605
441 2544 532 2581 Sive
553 2545 663 2582 Gelis
684 2544 827 2595 inferre
846 2559 972 2583 mana
988 2544 1239 2584 lacrimabile
1258 2545 1422 2595 bellum,
1456 2543 1729 2596 Hyrcanisve,

208 2598 420 2651 Arabisve,
444 2610 612 2652 parant.

811 2683 871 2731 U.
912 2683 966 2732 C.
1002 2687 1033 2732 7
1040 2687 1119 2733 30.

361 2762 546 2809 Caesar
572 2762 821 2825 Augustus
846 2766 906 2814 X.
983 2766 1033 2814 C.
1065 2766 1325 2812 Norbanus
1356 2764 1583 2811 Flaccus.

558 2861 603 2892 α.
642 2846 691 2892 C.
725 2847 805 2894 24.
886 2848 1079 2909 Virgilii
1115 2849 1179 2896 46
1202 2876 1271 2883 -
1294 2849 1375 2898 47.

323 2922 461 2963 Altera
494 2923 580 2963 vice
607 2925 764 2964 clausus
791 2926 909 2966 Ianus
938 2927 1119 2980 Augusto
1149 2942 1198 2967 ex
1230 2928 1425 2982 Hispania
1442 2925 1606 2966 reduce.
1665 2921 1731 2962 Ad

207 2981 247 3021 h.
268 2995 302 3021 a.
319 2988 473 3035 spectat
494 2982 766 3036 Hieronymus
784 2984 931 3024 Chron.
952 2987 1090 3026 Euseb.
1113 2987 1163 3025 ad
1187 2987 1347 3040 Olymp.
1369 2989 1465 3037 189,
1479 2987 1501 3028 1
1541 2982 1730 3035 Quincti-
