1768 3320
257 205 313 253 P.
348 199 484 254 VIR
499 201 557 251 G.
592 199 770 251 M‘AR.
804 198 974 249 BUC.
1007 198 1171 249 ECL.
1206 199 1278 250 IV
1420 206 1516 258 125

13 334 194 374 minente
220 331 335 371 fatali
355 318 535 369 exordio.
575 327 679 367 Nam
700 327 816 366 simili
827 325 949 367 modo
971 325 1067 366 alias
1087 341 1247 380 quoque
1266 331 1517 381 superstitio-

0 402 106 442 nes,
135 389 308 430 maxime
324 387 630 437 vaticiniorum,
674 391 910 438 pervagatas
930 398 1012 423 esse
1030 386 1149 438 plura
1170 386 1260 425 loca
1277 388 1517 439 reperimus·
1507 419 1518 440 ,

13 422 184 488 Romam
205 453 340 487 autem
361 460 384 484 a
404 445 630 484 confluente
646 441 826 496 undique
850 442 1111 482 multitudine
1139 456 1204 482 eas
1228 445 1427 484 maturius
1447 446 1520 484 de-

13 507 116 546 latas
134 518 216 545 esse
235 504 334 557 quid
350 503 561 542 miremur!

126 578 182 617 Ut
202 576 343 617 ordine
365 588 544 628 agamus:
572 573 780 613 videamus
806 572 938 626 primo
966 572 1056 612 loco
1069 603 1080 623 ,
1111 573 1315 625 quodnam
1336 575 1520 614 carminis

14 641 294 689 argumentum
314 633 365 672 sit
383 646 456 686 per
475 645 515 670 se
535 632 715 685 spectati.
775 631 945 670 Carmen
966 631 1194 670 bucolicum
1218 632 1271 670 ad
1297 633 1519 684 Consulem,

15 707 134 747 quem
151 708 193 733 v.
225 695 274 734 11
301 692 526 730 Pollionem
541 690 744 739 nominat,
774 702 816 727 se
836 702 1076 728 exorsurum
1097 702 1179 728 esse
1193 689 1411 742 profitetur
1431 691 1521 730 Ma-

12 766 61 792 ro
79 767 89 791 ι
121 754 142 793 1
153 773 212 781 -
227 753 266 793 8.
323 747 396 802 Agi
414 761 523 788 nunc
541 748 725 786 ultimam
745 753 916 786 aetatem
934 761 956 784 a
974 747 1124 800 Sibylla
1140 754 1421 788 memoratam:
1450 749 1521 789 In-

16 810 66 849 de
84 808 381 848 restitutionem
408 819 547 846 rerum
572 806 616 844 in
639 805 851 860 pristinam
879 805 1038 855 faciem,
1070 802 1413 856 ἀποκατάστασιν,
1443 821 1522 846 110-

13 881 111 908 vum
144 866 395 906 saeculorum
423 864 628 914 ordinem,
674 876 823 903 novam
851 863 1063 902 hominum
1093 864 1342 916 progeniem,
1379 865 1521 903 melio-

13 926 70 966 ris
93 925 234 964 aetatis
258 924 410 972 vitam,
439 921 618 961 humano
642 921 777 974 generi
803 921 1027 960 redituram
1048 935 1129 960 esse
1156 922 1417 974 pronuntiat3
1453 922 1521 961 id-

15 997 92 1036 que
109 989 351 1023 eventurum
370 994 450 1020 esse
467 993 594 1033 puero
615 980 747 1032 aliquo
763 985 880 1028 nato,
911 980 953 1018 in
970 979 1158 1021 Pollionis
1187 980 1348 1033 quidem
1365 981 1521 1020 Consu-

13 1043 103 1082 latu
121 1039 212 1083 4-—
227 1038 293 1082 14.
331 1039 402 1079 Ille
428 1037 653 1090 adscriptus
672 1038 749 1076 erit
764 1036 975 1087 heroibus,
1007 1043 1047 1076 et
1077 1037 1183 1076 orbis
1209 1044 1414 1077 terrarum
1443 1052 1521 1092 pa-

16 1100 95 1140 cati
113 1099 190 1139 erit
204 1102 394 1151 regnator
405 1096 525 1139 15-
536 1098 600 1137 17.
631 1096 714 1135 Iam
730 1108 828 1134 vero
851 1095 992 1134 melior
1009 1095 1077 1134 illa
1096 1102 1216 1146 aetas,
1234 1096 1358 1135 aetati
1378 1109 1521 1135 aureae

17 1157 284 1198 acSaturniae
301 1155 449 1204 similis,
460 1166 533 1206 per
551 1153 699 1205 gradus
720 1153 918 1203 succedet,
931 1153 989 1191 ita
1009 1159 1058 1192 ut
1077 1166 1203 1206 puero
1221 1161 1319 1193 nato
1341 1155 1520 1205 exordia,

19 1215 222 1266 18—255
250 1215 499 1254 incrementa
518 1224 616 1250 vero
638 1225 710 1251 sua
728 1210 918 1250 habitura
937 1211 1000 1260 sit,
1018 1212 1180 1263 quando
1200 1212 1264 1251 ille
1288 1212 1520 1264 adoleverit,

15 1275 225 1324 26—363
255 1271 459 1312 cumulata
480 1276 613 1308 autem
633 1275 682 1309 ut
700 1269 752 1307 sit
769 1275 810 1308 et
832 1270 1009 1322 perfecta
1031 1269 1079 1307 ab
1112 1270 1295 1309 omnibus
1324 1272 1519 1323 partibuS,

14 1332 87 1372 ubi
103 1331 170 1371 ille
187 1330 241 1370 ad
267 1330 425 1370 virilem
464 1334 636 1366 aetatem
665 1327 916 1380 pervenerit:
955 1326 1160 1370 37—45.
1226 1329 1394 1380 Reliqua
1425 1335 1521 1368 sunt

15 1388 235 1429 exultantis
253 1388 406 1427 laetitia
426 1392 467 1425 et
479 1391 578 1425 vota
595 1385 774 1424 facientis
799 1398 845 1423 ac
869 1385 1108 1437 gratulantis
1125 1392 1285 1439 poetae:
1315 1385 1370 1429 46
1382 1387 1435 1425 ad
1450 1387 1520 1427 fin.

131 1459 215 1499 Iam
229 1459 274 1498 in
293 1457 357 1497 his
374 1456 487 1496 facile
505 1468 705 1507 agnoscas,
735 1454 768 1493 si
786 1453 907 1493 modo
926 1454 1037 1493 nulla
1056 1455 1220 1508 praevia
1241 1455 1425 1508 opinione
1441 1458 1520 1495 im-

14 1517 140 1558 butus
160 1515 379 1565 accesseris,
407 1514 538 1568 primo
555 1519 717 1566 poetam
731 1511 1015 1565 phantasmata
1035 1513 1083 1550 ab
1103 1527 1245 1552 aureae
1261 1514 1403 1552 aetatis
1421 1528 1521 1553 nar-

14 1575 238 1616 rationibus
254 1573 435 1628 petiisse3
462 1578 552 1611 tum
576 1584 673 1610 vero
688 1600 699 1620 ,
730 1583 822 1610 eum
839 1570 908 1609 illa
938 1570 1158 1609 cumulasse
1176 1571 1220 1610 in
1247 1578 1357 1610 certo
1388 1571 1520 1623 aliquo

16 1634 78 1674 sui
94 1632 286 1686 temporis
307 1637 458 1670 eventu
476 1628 736 1678 declarando,
768 1641 886 1680 quem
904 1628 1040 1681 paullo
1062 1628 1269 1668 obscurius
1289 1629 1521 1681 designavit,

15 1705 206 1744 quomam
230 1690 294 1739 in
300 1688 538 1742 vaticinium
557 1700 642 1727 rem
670 1686 864 1736 mutavit,
906 1686 1084 1738 adeoque
1108 1687 1363 1726 vaticinantis
1388 1687 1522 1726 verbis

17 1756 58 1789 et
73 1723 419 1814 phantasmatibus
436 1759 549 1785 sensa
564 1758 636 1783 sua
653 1744 850 1797 exposuit.
869 1745 1008 1783 Solent
1023 1750 1156 1783 autem
1174 1751 1316 1798 poetae
1328 1745 1471 1797 cupide
1481 1751 1523 1784 et

17 1808 223 1847 ambitiose
238 1805 427 1846 vaticinia
439 1809 673 1857 argumenta
689 1802 912 1841 carminum
922 1803 1063 1852 facere,
1081 1816 1172 1842 cum
1187 1802 1289 1842 nihil
1301 1804 1352 1842 ad
1371 1803 1522 1843 enthu-

15 1865 204 1905 siasmum
219 1864 423 1919 poeticum
443 1862 495 1901 sit
515 1860 873 1900 accommodatius:
900 1859 1009 1912 quod
1026 1861 1164 1899 multis
1177 1862 1367 1915 exemplis
1388 1861 1524 1901 doceri

15 1930 161 1977 posset,
181 1924 214 1963 si
230 1935 341 1962 nunc
355 1921 399 1960 id
416 1925 612 1973 ageretur.
642 1920 806 1957 Summa
826 1918 1116 1957 sententiarum
1130 1918 1231 1958 haec
1250 1926 1309 1959 est
1310 1920 1523 1971 ‚insequu-

16 1988 153 2021 turam
171 1994 254 2021 esse
267 1987 498 2033 temporum
515 1977 745 2016 felicitatem
758 1990 963 2028 magnam,
991 1990 1156 2028 eamque
1177 1977 1338 2017 initium
1356 1977 1523 2017 habitu-

16 2053 106 2079 ram
124 2053 205 2078 esse
227 2053 251 2078 a
265 2038 466 2078 natalibus
483 2036 610 2090 pueri,
625 2034 802 2073 Pollione
822 2035 908 2074 Cos.
930 2035 1028 2074 nati.
1059 2034 1236 2083 Quinam
1255 2036 1322 2074 ille
1337 2050 1439 2089 puer
1455 2036 1522 2075 su—

18 2098 116 2148 erit,
149 2103 191 2136 et
218 2096 317 2149 quid
332 2101 494 2150 poetam
515 2092 755 2141 adduxerit,
793 2098 843 2131 ut
866 2098 1024 2131 tantam
1055 2106 1194 2132 rerum
1222 2095 1523 2133 conversionem

18 2169 66 2195 eo
96 2161 195 2194 nato
218 2156 524 2206 insequuturam
542 2150 722 2204 polliceri
743 2155 899 2202 posset,
939 2149 1019 2189 1100
1042 2157 1125 2200 est,
1164 2151 1275 2202 quod
1302 2152 1522 2203 quaeritur.

18 2213 176 2252 Scilicet
194 2213 300 2252 inter
318 2224 453 2251 omnes
472 2209 664 2262 popuIOS,
693 2221 836 2259 magna
852 2208 1034 2261 inprimis
1056 2209 1188 2260 aliqua
1207 2209 1431 2248 calamitate
1448 2224 1524 2262 op-

17 2284 194 2324 pressos,
223 2269 414 2310 vaticinia
433 2266 680 2307 circumferri
699 2265 891 2315 assolent,
933 2278 1035 2318 quae
1066 2267 1148 2305 sive
1174 2267 1360 2319 graviora
1378 2267 1523 2306 minari

17 2329 102 2368 sive
141 2328 311 2368 laetiora
345 2327 476 2366 solent
510 2324 709 2378 polliceri,
749 2336 895 2375 eaque,
942 2324 1164 2363 necessaria
1197 2338 1334 2364 rerum
1368 2325 1523 2364 vicissi-

17 2386 180 2436 tudine,
210 2385 440 2425 melioribus
457 2382 672 2435 aliquando
694 2381 998 2420 succedentibus
1017 2383 1287 2435 temporibus,
1317 2384 1399 2422 fere
1419 2397 1523 2422 sem-

17 2457 101 2510 per·
129 2450 319 2484 eventum
348 2442 513 2482 habent.
587 2440 705 2479 Nullo
741 2445 878 2477 tamen
916 2446 1097 2492 tempore
1136 2440 1421 2480 vaticiniorum
1457 2441 1523 2478 in-

18 2502 153 2542 sanius
174 2502 253 2541 suit
270 2501 470 2550 studium,
502 2512 622 2550 quam
639 2497 712 2536 sub
731 2502 913 2536 extrema
927 2498 1168 2550 reipublicae
1186 2499 1388 2537 Romanae
1418 2505 1523 2537 tem-

18 2573 140 2613 pora,
170 2560 399 2613 primosque
415 2560 699 2610 Imperatores,
730 2568 821 2594 cum
849 2555 1047 2594 bellorum
1076 2556 1252 2595 civilium
1280 2557 1524 2595 calamitates

18 2615 229 2657 hominum
253 2617 405 2656 animos
436 2614 661 2657 terroribus
682 2612 810 2651 omnis
838 2613 989 2664 generis
1015 2613 1184 2665 agitatos
1208 2613 1262 2652 ad
1286 2615 1399 2653 varia
1425 2627 1524 2666 por-

18 2680 247 2726 tentorum,
283 2674 440 2728 prodigi
442 2685 578 2721 orum,
622 2677 664 2709 et
701 2670 987 2710 vaticiniorum
1013 2671 1190 2710 ludibria
1223 2673 1523 2711 convertissent.

19 2731 207 2784 Inprimis
245 2739 381 2772 autem
417 2732 470 2771 ad
497 2729 668 2782 Sibyllas
716 2728 846 2767 multa
885 2729 1077 2769 vaticinia
1115 2730 1365 2779 referebant,
1413 2728 1524 2768 cuius

22 2789 279 2828 oraculorum
295 2790 449 2842 generis
471 2787 633 2828 omnino
657 2791 698 2824 et
719 2786 814 2824 alias
841 2786 948 2826 inter
978 2788 1181 2826 Romanos
1207 2794 1247 2825 et
1266 2793 1367 2826 tunc
1394 2786 1523 2825 multo

20 2847 144 2898 magis
163 2854 251 2886 erat
267 2861 409 2900 magna
429 2845 661 2886 auctoritas.
721 2843 887 2895 Collegit
914 2858 965 2883 ex
986 2845 1054 2884 illa
1079 2851 1209 2883 aetate
1233 2845 1395 2883 oracula
1419 2856 1524 2882 non-

20 2904 134 2943 nulla
149 2904 341 2956 Sibyllina
369 2903 575 2944 Fabricius
606 2901 706 2940 Bibl.
734 2901 804 2939 Gr.
834 2902 946 2941 Tom.
969 2903 1000 2952 I,
1017 2903 1084 2942 lib.
1114 2902 1144 2951 I,
1175 2916 1208 2940 c.
1234 2905 1303 2951 30,
1325 2900 1366 2953 §2
1398 2904 1423 2943 6
1441 2911 1523 2950 sqq·

23 2961 103 3000 Sed
121 2974 208 3000 rem
224 2963 320 3001 satis
334 2963 401 3002 vel
418 2977 524 3002 unus
543 2958 723 2998 Suetonii
746 2958 859 2998 locus
886 2960 1029 3000 Octav.
1059 2975 1092 2999 0.
1121 2962 1172 3002 31
1207 2959 1403 3007 declarat3
1434 2968 1524 2995 cum
