1768 3320
417 0 450 42 Χ

264 189 745 244 GEQBGICON
779 191 924 277 LIl3.
958 192 1012 255 1,
1052 194 1342 246 178—187
1458 197 1561 244 319

42 325 190 373 Tum
212 320 385 373 variae
409 318 656 370 inludant
671 326 876 385 pestes:
912 334 1073 385 saepe
1103 318 1318 384 exiguus
1334 337 1457 371 mus

42 392 158 442 Sub
175 391 332 444 tern’s
347 390 637 458 posuitque
667 387 863 439 domos
882 397 1043 455 atque
1059 387 1256 441 horrea
1275 388 1428 453 fecit3

39 465 149 515 Aut
175 460 343 513 oculis
362 460 500 528 capti
517 457 712 511 fodere
734 458 928 509 cubilia
947 458 1151 526 talpae3

39 535 406 600 Inventusque
427 530 562 580 cavis
577 527 713 579 bufo
724 570 738 589 ‚
776 537 830 579 et
849 545 987 596 quae
1006 528 1236 596 plurima
1254 538 1430 581 terrae

38 604 281 653 Monstra
310 599 521 663 serunt3
565 599 899 667 populatque
928 598 1205 665 ingentem
1231 598 1385 650 farris
1413 617 1559 651 acer—

829 686 958 719 vum
1461 675 1560 724 185

0 777 5 788 ,
42 741 294 795 Curculio
308 782 324 806 ‚
361 749 522 809 atque
542 740 692 807 inopi
711 747 963 790 metuens
981 738 1208 790 formica
1227 749 1488 793 senectae.

111 811 523 879 Contemplator
543 810 700 874 item,
738 826 908 877 quum
928 826 986 862 se
1006 827 1113 861 nux
1131 810 1365 878 plurima
1382 810 1526 861 silvis

89 931 154 967 181
180 930 346 965 illudant
373 930 478 975 (quae
498 935 552 962 est
577 928 678 974 prior
696 927 827 962 Medic.
848 927 969 962 lectio.
999 927 1095 972 Wr.)
1113 926 1235 962 Heius.
1259 934 1345 974 post
1363 927 1515 962 Pieriam
1537 940 1558 962 e

38 977 244 1012 melioribus
269 977 437 1018 firmavit3
473 976 718 1010 emendaverat
742 975 811 1008 iam
837 976 992 1021 Nauger.
1018 975 1056 1009 in
1082 975 1163 1009 Ald.
1194 987 1266 1010 sec.
1311 975 1370 1010 sic
1392 983 1428 1010 et
1445 974 1556 1010 Goth.

38 1036 109 1059 sec.
134 1026 186 1070 (et
199 1026 235 1062 3.
252 1026 295 1061 7.,
308 1026 366 1062 11.
387 1021 444 1062 14.
473 1023 569 1066 Wr.)
617 1023 786 1057 illudunt
808 1021 870 1056 alii
897 1030 933 1056 et
949 1022 1029 1056 Ald.
1045 1034 1118 1068 pn,
1142 1034 1246 1068 quam
1261 1034 1279 1055 s
1327 1029 1455 1056 uuntur
1474 1022 1557 1068 ple-

37 1072 156 1117 rique.
184 1073 309 1118 (eaque
335 1079 390 1105 est
415 1071 528 1104 altera
550 1070 679 1104 Medic.
707 1069 829 1103 lectio.
867 1070 963 1114 W'r.)
1014 1072 1101 1103 eum
1124 1071 1256 1103 variae
1274 1069 1307 1103 il
1322 1070 1443 1103 udum
1464 1071 1556 1105 Ven.

38 1119 136 1153 Nam
150 1132 282 1153 vanae
300 1118 468 1153 illudunt
486 1117 632 1162 legebat
650 1116 824 1151 Reiskius.

873 1117 984 1162 (Tum
1005 1124 1059 1150 est
1079 1115 1227 1161 copulae
1253 1116 1335 1150 loco
1349 1142 1359 1158 ,
1385 1124 1419 1150 et
1441 1117 1554 1151 oratio

38 1165 90 1200 sic
108 1178 148 1200 se
166 1166 292 1200 habet:
322 1177 425 1208 „nen
443 1164 599 1206 fatiscat,
624 1171 680 1205 et,
704 1163 766 1197 ubi
781 1164 852 1198 hoc
873 1165 1003 1198 factum
1027 1163 1155 1205 fuerit,
1178 1162 1297 1197 variae
1323 1171 1442 1208 pestes
1468 1163 1555 1198 illu·

38 1213 160 1247 (ἰῑιιιῒ.α
205 1212 296 1247 Hinc
311 1211 526 1254 semicolon,
550 1211 645 1257 quod
663 1218 740 1244 erat
758 1211 795 1244 in
814 1211 883 1244 fine
900 1223 950 1244 vs.
972 1212 1062 1251 180.,
1084 1210 1121 1243 iu
1138 1222 1271 1244 comma
1290 1210 1429 1244 mutavi.
1458 1212 1554 1257 Wr.)

37 1259 232 1294 Clausulam
251 1271 373 1294 versus
393 1258 515 1293 miram
532 1258 677 1304 gratiam
697 1258 851 1300 habere,
873 1258 942 1291 iam
964 1257 1130 1300 Quinctil.
1150 1258 1245 1298 VIII,
1268 1257 1302 1297 3,
1327 1258 1376 1293 20
1399 1258 1554 1292 censuit:

38 1315 80 1341 at
105 1307 258 1355 Virgilii
276 1308 455 1340 miramur
473 1306 589 1339 illud:
622 1318 732 1352 saepe
757 1307 917 1352 exiguus
935 1317 1016 1338 mus
1035 1310 1071 1337 et
1087 1316 1163 1350 sqq.

726 1353 795 1389 182
819 1353 950 1386 domus
967 1351 1076 1385 Pierii
1090 1351 1319 1396 Longobard.
1337 1352 1465 1386 Moret.
1482 1365 1554 1387 sec.

35 1354 122 1388 artis
144 1366 311 1388 summam
327 1353 365 1386 in
384 1353 454 1387 hoc
472 1365 631 1398 quaeras.

1211 1304 1322 1337 Recte
1333 1330 1342 1345 ,
1372 1305 1481 1339 modo
1508 1317 1554 1339 ne

37 1408 76 1436 et
90 1401 199 1436 Goth.
217 1413 288 1435 sec.
322 1400 432 1445 (idem
454 1399 492 1433 in
510 1399 659 1433 Gudian.
685 1406 823 1433 exstare
842 1398 965 1433 scribit
979 1397 1117 1432 Curtius
1139 1398 1186 1432 ad
1206 1398 1337 1432 Lucan.
1359 1399 1452 1440 VIII,
1471 1400 1554 1440 216.

35 1449 108 1483 Sed
126 1449 241 1483 forma
263 1448 390 1482 domos
408 1446 583 1481 constanti
607 1447 684 1479 fere
702 1446 880 1492 potiorum
903 1445 1064 1480 codicum
1082 1445 1291 1479 auctoritate
1314 1446 1410 1490 apud
1429 1445 1554 1492 Virgi-

35 1496 122 1530 lium
144 1494 358 1530 defenditur.
387 1496 444 1529 W
438 1493 483 1538 r.)

581 1494 649 1530 183
674 1494 799 1527 oculos

34 1542 145 1577 cellas
162 1543 200 1577 in
217 1555 359 1589 capere.
404 1541 503 1574 Idem
519 1539 656 1587 fovere
675 1539 804 1574 habet:

825 1506 867 1527 ca
894 1495 926 1527 ti
939 1491 1135 1537 elegantius
1159 1492 1281 1526 laudat
1295 1492 1433 1526 Nonius
1450 1494 1554 1527 Mar-

836 1507 893 1583 ni:
914 1538 987 1576 420
1013 1539 1160 1573 coluber
1176 1537 1280 1585 fovit
1299 1539 1458 1574 humum.
1490 1542 1552 1584 IV,

34 1589 83 1627 ὦ
106 1588 183 1624 Sub
211 1598 315 1623 terra
333 1587 469 1635 fovere
494 1588 621 1621 larem.
668 1588 733 1622 Est
755 1595 871 1621 tamen
898 1587 948 1620 nil
970 1586 1040 1620 nisi
1067 1586 1204 1622 librarii
1229 1586 1362 1630 lapsus.
1410 1587 1551 1632 (Medic.

33 1638 140 1692 “1⁹52
151 1636 217 1671 sed
232 1647 341 1681 supra
354 1635 488 1682 scripta
506 1647 538 1668 c.
569 1634 666 1678 Wr.)

33 1685 159 1726 hen-115
183 1695 250 1718 nec
263 1682 366 1718 male.
390 1682 509 1727 (immo
527 1682 699 1727 pessime;
721 1694 762 1716 ac
778 1694 809 1715 si
828 1693 931 1727 quem
949 1693 1017 1726 cop

754 1635 822 1689 ¹⁸.5
845 1647 915 1681 que
932 1640 1018 1679 post
1019 1634 1189 1713 Ιςυριιιιιε
1208 1633 1327 1668 exulat
1346 1646 1368 1668 a
1385 1635 1551 1670 Mediceo

1057 1693 1078 1714 a
1095 1680 1131 1714 h.
1146 1679 1170 1714 L
1190 1680 1360 1723 offendet,
1378 1680 1409 1714 is
1423 1682 1551 1716 memi-

31 1730 142 1774 nerit,
165 1729 395 1777 repetendum
413 1741 492 1763 esse
509 1741 621 1777 saepe
637 1740 680 1762 ex
696 1728 957 1774 superioribus3
982 1728 1027 1762 ef.
1045 1728 1090 1762 V.
1106 1728 1149 1761 L.
1166 1740 1217 1761 vs.
1240 1727 1319 1764 175.
1351 1728 1446 1773 Wr.)

26 1778 239 1834 pulantque
260 1778 393 1810 Moret.
427 1788 482 1822 pr.
514 1782 550 1809 et
577 1776 738 1809 Parthas.

850 1777 920 1813 186
979 1775 1129 1822 argalio
1157 1774 1324 1808 scribitur
1353 1775 1391 1808 in
1418 1742 1551 1819 maiiix

32 1831 119 1859 ntem
133 1824 316 1872 curgulio.
349 1831 585 1868 metuensque
601 1824 706 1870 inopi
720 1823 842 1857 laudat
860 1822 953 1857 Scho
970 1847 980 1856 .
996 1822 1122 1856 Horat.
1141 1821 1359 1868 cruquianm
1376 1825 1449 1857 Sat.
1466 1825 1494 1866 1,
1516 1827 1550 1859 1.

33 1873 103 1910 187
127 1871 400 1919 Gonmnpletur
415 1869 588 1905 Rottend.
608 1882 679 1904 sec.
698 1882 720 1905 a
738 1883 784 1906 m.
802 1882 858 1916 pr.
901 1914 905 1919 ⁵

30 1978 67 2018 si
102 1984 212 2019 terra
243 1978 288 2020 in
325 1977 537 2030 pulverem
563 1975 759 2027 solvitur,

29 2051 116 2077 non
151 2035 333 2078 dehiscit.
398 2034 632 2088 Respondet
675 2048 759 2075 vox

29 2097 88 2150 τῷ
106 2094 344 2143 solidanda,
374 2107 426 2132 ne
445 2093 580 2132 solum
590 2093 761 2144 pulvere

17 2153 215 2205 fatiscat,
256 2152 459 2202 solvatur,
487 2151 531 2189 in
551 2150 762 2203 pulverem

29 2216 273 2253 attenuetur.
302 2209 369 2248 Sic
386 2210 457 2248 Ge.
478 2209 527 2258 11,
544 2207 630 2251 249
646 2208 766 2247 haud

29 2282 228 2322 umquam
251 2266 439 2306 manihzae
466 2268 623 2307 iactata
643 2266 760 2317 sati-

27 2328 116 2376 scd,
133 2326 177 2366 in
196 2339 358 2379 grumas
375 2325 559 2365 solvitur.
576 2323 676 2363 Aen.
686 2324 759 2374 lx,

28 2385 115 2428 809
144 2387 258 2424 saxio
280 2383 415 2422 solida
432 2397 529 2422 aera
533 2382 756 2435 fatiscunt,

27 2442 212 2495 repetitis
247 2441 398 2481 ictibus
432 2441 543 2493 galea
575 2440 759 2490 solvitur,

26 2500 247 2553 rumpitur,
265 2501 508 2553 perforatur.
536 2497 660 2551 Apud
676 2498 762 2537 Lu·-

28 2563 124 2596 cret.
158 2558 226 2608 111,
250 2557 337 2601 459
365 2572 466 2597 aevo
477 2557 601 2609 fissa
610 2556 763 2608 fallaci

27 2615 244 2664 dicuntur,
280 2621 485 2655 vetustate
513 2614 758 2664 labefactari,

27 2673 143 2722 solvi,
160 2672 295 2713 dilabi.
324 2676 434 2713 victa
451 2679 620 2712 ornatus
637 2686 758 2712 eaus—

27 2745 71 2769 sa
89 2730 313 2781 adiectum,
341 2730 445 2771 nihil
463 2731 644 2783 amplius.
673 2728 756 2784 (vi-

26 2797 94 2827 cta
113 2789 282 2840 pulvere
307 2789 334 2828 i.
361 2802 394 2828 e.
423 2794 639 2841 superante
658 2788 755 2840 pul·

25 2859 135 2886 vere.
173 2847 244 2886 W
236 2843 286 2899 r.)
348 2847 455 2889 Tum
477 2848 618 2884 variae
642 2847 754 2884 inlu-

24 2904 126 2945 dant
140 2911 292 2955 pestes,
321 2901 363 2942 h.
383 2903 499 2942 varia
517 2903 755 2943 animalcula

24 2962 172 3003 nociva
198 2960 418 3010 invadant,
448 2961 552 3000 clam
571 2962 753 3011 subeant,

819 1975 932 2028 quod
959 1975 1161 2030 eleganter
1183 1976 1352 2015 illudere
1383 1976 1547 2028 dicitur,

818 2035 914 2087 quia
931 2035 1054 2086 clam,
1085 2041 1127 2074 et
1146 2034 1259 2086 quasi
1274 2047 1348 2087 per
1362 2035 1550 2074 fraudem

818 2098 861 2131 et
876 2092 1040 2132 insidias
1056 2093 1222 2142 faciunt,
1244 2091 1402 2144 hacque
1417 2093 1548 2133 rafin-

818 2164 870 2190 ne
908 2150 1082 2189 eludunt
1117 2163 1283 2203 operam
1324 2157 1367 2190 et
1406 2165 1549 2191 curam

818 2209 1024 2261 agricolae.
1053 2210 1227 2261 exiguus
1254 2223 1367 2260 mus,
1396 2224 1482 2249 non
1498 2209 1549 2249 de

818 2273 930 2306 certo
958 2279 1120 2320 genere,
1160 2266 1233 2305 sed
1258 2272 1321 2307 est
1337 2266 1547 2320 epitheton

818 2339 979 2364 ornans.
1020 2327 1161 2377 posuit
1180 2354 1192 2375 ,
1238 2338 1392 2377 ponere
1432 2326 1545 2365 solet.

820 2381 915 2424 184.
940 2397 1051 2456 guae
1063 2383 1261 2435 plurima,
1284 2384 1419 2436 qualia
1436 2384 1546 2423 mul-

816 2446 883 2491 ta,
913 2436 984 2482 0ιᾶ
1013 2456 1057 2481 τε
1084 2436 1229 2482 πολλά.
1290 2442 1384 2485 185.
1404 2456 1545 2495 popu-

816 2499 877 2537 lat
896 2500 1099 2550 ingentem
1108 2498 1245 2550 sanis
1258 2513 1449 2539 acervum
1470 2513 1546 2539 ex-

815 2556 961 2609 pressit
991 2556 1211 2595 Columella
1230 2556 1279 2607 11,
1302 2560 1371 2607 20,
1398 2557 1471 2596 ubi
1494 2558 1545 2596 de

816 2628 1003 2664 amurca,
1033 2627 1114 2666 qua
1131 2627 1265 2653 aream
1283 2628 1544 2669 conspergere

814 2672 998 2711 solebant
1025 2678 1205 2723 veteres,
1240 2687 1340 2711 nam
1359 2688 1410 2712 ea
1435 2687 1497 2712 res
1514 2687 1543 2712 a

810 2731 1077 2782 populatione
1120 2732 1297 2769 murium
1331 2731 1542 2783 jbnnica-

811 2846 1006 2885 Prudent.
1023 2845 1066 2884 in
1084 2847 1235 2898 Symm.
1255 2845 1285 2895 I,
1307 2846 1427 2888 1052.

872 2906 956 2946 187
973 2925 1032 2933 —
1056 2905 1151 2946 192.
1204 2903 1383 2941 Ornatus
1413 2902 1537 2941 locus.

811 2962 867 3000 Ut
896 2961 946 3000 de
972 2961 1113 3000 futuro
1131 2961 1227 2999 anni
1242 2965 1447 3012 proventu
1470 2959 1537 2998 iu-
