1734 3320
242 184 734 249 eucnemon
767 184 910 236 Lm.
946 184 994 248 1,
1033 158 1330 239 397-404
1444 189 1548 240 365

19 313 278 366 Inmundi
298 312 602 364 meminere
625 328 748 363 sues
765 311 959 362 iactare
977 308 1268 379 maniplos:

1445 317 1549 366 400

19 388 88 436 At
125 383 355 460 nebulae
391 383 558 450 magis
591 384 698 434 ima
731 390 954 451 petunt,
998 397 1303 449 campoque
1333 398 1550 432 recum-

808 451 948 502 bunt
960 476 973 514 ;

22 523 163 575 Solis
187 530 245 574 et
266 537 517 574 occasum
537 539 754 575 servans
783 521 853 573 de
875 521 1108 573 culmine
1133 537 1352 572 summo

18 598 178 663 Nequ

178 593 401 661 idquam
420 611 570 645 seros
593 601 803 644 exercet
827 601 1025 643 noctua
1048 600 1244 644 cantus

20 664 257 733 Adparet
278 664 486 734 liquido
510 664 751 716 sublimis
776 663 831 713 in
858 679 981 714 aere
1000 663 1182 727 Nisus,

66 783 136 820 401
161 786 242 818 Aut
257 783 385 818 Moret.
412 795 484 818 sec.
513 790 550 818 et
575 783 702 829 fragm.
730 783 861 817 Moret.
909 794 1109 836 campoque
1135 780 1306 814 residunt
1329 778 1440 814 Goth.
1465 790 1549 820 see,

20 843 94 865 non
120 830 233 873 male,
269 831 335 865 sed
363 842 406 864 ex
433 830 741 876 interpretatione.

834 828 907 865 402
932 830 979 864 de
1004 829 1142 863 Inmane
1167 828 1259 862 Ven.
1353 826 1426 862 403
1449 826 1550 860 Neo-

21 880 231 926 quicquam3
266 878 416 919 frustra,
447 884 487 911 ut
513 890 589 924 sup.
610 879 658 914 96
684 890 754 911 nec
778 877 884 911 illum
911 876 1034 910 Flava
1061 878 1170 909 Ceres
1197 875 1277 909 alto
1302 874 1550 920 nequidquam

21 934 165 974 spectac
182 937 328 960 acervo.
377 926 422 959 Et
447 925 500 960 sic
525 937 643 971 saepe.
690 925 743 957 De
764 923 1061 970 interpretatione
1088 922 1159 956 vid.
1179 923 1265 957 Not.
1313 922 1444 966 lungo:
1468 920 1549 955 Ne-

21 972 220 1020 quidquam
249 980 395 1006 exetcet
421 985 451 1007 c.
498 975 546 1006 At
569 971 724 1006 Eduard.
745 970 874 1016 King.:
909 970 1167 1017 Nequidquam
1185 981 1343 1003 servans
1370 980 1550 1010 occasum,

21 1019 155 1066 quippe
180 1018 240 1066 qui
266 1019 306 1053 in
327 1025 426 1054 tanta
455 1019 543 1054 caeli
574 1018 763 1053 serenitate
789 1018 847 1052 vix
866 1017 982 1063 possit
1013 1016 1205 1051 observari.
1253 1015 1417 1057 Servius,
1445 1025 1549 1061 quem

20 1066 128 1112 vulgo
149 1072 340 1113 sequuntur
354 1067 580 1112 interpretes,
603 1066 849 1112 nequidquam
866 1075 932 1111 pro
953 1075 1026 1098 non
1046 1064 1134 1109 poni
1153 1063 1240 1097 vult.
1287 1064 1339 1098 Io.
1360 1062 1547 1098 Schrader.

23 1114 248 1148 emendabat:
270 1114 524 1162 Nequaquam.

22 1221 158 1260 abesse
177 1220 246 1260 ait.
305 1222 412 1260 Sunt
430 1233 523 1273 ergo
542 1220 670 1260 nubes
686 1233 759 1274 per

22 1279 176 1319 caelum
188 1292 347 1332 sparsae
360 1293 458 1318 mox
475 1279 518 1318 in
531 1279 759 1318 densiorem

22 1344 64 1377 et
101 1337 316 1377 obscuram
353 1337 504 1376 nubem
555 1338 758 1377 coitus-ae:

20 1396 122 1436 Plin.
144 1395 290 1447 XVIII,
316 1395 385 1446 35,
406 1410 436 1434 s.
459 1397 515 1438 82
555 1396 602 1434 Si
620 1395 757 1446 nubes,

22 1463 67 1493 ut
108 1455 259 1495 vellem
309 1455 433 1492 lanae
448 1483 459 1503 ,
513 1461 760 1505 spargentur

22 1514 175 1564 multae
211 1511 265 1551 ab
303 1514 449 1551 oriente
465 1541 476 1562 ,
528 1526 683 1565 aquam
713 1513 757 1549 in

23 1571 201 1610 triduum
229 1572 510 1622 praesagient.
570 1570 713 1609 Aliena
733 1583 756 1607 a

22 1642 68 1668 re
103 1629 194 1669 loca
219 1634 340 1679 sunt,
385 1641 486 1680 quae
515 1628 647 1667 Cerda
670 1640 758 1666 me-

22 1693 159 1727 morat
182 1717 193 1738 ,
249 1686 402 1726 Lucani
440 1686 516 1738 IV,
570 1685 676 1736 124,
718 1686 758 1729 5.

22 1745 233 1795 Martialis,
248 1749 290 1784 et
306 1744 475 1796 reliqua.
485 1767 543 1775 —-
563 1747 661 1787 399.
672 1745 760 1783 Di-

22 1804 149 1843 lectae
175 1803 336 1842 Thetidi
353 1803 553 1855 alcyones.
597 1803 663 1841 Sic
680 1803 761 1841 iam

22 1861 194 1902 Theocr-
223 1861 308 1912 VH,
334 1861 390 1905 59
432 1860 676 1900 Nereidibus
692 1861 759 1898 di-

2 1951 4 1953 >
23 1920 148 1959 lectas
169 1919 341 1959 dixerat.
381 1915 614 1970 Ἁλκυόνες,
642 1922 760 1973 γλαυ-

23 1983 118 2029 καῖς
140 1979 323 2032 Νηρηΐσι
342 1978 409 2019 ταί
427 1993 469 2018 τε
488 1972 758 2031 μάλισταὈρ-

23 2037 150 2089 νίχων
181 2036 382 2088 ἔφίλαθεν
409 2031 527 2084 ὅσαις
554 2034 597 2076 τέ
619 2051 694 2090 περ
718 2035 760 2084 ἐξ

24 2091 124 2144 ἆλός
135 2091 251 2149 ἄγρα.
282 2093 333 2132 Iis
344 2093 632 2132 incubantibus
648 2106 760 2132 mare

22 2152 291 2204 tranquillum
308 2165 403 2201 esse,
433 2151 544 2190 unde
557 2151 640 2191 dies
656 2150 761 2190 Hal-

25 2211 162 2264 cyonii
189 2210 289 2249 dicti
318 2216 437 2260 sunt,
475 2215 576 2249 nota
600 2223 665 2249 res
687 2215 759 2249 est.

24 2268 167 2308 Aliena
190 2274 330 2321 tamen
349 2267 452 2306 haec
470 2268 519 2306 ab
539 2266 581 2307 h.
604 2268 631 2307 1.
650 2274 759 2318 sunt,

25 2341 106 2380 quo
127 2326 334 2380 praesagia
355 2326 579 2379 ingruentis
603 2331 762 2379 tempe-

25 2385 141 2424 statis
158 2390 454 2424 memorantur:
469 2385 655 2437 alcyones
669 2398 761 2423 raro

24 2442 68 2482 in
91 2449 352 2498 conspectum
370 2442 560 2493 veniunt,
590 2457 663 2480 nec
681 2444 764 2481 nisi

32 2502 310 2554 Vergiliarum
329 2516 475 2540 occasu
495 2510 532 2539 et
548 2503 656 2539 eima
675 2501 761 2539 sol-

26 2561 138 2598 stitia
166 2559 329 2598 brumae
344 2576 356 2597 :
396 2559 482 2598 vid.
515 2557 685 2598 Aristot.
707 2558 760 2598 H.

27 2615 75 2655 A.
95 2617 144 2667 V,
164 2620 204 2660 9.
233 2617 333 2657 Plin.
355 2618 409 2667 X,
434 2619 502 2667 32,
525 2632 556 2657 s.
575 2615 643 2659 47.
661 2622 762 2655 tunc

26 2687 121 2726 ergo
147 2675 440 2728 praesagientes
478 2675 582 2715 aeris
622 2681 761 2714 muta-

26 2732 181 2771 tionem
213 2733 355 2785 pennis
386 2733 570 2786 expansis
592 2745 675 2772 esse
692 2748 761 2772 so-

25 2789 193 2829 lent.-
208 2788 305 2832 400.
326 2792 557 2842 manqoulos
576 2803 661 2830 non
676 2805 761 2831 mo-

28 2847 82 2887 do
99 2860 250 2886 messae
265 2847 405 2900 frugis,
437 2849 510 2888 sed
526 2848 760 2900 herbarum,

25 2904 238 2958 graminis,
269 2906 472 2946 straminis
503 2913 578 2946 etc.
608 2920 674 2946 eos
693 2910 761 2946 ia-

25 2971 138 3002 ctant
165 2963 316 3002 solutos
330 2993 341 3012 ,
373 2960 415 3002 h.
444 2964 503 3003 ita
520 2971 570 3003 ut
596 2965 761 3004 solvan-

616 1112 690 1150 404
712 1113 862 1147 aethere
877 1113 979 1147 Rom.
997 1123 1085 1146 unus
1106 1110 1224 1145 Mead.

817 1224 887 1258 tur
905 1217 1115 1258 iactando:
1139 1223 1286 1256 notum
1307 1217 1464 1270 signum
1483 1216 1549 1255 in-

814 1277 956 1316 stantis
984 1276 1221 1316 mutationis
1247 1275 1358 1315 caeli.
1416 1274 1549 1314 Etiam

813 1335 914 1376 Plin.
932 1335 1074 1385 XVIII,
1095 1336 1163 1376 88.

873 1392 971 1436 401.
995 1395 1232 1445 Sequuntur
1253 1405 1362 1431 nunc
1374 1404 1432 1441 ea,
1446 1404 1549 1443 quae

813 1465 1001 1491 serenum
1048 1451 1204 1490 caelum
1245 1463 1342 1490 vere
1378 1455 1549 1503 porten-

815 1510 940 1549 dunt:
971 1509 1223 1549 subsidentes
1248 1509 1440 1559 nebulae,
1470 1521 1550 1547 no-

814 1574 931 1608 ctuae
972 1574 1115 1608 cantus
1136 1597 1148 1618 ,
1198 1572 1272 1606 etc.
1309 1566 1424 1606 Arat.
1450 1565 1548 1606 ibid.

814 1627 900 1670 256
921 1640 1005 1678 sqq.
1039 1632 1129 1665 tum
1161 1625 1215 1664 ad
1243 1623 1342 1668 402.
1378 1625 1429 1664 cf.
1450 1624 1549 1664 ibid.

815 1699 855 1724 v.
876 1686 1140 1734 267-269‚
1171 1684 1243 1723 ubi
1272 1683 1421 1723 diserte
1451 1679 1551 1736 ἥσυ-

815 1759 889 1796 χον
911 1739 1127 1784 ἄείδουσω
1158 1742 1270 1781 nulla
1289 1755 1335 1781 re
1353 1741 1551 1794 interpel-

816 1802 927 1840 lante
938 1814 1026 1840 eam
1039 1806 1249 1839 canentem
1260 1800 1441 1852 adeoque
1457 1813 1550 1838 con-

817 1860 949 1899 tinuo.
1006 1859 1166 1899 Noctua
1198 1859 1419 1899 observans
1456 1857 1551 1897 solis

818 1931 1003 1958 occasum
1019 1947 1031 1968 ,
1078 1923 1201 1970 atque
1232 1916 1335 1956 adeo
1372 1923 1550 1967 noctem,

817 1977 959 2016 sedens
988 1975 1032 2015 in
1054 1976 1211 2015 arboris
1240 1975 1461 2025 cacumine,
1480 1988 1551 2014 ca-

816 2037 880 2074 nit
913 2033 1095 2084 assidue,
1135 2034 1206 2073 sed
1237 2034 1420 2073 frustra:
1466 2033 1551 2073 avis

817 2094 924 2132 enim
948 2092 1134 2145 quamvis
1162 2092 1362 2142 ominosa,
1391 2098 1550 2145 tempe-

816 2151 1010 2203 statisque
1031 2151 1126 2190 alias
1154 2150 1319 2200 nuntia,
1358 2163 1470 2190 nunc
1481 2156 1551 2189 ta-

816 2223 923 2260 men,
942 2223 1022 2261 quo
1039 2209 1172 2249 minus
1190 2208 1384 2248 serenitas
1395 2208 1550 2258 redeat,

818 2282 902 2307 non
939 2267 1121 2319 impedit.
1167 2267 1269 2306 Plin.
1309 2266 1455 2318 XVIII,
1493 2269 1550 2309 87

820 2325 888 2364 Sic
933 2333 1082 2364 noctua
1123 2327 1167 2363 in
1215 2325 1338 2364 imbre
1375 2325 1550 2378 gan-ula

820 2381 1038 2438 (praesagit
1072 2379 1366 2436 serenitatem),
1414 2392 1460 2422 at
1485 2398 1551 2422 se-

817 2456 931 2492 reno,
970 2450 1257 2493 tempestatem.
1319 2441 1426 2482 Nihil
1451 2440 1552 2480 mihi

817 2500 984 2540 videtur
1020 2499 1144 2552 magis
1191 2513 1274 2539 esse
1313 2500 1551 2553 expeditum

817 2558 896 2598 hac
920 2563 1062 2597 nostra
1084 2558 1266 2610 ratione3
1306 2558 1392 2598 vid.
1413 2565 1552 2597 tamen

816 2617 912 2657 Var.
949 2616 1059 2655 Lect.
1099 2613 1403 2670 (nequidquam
1424 2647 1435 2667 ‚
1478 2630 1547 2664 an,

817 2676 912 2727 quia
938 2688 1023 2713 non
1050 2673 1218 2713 auditur
1247 2688 1337 2714 sero
1375 2674 1550 2714 canens?

817 2739 868 2772 ut
889 2733 971 2772 Ecl.
997 2731 1036 2771 II
1044 2730 1130 2783 ,4.:
1170 2733 1252 2783 „ibi
1278 2732 1379 2771 haec
1405 2733 1551 2771 incon—

820 2791 906 2830 dita
935 2790 1078 2829 solus
1098 2790 1444 2830 Montibuaeet
1464 2789 1549 2827 sil-

817 2850 901 2889 vis
947 2848 1127 2888 studio
1167 2848 1402 2887 iactabat
1439 2847 1549 2885 ina-

817 2907 878 2948 ni.
892 2909 917 2929 “
949 2908 1021 2947 W
1014 2904 1069 2960 r.)

876 2963 973 3007 404.
1014 2963 1244 3003 Haliaeetus
1290 2975 1401 3003 nunc
1446 2960 1548 2999 cirin
