1768 3320
302 240 928 318 aestumatum„
964 239 1053 301 v1,
1087 204 1313 291 25—36

1459 245 1557 294 175

8 399 10 401 >
37 371 650 434 Semina-serrarumque
680 366 999 432 animaeque
1025 365 1298 431 marisque
1317 363 1557 431 fuissent,

34 443 103 491 Et
123 437 314 508 liquidi
332 436 494 488 simul
518 437 678 501 ignis;
714 444 776 485 ut
796 435 879 484 his
904 434 1119 484 exordia
1137 434 1324 500 primis

298 508 486 575 etipse
505 516 663 557 tener
682 505 876 556 mundi
894 503 1228 555 concreverit
1248 503 1418 565 orbis;

36 511 398 703 &murare
418 577 622 640 solum,
661 586 715 627 et
746 575 1049 627 discludere
1069 579 1245 626 Nerea
1266 583 1441 641 ponto
1490 578 1560 628 35

51 647 320 717 ’‘ceperitz,
357 657 413 699 et
430 664 617 698 rerum
636 646 913 714 paullatim
933 663 1149 697 sumere
1172 643 1401 704 formas;

80 768 130 804 82
152 775 348 809 terrarum,
366 767 582 812 animaeque
599 767 689 799 Ven.
707 771 744 798 et
765 765 822 798 ed.
841 766 932 799 Ven.
980 764 1169 811 marisque
1181 769 1334 818 quatuor
1350 775 1427 796 cum
1447 762 1559 796 Goth.

36 815 89 861 (et
102 816 138 851 2.
155 815 190 850 3.
220 814 335 859 Wr.);
360 820 397 847 et
414 813 465 847 sic
487 813 523 846 in
543 813 624 847 edd.
637 839 647 854 ‚
671 824 781 857 usque
802 812 848 845 ad
870 812 950 846 edd.
971 812 1171 852 Pulmann.,
1195 822 1232 844 in
1252 822 1338 856 quas
1358 823 1402 844 ve
1422 817 1558 843 temere

34 860 344 896 indnomwmiror
367 861 413 894 ab
431 860 579 894 Heinsio
606 867 641 893 et
661 861 776 893 Burm.
798 871 875 893 esse
898 867 1086 893 servatum.
1132 859 1219 892 Post
1237 869 1271 891 v.
1289 858 1338 893 32
1361 858 1469 891 Goth.
1487 869 1558 891 sec.

35 909 226 955 subiungit*
239 920 399 943 venum:
428 909 527 942 Hinc
550 908 736 941 hominum
765 906 950 953 quondam
976 918 1098 954 genus
1119 914 1157 939 et
1178 905 1389 951 primordia
1420 917 1558 938 rerum.

33 957 84 994 33
111 958 154 992 in
177 956 239 992 his
259 962 335 990 tres
361 954 486 1001 scripti
508 967 586 988 cum
612 954 670 988 ed.
697 955 790 987 Veii.

475 1003 523 1039 35
537 1004 650 1050 ponti
667 1000 802 1036 Zalich.

35 1004 199 1039 mundus
212 1003 382 1038 nonend.

2 1103 7 1106 ’
35 1110 99 1149 Ex
122 1109 328 1164 Apollonii
353 1108 575 1163 Argonaut.
617 1107 658 1158 1,
681 1106 767 1150 496

35 1167 431 1222 sqqssadumbr-atum
454 1166 535 1207 hoc
551 1166 769 1205 exordium

0 1228 5 1255 ἵ
36 1232 99 1266 est
116 1256 129 1276 ‚
178 1233 230 1268 ut
260 1226 343 1267 iam
378 1226 539 1266 notavit
584 1224 768 1264 Ursinus.

35 1284 213 1324 Mna-ob.
227 1284 295 1334 VI,
312 1287 352 1334 2,
379 1297 420 1337 p.
438 1284 524 1327 586
541 1282 685 1322 laudat
702 1283 766 1321 lo-

37 1356 85 1382 ca
100 1342 280 1383 Lucretii
297 1342 346 1392 V,
364 1341 449 1385 453
467 1355 524 1394 sq.
543 1339 642 1383 447.
667 1339 766 1384 456.

37 1414 158 1454 quem
177 1399 335 1441 Maroni
368 1406 462 1439 ante
491 1399 628 1438 oculos
646 1399 770 1438 fuisse

34 1459 293 1499 mam’sestum
320 1464 382 1498 est
406 1457 501 1497 inde
529 1457 579 1495 ab
596 1470 645 1496 eo
666 1456 769 1496 loco.

37 1517 203 1556 Semimz
251 1522 350 1556 mut
394 1516 593 1554 elementa
614 1545 626 1565 ,
686 1529 772 1554 non

35 1575 163 1614 atomi
181 1574 415 1629 Epicureae,
445 1573 499 1628 ad
516 1587 616 1626 quas
633 1586 680 1611 ea
699 1587 771 1612 re-

35 1639 191 1673 vocant
214 1630 483 1686 grammatici,
512 1631 670 1671 inducti
695 1645 769 1684 per

35 1704 127 1732 voc.
162 1693 309 1739 &zanz-
349 1690 420 1730 sed
448 1697 547 1730 sunt
572 1690 770 1729 elementa

7 1744 11 1748 ¹
34 1762 114 1803 pn
130 1747 255 1788 chaos
276 1763 439 1802 sparsa3
465 1748 603 1800 itaque
624 1755 768 1786 coacta

37 1806 144 1847 dixit
169 1806 343 1857 semina,
383 1820 486 1859 quae
518 1806 667 1859 passim
694 1819 769 1858 per

33 1877 213 1905 vacuum
254 1865 489 1905 ferebantur
507 1895 518 1914 ,
569 1878 682 1904 nunc
715 1863 769 1902 ad

35 1930 214 1976 quatuor
240 1936 380 1963 rerum
410 1936 557 1976 genera
587 1922 768 1962 redacta.

35 1995 238 2035 magnum
266 1984 390 2020 inane
407 2012 419 2031 ‚
461 1987 503 2020 et
529 1983 672 2019 anima
688 1994 766 2034 pro

3 2039 6 2041 ’
36 2052 152 2090 aere,
193 2045 235 2078 et
258 2040 439 2093 liquidus
466 2040 586 2092 ignis,
614 2040 767 2078 Lucre-

34 2098 148 2139 tiana
163 2098 307 2137 oratio.
343 2095 493 2152 (Facile
516 2098 651 2136 omnia
666 2096 770 2136 haee

36 2156 93 2195 ad
106 2156 397 2210 Epicureorum
423 2155 651 2195 doctrinam
679 2155 769 2194 exi-

36 2227 127 2267 gas,
166 2220 218 2253 ut
244 2214 343 2253 fecit
365 2214 478 2253 Voss.
536 2214 674 2265 Neque
693 2219 767 2262 est,

38 2286 113 2312 cur
126 2272 332 2312 veteribus
348 2272 642 2321 Grammaticis,
671 2271 768 2310 Vir-

36 2331 175 2384 gilium
193 2330 438 2383 Epicureum
454 2330 577 2369 fuisse
597 2329 770 2369 traden-

35 2388 147 2428 tibus
165 2419 178 2439 ,
217 2388 340 2427 fidem
361 2388 555 2440 derogare
585 2387 769 2427 velimus.

37 2446 180 2501 Itaque
195 2449 350 2485 semina
367 2453 537 2495 atomos,
554 2448 675 2484 inane
691 2459 769 2486 va-

36 2518 162 2544 cuum
176 2505 294 2554 illud,
322 2505 436 2556 quod
454 2505 652 2558 Epicurus
671 2510 768 2541 ante

35 2557 182 2606 mundi
198 2563 392 2614 originem
405 2564 527 2602 fuisse
548 2561 767 2611 statuebat,

20 2621 214 2675 „spatium
223 2621 304 2660 dici
320 2621 649 2660 existimabimus.
670 2620 771 2658 cer-

38 2685 81 2718 te
99 2678 213 2718 nullo
222 2678 347 2719 modo
365 2679 460 2719 licet
476 2682 598 2718 inane
616 2684 659 2717 et
674 2679 769 2716 ani-

38 2735 241 2776 mamhl.
257 2751 333 2789 pro
350 2737 585 2791 synonymis
606 2735 769 2784 habere,

3 2826 18 2851 ι.
37 2799 131 2833 tota
147 2796 345 2834 sententia
365 2796 622 2835 reclamante.
656 2795 727 2834 W
719 2792 769 2848 r.)

0 2852 5 2855 ’
38 2861 150 2891 tener·
164 2851 288 2902 orbis,
315 2860 367 2892 ut
381 2863 537 2892 tenerae
554 2867 616 2892 res
634 2852 706 2891 Ge.
718 2851 770 2901 Π,

41 2910 139 2952 343.
168 2909 311 2948 mollia
327 2919 452 2950 ten-ae
483 2926 585 2951 arva
608 2911 770 2949 Lucret.

38 2967 91 3017 V,
121 2967 220 3009 778.
291 2967 423 3007 OEzaos
453 2970 616 3007 enimam
648 2976 772 3006 terras

42 3025 149 3064 dixit
174 3023 314 3064 Manil.
341 3026 403 3075 Π,
445 3029 500 3068 13
549 3025 771 3078 orbemque

881 952 930 990 34
961 961 1200 988 concreverat
1227 952 1373 986 Mentel.
1398 958 1558 998 uterque.

824 1106 898 1146 sub
916 1107 987 1146 illo
1006 1106 1213 1158 Infamem
1224 1121 1240 1154 ;
1256 1108 1441 1158 primum
1460 1106 1559 1143 tilu—

825 1165 965 1204 hantia
977 1165 1108 1203 sidera
1126 1179 1281 1216 corpus.
1303 1162 1429 1218 (tener
1436 1177 1559 1202 mum-

825 1225 872 1261 cli
890 1223 993 1262 orbis
1011 1223 1168 1262 coelum
1181 1228 1243 1261 est
1254 1235 1306 1261 ex
1323 1221 1453 1262 vossii
1463 1234 1559 1260 sen-

824 1282 966 1331 tentia,
996 1287 1141 1334 utpote
1156 1294 1208 1320 ex
1219 1280 1447 1320 tenem'mis
1465 1285 1559 1319 ato-

825 1340 900 1378 mis
937 1340 1186 1390 conssatum3
1235 1338 1306 1377 sed
1344 1339 1466 1377 etiam
1493 1351 1559 1377 res

825 1411 956 1437 novae
977 1404 1018 1436 et
1045 1398 1159 1450 quasi
1183 1397 1368 1437 nondum
1395 1396 1559 1436 adultae

827 1455 1023 1495 <licuntur
1052 1462 1227 1495 tenerae.
1303 1454 1456 1495 Omnia
1483 1469 1558 1492 ex·-

826 1515 942 1552 ovdia
969 1520 1066 1553 sunt
1088 1514 1266 1566 singulae
1293 1526 1359 1551 res
1385 1526 1440 1551 ex
1466 1516 1559 1552 ato-

826 1586 988 1611 morum
1006 1585 1206 1611 concursu
1228 1577 1370 1621 natae3
1407 1570 1470 1609 his
1489 1583 1559 1609 re-

827 1631 932 1669 etius
957 1630 1138 1684 iungitur
1173 1635 1310 1668 totum
1338 1629 1443 1668 illud
1461 1628 1559 1667 uni-

825 1688 1030 1728 versitatis
1061 1701 1231 1741 corpuS,
1281 1701 1403 1740 quam
1427 1687 1559 1726 solum

826 1747 995 1786 coelum.
1053 1747 1107 1785 Et
1131 1760 1260 1798 quum
1279 1746 1436 1784 Silenus
1463 1745 1559 1785 uni-

823 1818 989 1844 versum
1005 1804 1204 1844 mundum
1214 1803 1278 1842 his
1296 1804 1431 1843 verbis
1446 1817 1559 1842 com-

823 1863 968 1915 plexus
995 1863 1048 1901 sit
1070 1893 1081 1912 ‚
1126 1862 1274 1901 deinde
1302 1875 1376 1915 per
1403 1861 1559 1913 singula

823 1921 959 1960 eundo
990 1927 1163 1971 terram,
1201 1934 1332 1970 mare,
1361 1926 1452 1958 tum
1484 1919 1559 1958 de-

822 1993 935 2020 mum
954 1979 1125 2030 coelum,
1146 1992 1207 2019 vu.
1226 1981 1295 2022 37.
1307 1992 1378 2030 sq„
1401 1991 1558 2017 mono—

820 2044 898 2077 rat.
932 2038 1004 2077 W
996 2035 1046 2092 r.)

882 2095 951 2138 35.
992 2097 1098 2134 Tum
1124 2094 1271 2133 dwwv
1296 2096 1430 2134 solum
1456 2103 1493 2132 et
1509 2094 1551 2132 d.

825 2154 978 2192 Cecinit
1012 2158 1121 2202 tum,
1160 2160 1205 2190 ut
1231 2159 1345 2192 terra
1374 2154 1555 2206 coeperit

822 2212 1081 2250 indm-escere
1099 2216 1140 2248 et
1159 2209 1347 2262 solidari,
1377 2212 1560 2263 adeoque

826 2284 950 2322 aquas
987 2269 1179 2308 discretas
1213 2275 1255 2308 et
1291 2283 1316 2307 a
1349 2270 1558 2323 superficie

823 2329 934 2367 inu-a
965 2333 1097 2366 certos
1124 2326 1224 2365 fines
1250 2333 1293 2367 et
1319 2328 1462 2367 littora
1484 2328 1558 2366 de-

824 2387 960 2440 pulsas
972 2386 1074 2424 mari
1092 2385 1301 2425 includere
1321 2384 1388 2439 (cs.
1397 2387 1558 2425 Luci-et.

824 2445 873 2494 V,
893 2443 991 2486 439.
1012 2443 1110 2485 448.
1129 2442 1226 2486 454.
1244 2443 1343 2486 488.
1362 2442 1450 2486 498
1467 2442 1558 2499 sq.),

824 2509 867 2541 et
885 2501 1098 2555 paullatim
1113 2500 1250 2540 herbis
1266 2502 1560 2554 arboribusque

823 2560 976 2600 vestiri.
1034 2561 1115 2598 Eae
1143 2559 1252 2598 enim
1277 2566 1373 2598 sunt
1397 2561 1560 2612 formae

824 2633 973 2668 rerum,
1004 2631 1128 2670 quae,
1160 2618 1333 2657 exclusis
1352 2618 1487 2669 aquis,
1514 2618 1559 2656 in

825 2675 1039 2729 superficie
1055 2676 1212 2715 telluris
1242 2689 1478 2729 apparuere.
1509 2676 1558 2714 cs.

825 2735 985 2775 Lueret.
1007 2734 1057 2784 V,
1067 2736 1165 2776 781.
1194 2733 1251 2772 At
1268 2736 1412 2772 durare
1432 2746 1559 2785 quae-

827 2807 893 2832 ras
907 2792 1114 2844 quodnam
1130 2792 1183 2830 sit
1201 2792 1287 2830 eius
1302 2790 1559 2831 subiectum?

826 2852 1030 2900 solumne,
1059 2856 1109 2889 ut
1124 2850 1198 2900 sit,
1228 2850 1378 2889 durare
1395 2863 1448 2899 se,
1479 2849 1559 2887 du-

826 2910 1012 2948 rescere?
1058 2908 1195 2947 malim
1209 2938 1220 2957 ‚
1275 2907 1380 2946 orbis
1418 2905 1561 2944 mundi

828 2967 961 3019 coepit
980 2967 1126 3004 dtu-are
1150 2966 1302 3014 solum,
1326 2971 1368 3003 et
1392 2964 1558 3014 reliqua.

828 3023 1029 3078 (Praestat
1049 3024 1161 3076 prior
1187 3022 1413 3075 explicatio.
1447 3018 1558 3073 Wr.)
