1734 3320
175 217 278 277 654

505 226 563 278 Ρ.
596 226 950 279 VIRGILII
1012 227 1390 281 MARONIS

174 356 354 421 Atque
371 352 611 420 Ephyre,
647 362 809 421 atque
834 354 992 421 Opis,
1031 365 1084 407 et
1106 357 1227 408 Asia
1240 356 1501 425 Deiopea,

174 427 243 476 Et
263 423 488 474 tandem
515 424 702 491 positis
720 424 875 475 velox
893 426 1157 481 Arethusa
1186 427 1397 493 sagittis.

174 498 325 547 Inter
349 511 479 563 quas
502 512 686 545 curam
704 494 964 560 Clymene
985 498 1234 548 narrabat
1251 499 1472 549 inanem

1615 501 1719 552 345

175 565 423 631 Volcani,
460 566 755 634 Martisque
789 565 949 617 dolos
974 577 1027 618 et
1050 568 1224 620 dulcia
1244 567 1413 630 furta3

247 664 364 713 343.
399 663 669 724 DEIOPEA3

226 790 297 827 343
322 790 478 837 Ephyra
503 788 634 823 Medic.
685 791 810 837 Epyre
827 768 1012 836 Goth-pr.
1060 799 1098 825 et
1125 792 1219 827 Asia
1246 790 1371 826 Heius.
1408 797 1494 838 post
1518 791 1670 827 Pierium
1699 804 1719 826 e

177 838 308 872 Medic.
336 844 374 870 et
394 837 566 882 pluribus.
616 845 727 885 atque
756 837 874 882 vulgo.
923 839 1010 872 Post
1038 840 1134 873 Asia
1166 839 1327 873 inserunt
1361 847 1399 874 et
1429 838 1536 874 Aldd.
1561 841 1652 874 Iunt-
1682 846 1721 874 et

179 884 281 919 aliae.
339 885 511 929 Deiopia‚
543 886 706 932 Diopea,
738 885 896 966 Drgeia
924 885 997 920 alii.
1053 887 1118 921 Est
1143 883 1344 932 Δηιὸπειοε.
1399 882 1527 921 Hiatus
1557 894 1612 922 est
1637 895 1720 934 post

178 933 340 989 Epfzyre.
388 927 456 977 ἠδ’
485 928 653 977 Ἐφύρη,
682 928 752 977 ἠδ’
823 943 898 973 πις.

180 985 323 1025 scripta.
354 979 451 1024 Wr.)
502 980 612 1034 veloa:
626 980 765 1027 positis
790 980 911 1014 Schol.
931 981 1038 1015 statii
1060 981 1177 1016 Theb.
1204 983 1220 1015 1
1236 1008 1246 1026 2
1271 983 1353 1018 271.

979 931 1050 970 344
1074 937 1127 968 At
1143 935 1294 968 tandem
1315 933 1445 969 Medic.
1495 934 1560 968 sed
1578 949 1598 968 e
1614 947 1720 982 supra

1452 982 1476 1017 3
1502 981 1524 1017 5
1550 982 1721 1028 Clymene

179 1040 307 1061 curam
325 1027 398 1061 Erf.
448 1039 562 1060 curas
581 1029 709 1061 manis
728 1027 818 1060 Gud.
842 1034 879 1060 et
899 1040 986 1062 unus
1003 1028 1125 1063 Pierii.
1145 1028 1290 1063 refinxit
1307 1028 1471 1064 Wakefi:
1496 1030 1604 1063 Inter
1626 1041 1720 1076 quas

181 1075 350 1120 ngmene
369 1086 481 1108 curas
496 1073 679 1109 narrabat
694 1076 846 1109 inanes:
872 1075 919 1110 ad
937 1076 1079 1111 Lucret.
1097 1077 1143 1120 V,
1170 1076 1273 1114 1430.
1297 1076 1379 1111 coll.
1407 1077 1466 1120 ΙΙΙ,
1497 1078 1576 1113 117.
1624 1089 1719 1111 nar-

181 1122 281 1156 ravit
299 1121 408 1156 Goth.
431 1133 486 1167 pr.
535 1120 738 1156 mandabat
755 1122 831 1157 Erf.

178 1211 256 1258 bu's
273 1249 283 1268 ,
332 1224 543 1270 tamquam
586 1218 799 1272 Nymphae
820 1249 831 1269 ,
878 1224 920 1258 et

181 1276 346 1331 quidem
380 1277 628 1328 venatrices,
674 1278 721 1316 cs.
752 1292 792 1318 v.
820 1275 918 1319 344.

239 1335 337 1379 343.
373 1336 480 1375 Asia
520 1349 544 1373 a
572 1342 713 1376 tractu
746 1336 919 1390 Lydiae:

181 1395 266 1436 vid.
295 1409 382 1448 sup.
427 1395 569 1447 Georg.
610 1394 647 1445 I,
673 1397 771 1437 383.
834 1392 922 1449 (De

180 1453 384 1507 geminata
400 1453 546 1507 copula
560 1461 682 1507 atque
700 1453 783 1493 vid.
803 1453 854 1502 Q.
873 1453 921 1493 V.

181 1513 355 1563 XXXV,
377 1515 446 1554 23.
477 1517 517 1550 et
536 1514 605 1554 28.
640 1511 761 1566 Wr.)
824 1511 921 1554 344.

181 1571 388 1611 Arethusa
406 1571 536 1620 velox,
568 1583 661 1622 ergo
679 1576 721 1609 et
740 1571 828 1623 ipsa
847 1583 922 1610 ve-

183 1630 344 1681 natrix,
376 1643 470 1668 eum
488 1629 574 1668 Clio
592 1635 634 1667 et
657 1629 807 1681 Beroe,
835 1643 921 1681 po-

183 1690 272 1728 sitis
299 1690 505 1740 sagittis„
530 1701 634 1740 quae
669 1694 762 1726 tum
791 1687 922 1741 depo-

184 1753 323 1787 suerat
338 1761 477 1798 arcus3
496 1759 592 1785 nam
609 1747 812 1786 assidebat
833 1746 922 1786 colo

184 1812 275 1845 tum
301 1805 412 1844 inter
438 1811 603 1844 ceteras.
662 1805 813 1845 Parum
833 1805 925 1858 pla—-

186 1870 273 1914 cet,
305 1863 418 1916 quod
444 1864 607 1903 Servius
634 1862 780 1903 habet:
821 1876 924 1914 „ne-

184 1922 324 1962 bridas
353 1921 570 1973 habentes3
600 1921 671 1960 sed
699 1921 768 1960 hic
795 1935 926 1961 vena-

184 1982 338 2021 tricum
366 1987 426 2019 est
457 1979 645 2031 habitus,
687 1994 809 2032 quem
831 1980 924 2019 ideo

186 2038 385 2093 Nymphis
415 2039 505 2090 dat,
548 2041 647 2092 quia
675 2040 828 2078 multas
854 2053 925 2077 eas

187 2100 364 2151 legimus
383 2112 432 2136 ex
453 2096 924 2150 venatricibussaccas.“

188 2156 407 2207 Quomodo
418 2162 553 2194 tamen
564 2156 791 2195 venatrices
800 2156 924 2208 Nym-

186 2216 312 2271 phae,
344 2215 387 2254 in
406 2215 575 2254 saltibus
594 2215 750 2254 versari
770 2215 922 2266 solitae,

187 2288 300 2315 nunc
335 2273 378 2312 in
419 2274 501 2312 imo
542 2287 743 2325 aquarum
778 2273 921 2324 fundo,

188 2333 264 2373 sub
288 2332 421 2383 terris,
450 2333 557 2371 inter
575 2331 784 2386 Nymphas
803 2346 924 2385 aqua-

187 2406 285 2432 rum
325 2390 420 2429 deas
460 2391 597 2430 locum
636 2390 805 2442 habere,
853 2396 926 2430 aut

188 2448 401 2503 Nymphae
428 2449 657 2488 Potamides
686 2456 727 2488 et
745 2449 927 2489 marinae

188 2509 300 2548 inter
316 2508 543 2548 venatrices
564 2508 658 2547 deas
669 2508 812 2548 referri
827 2523 928 2561 pos-

191 2567 294 2617 sint,
327 2566 422 2605 olim
437 2566 691 2610 dubitabam.
732 2567 816 2606 Nec
830 2568 930 2606 fun-

192 2625 246 2665 do
278 2638 351 2664 suo
373 2638 510 2664 carere
540 2625 627 2664 visa
654 2632 718 2673 est
738 2639 785 2664 ea
806 2625 930 2665 dubi-

191 2684 295 2724 tatio
315 2683 406 2724 viro
430 2683 552 2722 docto
573 2690 614 2723 et
634 2697 760 2736 aequo
780 2683 929 2723 harum

191 2756 333 2783 rerum
347 2741 475 2781 iudici
493 2742 671 2782 Ouwens
690 2743 807 2782 Noct.
827 2743 928 2795 Hag.

192 2817 236 2856 p.
262 2800 359 2844 605.
419 2801 580 2839 Scilicet
605 2801 823 2840 dicendum
854 2807 927 2851 est,

193 2866 334 2914 poetas
367 2859 532 2898 omnino
564 2859 609 2898 in
645 2859 929 2913 Nympharum

194 2918 406 2972 generibus
431 2918 705 2958 discernendis
733 2932 816 2957 non
833 2917 929 2956 ubi-

195 2984 275 3030 qu'e
306 2989 389 3015 esse
418 2977 545 3016 solere
578 2977 671 3016 satis
698 2976 862 3016 subtiles
884 2989 931 3014 ae

195 3036 426 3090 diligentes,
458 3042 499 3076 et
526 3034 733 3090 Nymphas
754 3034 931 3075 fontium

976 1225 1018 1259 et
1066 1220 1246 1259 amnium
1291 1220 1403 1260 silvis
1446 1225 1488 1259 et
1525 1219 1718 1271 saltibus,

978 1285 1122 1318 contra
1139 1292 1238 1319 vero
1263 1292 1314 1318 ex
1341 1278 1552 1318 montibus
1576 1285 1617 1318 et
1634 1279 1719 1318 sal-

977 1337 1088 1376 tibus
1124 1337 1321 1377 deductas
1362 1337 1543 1378 oreadas
1574 1343 1615 1376 et
1635 1338 1720 1377 Na-

978 1410 1098 1450 paeas
1114 1396 1324 1436 venationi
1345 1395 1574 1446 immisceri,
1591 1396 1720 1436 adeo—

980 1468 1059 1507 que
1088 1455 1244 1508 sagittis
1275 1460 1314 1494 et
1350 1455 1525 1495 arcubus
1550 1454 1716 1494 instrui.

979 1514 1041 1553 Ita
1084 1513 1212 1552 Diana
1249 1512 1458 1567 Nymphas
1494 1514 1720 1554 venatrices

980 1585 1033 1611 ex
1060 1572 1275 1611 Oceaninis
1307 1572 1403 1624 legit
1435 1571 1546 1626 apud
1565 1572 1719 1612 Gallim.

979 1631 1023 1670 in
1044 1630 1159 1670 Dian.
1181 1630 1249 1673 42.
1273 1629 1490 1684 Spanhem.
1518 1630 1572 1670 ad
1590 1645 1631 1670 v.
1652 1633 1719 1673 13.

980 1689 1055 1728 Ins.
1087 1692 1172 1732 383
1197 1703 1290 1728 cum
1319 1695 1438 1743 patre
1461 1689 1624 1729 Oceano
1650 1689 1720 1728 in-

981 1754 1185 1788 vocantur
1221 1746 1433 1801 Nymphae
1460 1748 1657 1788 silvarum
1679 1753 1721 1787 et

981 1806 1158 1846 sontium
1190 1807 1429 1859 promiscue.
1495 1806 1722 1846 Offendunt

983 1871 1120 1903 tamen
1147 1865 1215 1903 vel
1244 1865 1300 1904 sic
1326 1865 1467 1905 iuncta
1490 1865 1598 1904 inter
1618 1878 1660 1904 se
1679 1871 1721 1904 et

983 1923 1037 1961 ad
1055 1937 1185 1962 unum
1212 1936 1337 1974 genus
1366 1925 1492 1963 relata
1516 1937 1584 1974 ea,
1616 1936 1721 1976 quae

983 1987 1069 2020 tam
1104 1981 1255 2021 diversi
1287 1983 1442 2034 generis
1482 1988 1589 2032 sunt.
1640 1979 1722 2036 (At

982 2040 1086 2079 bene
1117 2041 1231 2079 Serv.
1266 2041 1431 2081 Dresd.:
1479 2040 1722 2093 „TANDEM

981 2099 1200 2138 POSITIS:
1233 2111 1336 2151 quae
1363 2113 1415 2139 ex
1443 2099 1654 2139 venatrice
1673 2099 1720 2140 in

980 2156 1214 2211 Nympham
1241 2171 1360 2197 versa
1387 2158 1569 2197 suerat.“
1636 2158 1720 2197 Fa-

981 2216 1078 2256 bula
1095 2217 1183 2269 ipsa
1203 2216 1300 2254 satis
1321 2222 1432 2256 nota.
1461 2216 1562 2255 Inde
1581 2229 1720 2256 emen-

982 2274 1117 2314 danda
1134 2305 1145 2326 ,
1194 2287 1297 2327 quae
1332 2275 1516 2328 Heynius
1547 2275 1719 2329 scripsit.

982 2334 1090 2373 Hinc
1119 2334 1240 2372 etiam
1268 2346 1368 2373 vera
1393 2334 1456 2374 vis
1485 2333 1597 2373 vocis
1625 2343 1720 2373 tan-

984 2393 1076 2431 dem
1097 2391 1350 2444 intelligitur.
1384 2393 1456 2432 W
1449 2390 1505 2447 r.)

1045 2450 1142 2494 345.
1173 2465 1315 2490 euram
1332 2452 1496 2489 inanem
1524 2451 1715 2501 Volcani,

987 2509 1172 2548 studium
1215 2509 1336 2547 inane
1376 2509 1420 2548 in
1465 2509 1719 2548 observando

987 2567 1173 2607 adultero
1194 2573 1235 2606 et
1253 2567 1450 2607 sumenda
1471 2567 1520 2606 ab
1535 2580 1581 2606 eo
1598 2567 1722 2606 ultio-

985 2640 1059 2665 ne:
1099 2632 1149 2665 ut
1185 2631 1298 2665 recte
1324 2625 1540 2664 Meierotto
1578 2640 1617 2678 p.
1643 2628 1719 2676 293

985 2698 1079 2724 cum
1097 2690 1184 2723 rete
1202 2684 1483 2733 fabricaretur,
1507 2697 1588 2735 quo
1605 2682 1719 2724 Mar-

986 2750 1069 2782 tem
1117 2756 1210 2781 cum
1256 2741 1411 2781 Venere
1459 2742 1718 2795 opprimeret.

984 2800 1179 2853 Respexit
1205 2800 1340 2839 locum
1383 2800 1528 2853 Odyss.
1554 2805 1606 2850 θ,
1632 2802 1719 2843 266

985 2872 1070 2911 sqq.
1112 2858 1194 2907 Qui
1219 2859 1398 2898 fabulam
1437 2865 1531 2912 post
1566 2858 1721 2897 Home-

986 2931 1081 2957 rum
1102 2918 1362 2957 narraverint
1373 2948 1384 2968 ,
1416 2917 1529 2956 dabit
1546 2916 1721 2957 1We1'ns-

989 2975 1091 3015 dorf.
1127 2976 1240 3015 Tom.
1270 2976 1338 3026 IV,
1358 2990 1398 3029 p.
1418 2975 1474 3019 53
1495 2975 1605 3014 Poet.
1624 2974 1721 3014 min.

988 3033 1085 3078 346.
1126 3036 1284 3074 Martis
1308 3034 1423 3073 dolos
1455 3032 1586 3074 Cerda
1607 3032 1723 3073 dolos
