1768 3320
343 238 769 293 *necoch
801 239 967 291 EcL.
1003 242 1076 305 X,
1117 246 1269 294 1—4
1476 247 1580 297 235

53 372 238 412 exercitu
252 371 420 425 Lycoris
435 371 604 411 militem
625 370 799 423 aliquem
819 370 933 422 sequi
958 370 1116 423 potuit,
1148 370 1247 409 dum
1265 370 1423 410 interea
1441 374 1581 413 Gallus

53 431 130 470 sub
156 428 340 483 Augusto
370 430 425 470 ad
448 429 714 483 Pompeianas
740 429 884 468 classes
915 429 966 467 ab
994 428 1134 467 Italiae
1158 428 1365 468 littoribus
1387 432 1581 470 arcendas

51 488 98 527 in
130 488 253 528 armis
284 495 413 539 esset,
453 495 527 528 aut
554 488 600 527 in
632 487 709 526 alia
725 487 984 540 expeditione
1008 492 1252 526 versaretur.
1313 487 1374 526 Ita
1392 490 1582 541 expedita

52 552 115 586 est
130 547 331 586 sentenfia
348 560 563 586 versuum:
599 548 663 584 'J'u
679 546 828 598 proc-ul
844 560 872 584 α
883 546 1286 597 patria—Alpinas
1309 546 1366 584 alz
1389 547 1493 585 dura
1514 550 1582 585 ηἰ-

50 618 128 644 m,
143 613 181 643 et
183 604 356 658 sug-ora
375 604 514 644 Rheni
530 607 608 644 Me
626 606 711 642 sine
729 604 819 642 sola
840 603 965 642 vides.
1024 604 1081 641 De
1102 617 1142 643 v.
1161 603 1219 645 44
1258 605 1386 643 Nunc
1414 607 1583 644 insanus

50 676 170 702 amor
182 663 278 702 duri
297 675 362 702 me
381 665 538 702 Martis
555 665 598 701 in
615 665 742 701 armi-s·
765 663 865 701 Tela
882 664 985 700 inter
1003 661 1139 701 media
1157 670 1280 715 alque
1298 663 1488 701 adversos
1509 663 1582 701 de—

50 722 149 762 tinet
166 720 323 770 hostes;
356 721 465 760 ade.
488 722 515 761 l.
537 721 768 760 accuratius
786 727 848 759 est
876 719 1143 773 disputatum.
1179 721 1256 759 Ios.
1281 721 1457 773 Scaliger
1474 720 1584 760 hanc

50 778 239 832 Eclogam
254 779 401 819 Dorica
424 780 598 818 dialecto
617 793 777 818 versam
797 778 991 831 vulgavit.
1041 776 1113 830 (Ut
1134 786 1419 831 argumentum
1440 794 1463 818 a
1475 794 1583 819 mor

0 863 19 879 a
51 837 202 877 Galli
230 837 554 879 insanabilis
585 844 775 877 naturam
804 837 865 876 rei
892 837 1107 890 pastoritio
1141 837 1319 876 carmine
1341 838 1582 877 tractandae

50 895 272 949 acciperet,
290 896 381 935 ‘alia
403 895 658 936 detrahenda
675 895 937 944 addendave,
969 895 1046 934 alia
1063 895 1262 934 mutanda
1279 903 1409 936 erant.
1464 897 1582 936 Unde

46 952 154 994 illud
175 954 367 1007 fingitur,
398 955 560 994 Gallum
588 955 663 994 sub
692 955 778 994 sola
804 953 1003 992 Arcadiae
1030 966 1133 1007 rupe
1150 954 1351 994 iacentem
1370 955 1421 994 de
1444 969 1581 995 amore

50 1018 239 1064 questum
260 1026 358 1053 esse.
416 1014 519 1058 Nam
542 1013 728 1065 alioquin,
750 1012 1079 1052 commemoratio
1107 1013 1330 1063 montium,
1368 1021 1582 1066 pastorum

49 1077 92 1110 et
111 1070 283 1111 deorum
306 1073 524 1125 agrestium
547 1072 677 1110 aliena
705 1078 809 1110 esset
840 1085 919 1110 vss.
940 1073 1162 1121 16—-30,;
1201 1085 1332 1123 neque
1350 1079 1580 1126 appareret,

47 1129 160 1168 unde
183 1130 263 1183 ipsi
287 1130 443 1184 pastori
467 1130 577 1172 ,Galli
595 1130 809 1169 militantis
826 1141 984 1167 amores
1013 1128 1300 1169 innotuissent.
1360 1131 1441 1169 Sed
1458 1145 1582 1183 quam

49 1187 261 1240 comimde
284 1188 419 1239 miles,
459 1188 684 1241 stipendia,
722 1188 768 1227 in
790 1187 1010 1240 Campania
1040 1187 1231 1238 sortasse,
1262 1188 1413 1229 faciens
1433 1189 1476 1228 in
1498 1189 1581 1229 Ar-

48 1245 207 1286 cadiam
225 1246 362 1301 subito
380 1248 654 1286 transferatur
666 1277 677 1297 ,
706 1247 779 1286 vix
798 1245 1034 1299 perspicies,
1066 1259 1196 1298 neque
1213 1260 1264 1286 ex
1281 1246 1360 1286 hac
1376 1254 1495 1301 parte
1511 1248 1581 1288 in-

46 1305 284 1357 ventionem
299 1305 479 1345 Maronis
495 1305 693 1346 laudabis.
726 1307 797 1346 W
791 1303 879 1359 elz.)

47 1556 390 1644 Extremum
426 1591 597 1657 hunc,
640 1592 929 1657 Arethusa,
973 1591 1110 1642 mihi
1148 1591 1391 1643 concede
1427 1592 1579 1645 labo-

841 1679 988 1714 rem:

46 1735 220 1783 Pauca
236 1749 367 1783 meo
389 1733 568 1798 Gallo,
606 1732 705 1783 sed
725 1749 862 1800 quae
885 1732 1025 1798 legat
1044 1733 1156 1800 ipsa
1177 1734 1407 1797 Lycoris,

47 1803 297 1855 Carmina
320 1813 447 1854 sunt
468 1803 718 1854 dicenda:
754 1812 918 1869 neget
940 1804 1058 1871 quis
1082 1804 1317 1853 carmina
1337 1804 1523 1856 Gallo?

48 1873 134 1924 sic
153 1873 275 1939 tibi,
313 1892 485 1942 quum
505 1873 708 1931 fluctus
720 1873 1092 1924 subterlabere
1119 1875 1356 1938 SicanOS,

120 1973 165 2020 1.
198 1982 468 2020 momen.
574 1976 622 2022 2.
660 1983 780 2033 sm),
851 1970 1107 2033 LYcom5‚

94 2086 114 2121 1
139 2086 241 2120 hunc
260 2086 387 2120 deerat
405 2086 542 2120 zalich.
583 2100 665 2120 cum
681 2086 813 2120 Medic.
832 2099 852 2120 a
868 2100 915 2120 m.
932 2099 988 2132 pr.
1023 2087 1110 2120 hinc
1132 2087 1223 2120 Ven.
1272 2087 1402 2132 (Antea
1419 2087 1457 2122 h.
1475 2088 1500 2122 1.
1527 2087 1579 2122 ita

44 2131 378 2178 interpungebatur:
405 2133 576 2168 laborem.
626 2136 755 2168 Pauca
772 2154 817 2158 —
835 2136 1010 2179 lya-oris,
1038 2136 1211 2168 Carmina
1231 2140 1301 2169 etc.
1349 2136 1479 2169 Causas
1497 2148 1578 2169 mu-

43 2186 141 2214 tatae
164 2180 461 2227 interpunctionis
494 2181 637 2214 reddidi
665 2181 703 2214 in
720 2180 820 2225 Eleg.
845 2181 891 2214 ad
917 2181 1060 2215 Messal.
1088 2194 1169 2226 pag.
1194 2183 1253 2218 68.
1302 2183 1349 2216 Et
1369 2183 1579 2227 comprobat

43 2239 160 2261 meam
175 2227 266 2261 haec
285 2227 526 2273 distinguendi
546 2228 721 2262 rationem
738 2228 817 2274 ipsa
841 2228 995 2262 auctoris
1013 2228 1114 2262 istius
1137 2229 1301 2263 carminis
1319 2230 1472 2264 imitatio
1486 2257 1495 2272 ‚
1525 2243 1578 2263 vs.

48 2276 80 2310 1.
101 2287 173 2320 sq.:
198 2276 343 2317 „Pauca
359 2275 447 2308 mihi
465 2293 514 2301 —·
536 2275 642 2309 niveo
664 2276 729 2309 sed
745 2287 818 2309 non
834 2275 1016 2321 incognita
1031 2276 1181 2310 Phoebo
1202 2297 1247 2302 —
1268 2278 1385 2311 Pauca
1404 2278 1492 2311 mihi
1508 2278 1579 2311 do-

0 2336 7 2341 *
45 2328 122 2356 ctae
142 2321 250 2356 dicite
265 2322 500 2367 Pegasides.“
541 2323 639 2367 Wr.)
735 2320 761 2358 4
784 2322 1042 2357 subterlabere
1059 2335 1147 2357 unus
1166 2324 1310 2358 Moreti.
1354 2324 1580 2359 interlabere

43 2368 209 2403 Parrhas.
251 2368 382 2403 subter
409 2369 536 2403 labere
558 2369 698 2403 divisim
718 2369 848 2404 Medic.
897 2371 1051 2416 (Nempe
1078 2370 1127 2404 ita
1148 2379 1202 2405 est
1228 2372 1323 2416 apud
1344 2372 1578 2418 Fogginium;

44 2416 109 2450 sed
124 2416 204 2461 ipse
221 2416 335 2450 codex
350 2417 454 2450 nullis
473 2417 612 2462 singula
630 2418 739 2451 verba
768 2417 956 2462 distinguit
977 2418 1119 2464 spatiis;
1152 2419 1236 2452 audi
1255 2420 1468 2465 Fogginium
1494 2432 1578 2465 pag.

43 2463 165 2500 XIV.:
189 2463 359 2507 „Lectori
374 2464 522 2499 fastidio
542 2465 663 2499 futura
680 2464 767 2498 mihi
787 2477 830 2498 ea
844 2465 919 2499 visa
935 2473 989 2499 est
1005 2465 1133 2511 religio
1145 2493 1155 2509 ,
1178 2466 1267 2500 nulli
1282 2474 1402 2501 autem
1418 2467 1578 2509 utilitati,

105 2563 143 2602 1.
171 2561 434 2615 Arethusam,
467 2559 697 2614 Nympham
716 2560 783 2599 Si-

45 2617 181 2668 ciliae,
217 2626 269 2658 ut
295 2619 340 2658 in
367 2620 545 2658 carmine
573 2619 777 2669 bucolico,

43 2689 120 2728 pro
158 2677 276 2716 Musa
294 2708 305 2728 ‚
346 2677 523 2717 invocat.
560 2678 612 2716 cf.
647 2678 781 2729 Eclog.

44 2733 141 2783 VII,
170 2737 223 2776 21
263 2736 488 2787 Nymphae
516 2735 780 2774 Libethrides.

46 2791 205 2840 Quidni
228 2793 335 2832 enim
354 2801 496 2846 pastor
524 2794 702 2844 Siculus,
732 2799 782 2832 ut

43 2850 155 2889 Pana
176 2849 354 2902 aliosque
373 2852 469 2891 deos
488 2858 682 2905 agrestes,
721 2852 781 2890 ita

44 2907 214 2947 numina
242 2908 455 2960 locorum,
490 2911 675 2950 invocet!
704 2923 780 2948 nec

42 2971 261 3018 propterea
268 2966 480 3019 Nymphae
497 2974 715 3007 mutantur
733 2968 780 3006 in

42 3023 189 3063 Musas.
256 3024 444 3063 Sollenne
480 3032 614 3065 autem
650 3025 781 3077 Nym-

838 2561 941 2614 phas
962 2562 1148 2601 invocari
1170 2562 1293 2601 etiam
1309 2569 1429 2602 extra
1446 2563 1579 2603 buco-

837 2620 918 2658 lica
924 2634 936 2671 5
955 2626 1002 2658 ut
1017 2620 1215 2660 Coluthus
1233 2635 1396 2660 carmen
1416 2622 1578 2661 orditur

842 2675 1023 2731 Νύμφαι
1036 2676 1240 2732 Τρωιάδες
1250 2702 1319 2719 -—.
1335 2683 1376 2722 2.
1387 2681 1459 2718 sed
1473 2694 1579 2733 quae

840 2738 954 2788 legat
984 2739 1078 2789 ipsa
1113 2739 1284 2789 Lycoris
1298 2755 1311 2776 .·
1348 2738 1430 2777 scil.
1461 2745 1509 2777 ut
1536 2744 1579 2777 et

840 2795 1052 2834 erubescat
1071 2795 1122 2834 de
1140 2796 1307 2835 levitate
1324 2811 1396 2835 sua
1415 2811 1463 2835 ac
1480 2810 1578 2849 per-

836 2853 956 2903 fidia,
996 2860 1059 2904 et,
1097 2860 1185 2893 tam
1218 2854 1373 2893 bonum
1402 2868 1448 2892 ac
1471 2868 1575 2892 con-

838 2917 1015 2950 stantem
1043 2919 1268 2950 amatorem
1300 2913 1464 2965 indigne
1500 2912 1576 2950 de-

838 2970 1027 3019 seruisse,
1065 2976 1114 3009 ut
1137 2971 1357 3022 poeniteat.
1416 2968 1456 3011 4.
1475 2971 1574 3021 fla-

838 3035 925 3066 ctus
955 3027 1217 3067 subterlabere
1235 3028 1424 3078 Sicanos,
1450 3028 1576 3071 masis
