1768 3320
347 176 715 231 EDITIONIS
751 178 1020 230 PRIMAE
1058 179 1248 232 LXVII
1462 201 1575 234 xxxl

27 309 270 362 vationes
302 305 604 371 attulerim,
641 315 694 357 at
729 306 889 358 utiles
924 316 1110 359 tamen
1151 313 1576 363 commentarios

26 380 84 433 in
107 387 397 449 poetarum
431 378 738 446 principem
776 377 1087 430 condidisse
1113 378 1286 429 videri
1326 378 1576 447 debeam,

26 449 311 519 inquibus
334 465 396 501 ea
417 449 698 517 proposita
732 449 865 510 sint,
898 450 1097 518 quibus
1141 450 1255 501 eius
1290 449 1451 501 lectio
1483 453 1578 503 ad-

0 521 222 590 lssiuvari,
260 520 669 584 commendari,
708 529 787 580 et,
824 521 867 571 si
901 538 1016 572 non
1051 521 1204 572 omui
1232 521 1482 573 molestia
1515 523 1578 574 li-

12 591 236 657 >-berata‚
288 600 342 642 at
374 608 499 642 cum
529 591 808 659 voluptate
835 601 1019 644 tamen
1055 592 1233 661 aliqua
1271 594 1578 659 coniuncta,

0 662 199 716 >videri
223 662 407 731 possit.
479 665 670 731 Itaque
706 679 808 713 nec
834 663 1141 716 doctrinam
1172 670 1429 732 poetae*)
1455 665 1580 716 illu-

0 743 197 794 strare
234 732 470 800 neglexi,
520 743 596 798 et,
642 734 684 784 si
717 751 823 802 qua
859 735 925 785 ab
963 752 1030 790 eo
1063 735 1302 799 erudite,
1341 735 1449 787 hoc
1482 746 1578 802 est,

27 806 139 858 sive
166 821 230 858 ex
252 803 447 856 fabulis
476 814 530 855 et
559 804 796 855 historiis
822 808 1069 857 arcessita
1106 807 1216 857 sive
1248 823 1310 857 ex
1339 810 1578 859 Graeco-

27 893 154 930 rum
175 885 466 945 poetarum
487 876 789 928 imitatione
814 878 988 946 posita
1018 887 1214 939 essent,
1253 877 1340 929 illa
1367 878 1502 944 loca,
1535 879 1578 929 si

25 956 342 1018 supersunt,
382 948 626 1011 excitavi,
664 965 767 999 nec
802 957 1013 1012 tamen,
1054 950 1152 1000 etsi
1182 948 1290 1000 hoc
1320 967 1468 1002 nunc
1497 948 1579 1001 fa-

0 1019 5 1028 ”
28 1028 180 1072 ctum
211 1035 327 1071 esse
353 1019 633 1070 interdum
659 1018 912 1083 mallem,
951 1021 1156 1087 integra
1182 1020 1468 1090 adscripsi,
1506 1038 1580 1073 ne

27 1090 206 1143 moles
236 1091 763 1142 commentariorum
800 1091 1035 1142 modum
1067 1091 1369 1146 excederet.
1452 1096 1577 1158 Quo

32 1161 235 1229 eodem
281 1170 436 1213 metu
490 1178 591 1212 nec
639 1162 885 1231 exempla
930 1180 1248 1214 coacervare
1285 1164 1341 1214 in
1384 1163 1580 1215 dictio-

28 1250 102 1286 ne
138 1232 450 1301 explicanda
488 1233 665 1295 volui,
711 1233 836 1297 sed,
886 1251 1011 1285 cum
1047 1234 1372 1286 brevitatem
1409 1253 1578 1287 unam

30 1305 283 1358 omnium
311 1304 602 1355 maximam
629 1305 887 1355 virtutem
927 1305 1042 1356 talis
1077 1322 1277 1373 operae
1320 1322 1437 1359 esse
1477 1326 1579 1375 pu-

27 1385 229 1441 tarem,
275 1376 710 1445 quotiescunque
747 1375 922 1439 licuit,
971 1386 1061 1428 aut
1094 1377 1265 1428 verbo
1296 1395 1416 1429 rem
1454 1395 1579 1429 mo-

29 1448 152 1513 nui,
192 1455 282 1498 aut
307 1446 374 1498 ad
410 1448 554 1498 viros
588 1447 781 1498 doctos
815 1447 1082 1498 lectorem
1113 1449 1318 1515 remisi,
1358 1451 1452 1519 qui
1485 1467 1578 1500 co-

28 1519 332 1588 piosiorem
355 1518 782 1586 disputationem
805 1518 1152 1572 desideraret.

5 1688 10 1692 ¹
167 1628 284 1677 Nec
323 1632 506 1675 tamen
544 1631 716 1674 totam
752 1642 935 1675 meam
966 1625 1407 1695 qualemcunque
1443 1643 1578 1694 ope-

29 1713 144 1747 ram
187 1695 272 1746 his
320 1693 523 1746 finibus
573 1696 939 1746 circumscribi
983 1714 1166 1763 passus
1213 1715 1349 1750 sum.
1436 1700 1578 1749 Cum

28 1766 283 1834 Virgilius
318 1766 362 1817 is
388 1766 481 1831 sit,
519 1766 572 1816 in
611 1783 723 1834 quo
757 1766 994 1833 legendo
1028 1784 1220 1835 magua
1260 1768 1576 1820 iuvenilium

30 1836 337 1890 studiorum
376 1854 499 1906 pars
539 1838 785 1888 consumi
824 1838 1018 1903 soleat,
1071 1857 1138 1889 eo
1176 1839 1403 1908 quidem
1444 1857 1578 1890 con-

30 1909 177 1975 silio,
230 1907 540 1960 dummodo
579 1908 737 1960 multi
782 1909 837 1960 id
882 1910 981 1961 sibi
1021 1912 1366 1978 propositum
1406 1910 1578 1963 habe-

29 1989 179 2046 rent,
233 1989 296 2031 ut
336 1979 404 2031 ad
446 1979 858 2031 adolescentum
906 1982 1117 2049 ingenia
1164 1982 1447 2050 polienda,
1508 1981 1578 2034 ad

6 2050 253 2103 ‘sensum
283 2060 338 2101 et
364 2060 583 2117 gustum
609 2051 988 2119 pulcritudinis
1023 2053 1359 2115 acuendum,
1398 2052 1466 2104 ad
1495 2054 1578 2105 iu-

34 2122 237 2175 dicium
282 2121 351 2173 de
393 2122 650 2173 omnibus
691 2123 779 2188 iis,
829 2141 967 2192 quae
1011 2124 1076 2174 ab
1120 2133 1232 2175 arte
1269 2134 1322 2175 et
1356 2125 1575 2191 ingenio

34 2193 305 2246 elaborata
354 2202 408 2244 et
451 2211 696 2261 expressa
742 2194 1029 2246 oculorum
1076 2197 1355 2264 animique
1395 2197 1576 2247 sensui

6 2262 220 2316 'subiici
249 2274 501 2333 possunt,
540 2263 953 2317 informandum
987 2266 1164 2318 valere
1197 2266 1283 2317 illa
1323 2266 1484 2318 lectio
1524 2276 1578 2317 et

19 2337 142 2388 ‘vim
163 2335 368 2387 habere
398 2335 715 2403 debeat**),
754 2335 860 2388 feci
887 2337 968 2402 id,
1009 2337 1161 2406 quod
1188 2339 1242 2389 iu
1268 2337 1372 2389 alio
1397 2347 1576 2406 poeta,

89 2479 128 2536 ἴ)
159 2481 379 2521 profitetur
413 2494 499 2520 eam
533 2488 655 2535 poeta
688 2481 776 2534 ipse
835 2482 889 2522 ad
925 2484 1191 2537 Tragicorum
1226 2483 1445 2523 lectionem
1481 2497 1577 2536 spe-

32 2539 77 2579 in
113 2540 292 2594 Epistola
330 2540 383 2579 ad
416 2540 648 2593 Augustum
672 2542 776 2580 Cae-
836 2548 964 2581 etant.

33 2612 186 2650 sarem3
237 2599 295 2638 ait
327 2599 456 2638 enim:
498 2614 540 2638 se
576 2601 777 2652 impertiri
893 2599 951 2656 **)
986 2600 1162 2650 Quintil.
1202 2601 1238 2651 1,
1272 2603 1319 2651 8,
1360 2600 1388 2642 4
1438 2601 1577 2639 Cetera

35 2654 94 2712 (h.
112 2671 146 2698 e.
168 2656 382 2712 adhibere)
401 2659 492 2696 alia
508 2672 666 2712 quoque
684 2668 774 2697 stu-
834 2660 1110 2699 adnwnilione
1140 2674 1301 2712 magna
1333 2668 1452 2712 egent
1465 2690 1475 2709 ‚
1510 2662 1577 2698 in-

32 2715 107 2755 dia
121 2747 132 2765 ,
164 2731 292 2770 quam
321 2731 578 2755 numerorum
606 2726 644 2756 et
668 2732 775 2769 poe·
825 2720 998 2771 primis,
1034 2726 1079 2757 ιιι
1100 2727 1259 2757 tenerae
1278 2727 1430 2757 mentes
1443 2749 1453 2766 ,
1487 2727 1576 2756 tra—

34 2776 131 2813 tices
145 2805 157 2825 ‚
189 2776 399 2829 'nulloque
426 2778 594 2827 pociora
605 2807 617 2826 ,
651 2776 712 2814 ad
731 2776 779 2814 id
833 2786 1050 2831 claraeque
1077 2778 1203 2815 allisa-s·
1218 2807 1230 2827 ,
1280 2778 1479 2831 quicquid
1504 2792 1577 2815 rue-

35 2846 137 2884 opus
156 2863 168 2883 ,
218 2833 438 2873 Aeneidem
479 2841 594 2888 puta.
662 2834 776 2873 Haec
833 2835 953 2874 <libus
989 2845 1028 2874 et
1060 2837 1244 2874 omnium
1276 2838 1436 2888 ignaris
1467 2837 1577 2873 inse-

35 2897 133 2931 mnt
157 2904 224 2942 ea,
265 2905 369 2945 quae
400 2892 453 2931 ad
488 2893 775 2945 antiquitatem
833 2894 935 2933 derit
947 2925 959 2944 ,
1004 2909 1087 2933 non
1116 2895 1235 2933 modo
1272 2908 1379 2948 quae
1407 2894 1573 2942 diserta,

34 2947 276 3003 mythicam,
310 2951 501 3005 inprinfi
530 2952 693 3004 Italiae,
732 2958 776 2992 et
832 2954 907 2991 sed
923 2953 990 2993 vel
1005 2955 1145 3006 magt's
1159 2967 1266 3007 quae
1283 2953 1452 2992 honesta
1471 2959 1575 3001 sunt,
