1768 3320
160 872 171 887 ‘
231 891 836 954 TESTIMONIA
885 894 1005 952 DE
1062 889 1508 952 VIRGILIO

794 1024 939 1063 {LE-

2 1088 9 1117 'k
100 1115 267 1158 LOCA
315 1115 621 1158 VETERUM
670 1114 1108 1166 SCRIPTORUM‚
1161 1113 1226 1154 IN
1277 1113 1511 1164 QUIBUS
1563 1112 1641 1153 DE

412 1198 713 1240 VIRG1L10
758 1196 1154 1238 MEMORATIO
1204 1195 1326 1235 FIT.

325 1386 394 1462 P}
419 1416 719 1463 ovmms
761 1417 949 1462 NAso
978 1418 1143 1460 Amor.
1170 1415 1213 1465 I,
1247 1417 1314 1467 15,
1343 1417 1412 1460 25.

99 1477 334 1569 Tityrus,
363 1517 408 1553 et
427 1517 617 1568 segetes»,
642 1510 895 1569 Aeneiaque
914 1524 1041 1553 arma
1061 1507 1284 1565 legentur,

159 1567 308 1612 Roma
325 1567 602 1628 triumphati
622 1566 734 1611 dum
758 1575 893 1628 caput
913 1567 1037 1612 orbis
1058 1566 1156 1609 erit.

500 1671 833 1718 EIUSDEM
868 1673 977 1716 Art.
1008 1671 1110 1724 III,
1146 1675 1245 1714 337.

100 1741 160 1785 Et
212 1740 431 1800 rofugum
454 1744 658 1796 Aenean,
688 1740 801 1785 altae
820 1740 1073 1800 primordia
1094 1739 1288 1784 Romae:

208 1815 266 1843 uo
292 1799 475 1843 nullum
497 1800 626 1844 Latio
646 1799 811 1843 clarius
834 1807 959 1843 extat
978 1813 1113 1858 opus.

193 1902 526 1949 EIUSDEM
565 1905 651 1948 AD
692 1903 1128 1949 AUGUSTUM.
1173 1902 1315 1947 Trist.
1341 1901 1412 1954 II,
1443 1904 1540 1946 533.

98 1973 158 2018 Et
178 1981 331 2018 tamen
352 1973 428 2018 ille
448 1985 551 2018 tuae
572 1974 685 2018 felix
703 1973 923 2017 Aeneidos
945 1983 1105 2017 auctor

158 2031 365 2075 Contulit
384 2034 429 2075 in
454 2032 626 2091 Tyrios
643 2047 770 2075 arma
786 2031 1032 2090 virumque
1050 2038 1190 2074 toros.

97 2088 164 2133 Ph
203 2090 321 2132 llidis
346 2089 418 2133 hic
440 2090 585 2141 idem,
619 2097 888 2147 teneraeque
916 2087 1207 2148 Amaryllidis
1227 2088 1351 2146 ignes

198 2147 378 2191 ucolicis
396 2148 570 2192 iuvenis
586 2147 757 2191 luserat.
772 2155 876 2190 ante
896 2147 1062 2191 modis.

190 2251 397 2296 SEXT.
446 2251 823 2296 AURELIUS
866 2249 1327 2295 PROPERTIUS
1369 2250 1445 2295 lib.
1478 2249 1548 2301 II,

453 2322 590 2381 Eleg.
614 2330 728 2366 extr.
751 2326 804 2366 61
827 2338 920 2381 sqq·
940 2321 1006 2365 ad
1023 2321 1273 2375 Lynceum.

19 2443 22 2446 Α
95 2391 223 2434 Actia
233 2390 477 2448 Virgilium
496 2390 659 2450 (iuvet)
681 2391 877 2436 custodis
893 2391 1051 2434 littora
1069 2389 1257 2460 Phoebi2

156 2448 354 2492 Caesaris
375 2458 419 2492 et
438 2449 580 2493 fortes
606 2450 752 2493 dicere
767 2465 904 2508 posse
920 2457 1052 2492 rates.

101 2506 194 2560 Qui
217 2521 339 2550 nunc
359 2509 531 2551 Aeneae
552 2508 743 2551 Troiani
761 2509 943 2551 suscitat
963 2522 1112 2561 arma,

154 2563 362 2621 laetaque
381 2564 564 2609 LavinIs
583 2566 765 2609 moenia
781 2561 1025 2609 littoribus.

99 2621 253 2665 Cedite
269 2622 464 2666 Romani
482 2624 749 2682 scriptores,
781 2623 922 2667 cedite
946 2623 1090 2666 Graii:

158 2680 317 2722 Nescio
337 2681 447 2739 quid
468 2682 615 2724 maius
633 2682 832 2724 nascitur
854 2681 1007 2725 Iliade.

99 2735 177 2779 Tu
201 2738 319 2780 canis
345 2739 552 2782 umbrosi
579 2738 734 2783 subter
762 2740 914 2798 pineta
943 2738 1094 2782 Galesi
1172 2757 1175 2760 ¹

157 2793 386 2852 Thyrsin,
428 2805 472 2840 et
497 2797 660 2840 attritis
691 2794 904 2856 Daphnin
936 2795 1261 2846 arundinibus3

102 2850 257 2908 thue
276 2852 430 2897 decem
452 2855 629 2913 possint
654 2870 951 2914 eorrumpere
970 2854 1092 2898 mala
1110 2851 1311 2912 puellam
1327 2885 1336 2903 ,

159 2908 322 2952 Missus
349 2919 393 2953 et
424 2914 653 2971 impressis
682 2913 850 2956 haedus
874 2913 930 2955 ab
962 2911 1189 2955 uberibus.

16 2973 18 2976 ’
100 2964 248 3017 Felix,
294 2968 371 3024 qui
402 2969 508 3013 viles
536 2972 687 3028 pomis
720 2971 934 3014 mercaris
966 2972 1166 3013 amores!

157 3023 273 3066 Huic
294 3024 396 3068 licet
422 3029 621 3084 ingratae
639 3028 831 3086 Tityrus
851 3029 947 3086 ipse
966 3035 1104 3072 canat.
