1734 3320
142 177 245 229 356

141 302 416 370 Agricolae
439 305 664 374 propius
689 305 906 356 stabulis
932 315 1172 356 armenta
1197 314 1462 358 tenerent.

484 178 540 228 P.
590 178 957 230 VIRGILII
1002 180 1386 234 MARONIS

1568 310 1672 359 355

143 374 442 440 ContinUO,
479 376 649 426 ventis
675 377 1039 442 surgentibUS,
1078 385 1167 426 aut
1190 375 1327 426 freta
1351 377 1507 444 ponti

139 445 411 512 Incipiunt
439 447 624 511 agitata
646 455 978 513 tumescere,
1017 456 1070 497 et
1094 446 1271 497 aridus
1298 447 1411 497 altis

138 515 417 566 Montibus
444 515 614 566 audiri
637 515 840 582 fragm-3
879 527 968 567 aut
990 518 1297 567 resonantia
1320 517 1483 583 longe

138 587 319 636 Litora
342 586 572 652 misceri,
593 596 645 637 et
668 594 961 638 nemorum
983 587 1383 639 increbrescere
1406 605 1669 641 murmur.

184 705 255 741 357
281 705 426 738 arduus
445 705 501 738 ed.
513 706 604 739 Ven.
624 711 659 738 et
678 706 866 740 Romanus.
900 706 1005 740 Male.
1033 705 1105 740 vid.
1123 707 1211 740 Not.

1306 707 1376 742 359
1400 706 1673 742 increbrescere

139 752 269 786 Medic.
290 752 409 797 (etiam
425 755 511 785 Aen.
531 753 623 795 VIII,
647 751 702 787 14.
730 759 766 785 et
783 752 1029 793 crebrescere,
1065 753 1204 798 quoties
1225 753 1376 798 legitur,
1409 753 1433 787 i.
1456 767 1486 788 e.
1506 757 1592 790 Aen.
1612 756 1670 797 111,

139 800 220 835 530.
237 800 319 841 XII,
338 801 419 835 222.
439 799 532 841 407.,
556 799 593 832 in
614 799 750 833 eodem.
769 802 825 834 W
820 801 865 845 r.)
896 813 974 834 cum
995 800 1096 841 aliis;
1121 812 1193 833 non
1212 800 1462 835 increbescere
1482 802 1533 847 (ut
1542 804 1575 838 2.
1587 803 1620 838 3.
1634 801 1671 838 4.

139 847 173 881 5.
201 846 295 891 Wr.)
309 873 317 888 ,
342 846 408 885 etsi
424 845 493 879 hoc
509 846 671 886 mollius;
696 854 732 879 at
746 846 836 880 illud
859 846 1030 881 austerius
1051 854 1087 880 et
1105 847 1267 892 pleniore
1283 859 1384 881 sono.
1410 848 1672 894 (increbescere

138 893 269 927 dudum
287 893 457 926 reiectum
476 906 497 927 a
514 894 560 928 V.
578 895 618 929 V.
635 894 678 928 D.
696 894 759 937 D.;
791 895 923 941 probat
942 901 1061 929 tamen
1080 894 1264 929 Heindorf.
1290 895 1333 929 ad
1355 897 1479 930 Horat.
1498 899 1607 931 Serm.
1627 897 1669 939 II,

139 941 182 985 5,
208 941 264 976 93.
304 940 399 985 Wr.)

137 1038 219 1076 Nec
246 1043 384 1076 tamen
417 1036 601 1088 reliqua,
642 1052 744 1090 quae
774 1039 874 1080 sub-

136 1096 276 1134 iuncta
302 1101 398 1134 sunt
416 1109 436 1132 a
457 1095 646 1147 Marone,
678 1097 872 1148 efficiunt,

136 1160 185 1192 ut
205 1153 381 1198 illudsad
398 1160 539 1206 poetae
561 1156 762 1194 rationem
785 1169 873 1194 me-

136 1211 213 1250 lius
240 1211 592 1250 accommodatum
616 1214 748 1253 videri
775 1229 874 1267 pos-

136 1270 201 1309 sit.
259 1271 361 1308 Nam
379 1270 584 1323 subiungit
607 1273 745 1311 statim
769 1273 874 1311 alte-

135 1342 249 1367 rum:
290 1329 391 1381 qaid
418 1343 541 1380 saepe
569 1331 746 1369 videntes
772 1330 813 1370 h.
842 1344 874 1371 e.

136 1386 250 1438 quod
276 1386 473 1425 indicium
495 1395 597 1427 esset
622 1390 875 1442 tempestatis

135 1444 369 1497 ingruentis.
431 1445 566 1484 Habes
600 1447 738 1499 itaque
770 1448 874 1487 duo:

136 1503 245 1555 signa
265 1504 453 1542 cessantis
469 1510 510 1543 et
527 1504 750 1556 ingruentis
765 1512 874 1545 tem-

134 1562 314 1614 pestatis.
347 1562 489 1601 Variat
509 1563 615 1602 enim
633 1563 735 1603 haec
750 1571 873 1618 poeta

137 1620 344 1670 oratione3
363 1626 403 1658 et
421 1622 639 1673 propositis
652 1622 747 1661 inde
770 1637 793 1661 a
811 1637 871 1662 vs.

136 1678 220 1720 356
234 1678 467 1730 pluviarum
482 1685 522 1718 et
537 1680 751 1720 fulminum
771 1695 872 1734 pro-

134 1736 343 1787 gnosticis,
375 1736 538 1776 subiicit
563 1752 621 1777 vs.
646 1742 729 1781 393
751 1753 873 1792 prae-

134 1794 242 1846 sagia
259 1795 473 1833 serenioris
494 1796 603 1835 caeli.
634 1798 736 1850 qaid
750 1812 872 1849 saepe

134 1852 326 1901 videntes,
349 1851 390 1891 h.
410 1866 490 1905 quo
510 1854 597 1893 viso
613 1855 871 1907 prognostico

87 1940 92 1959 3
135 1923 207 1949 seu
221 1910 385 1949 indicio.
427 1912 523 1954 355.
549 1913 661 1952 Conf.
680 1913 872 1966 Calpurn.

134 1968 218 2006 Ecl.
240 1968 286 2018 V,
307 1967 361 2010 43
387 1983 471 2021 sqq.

191 2027 274 2069 356
296 2040 380 2078 sqq.
398 2049 457 2057 —
477 2027 573 2069 364.
614 2028 874 2068 Imminentes

133 2084 330 2136 procellas
370 2085 536 2125 nuntiat
581 2087 729 2126 surdus
773 2088 873 2126 aeris

133 2149 269 2181 motus
302 2149 343 2181 et
378 2143 514 2196 fragor
544 2150 656 2183 terra
686 2146 870 2198 marique

134 2200 445 2251 increbrescens,
464 2216 543 2253 quo
557 2204 743 2242 exterriti
755 2205 869 2243 alites

134 2259 281 2297 malini
320 2259 364 2297 in
399 2260 515 2299 littus
563 2262 740 2301 evolant.
806 2264 870 2302 Ex

134 2315 251 2355 Arati
279 2317 488 2369 Prognost.
529 2321 611 2361 177
638 2334 722 2373 sqq.
766 2318 868 2375 (909

135 2388 192 2426 sq.
191 2373 224 2429 ),
238 2375 308 2426 qui
323 2389 464 2415 versus
484 2390 507 2414 a
519 2377 711 2417 Cicerone
730 2384 870 2418 trans-

134 2432 209 2471 lati
238 2439 334 2472 sunt
353 2433 398 2472 in
426 2434 574 2473 latinos
602 2436 651 2474 de
673 2436 810 2487 Div.1‚
830 2440 870 2487 7,

134 2490 206 2529 ubi
224 2490 309 2531 vid.
323 2490 453 2531 navis.
484 2493 534 2532 cf.
551 2494 700 2534 Lucan.
717 2494 765 2545 V,
786 2467 870 2538 565

135 2562 242 2601 sqq.,
284 2548 354 2601 qui
380 2550 422 2588 in
454 2556 544 2589 toto
575 2551 643 2591 illo
674 2553 764 2591 loco
792 2567 871 2591 no-

135 2612 267 2646 strum
287 2613 378 2645 ante
398 2609 536 2647 oculos
553 2608 709 2649 habuit.
751 2611 870 2650 Alio-

134 2677 228 2704 rum
272 2671 486 2718 poetarum
532 2667 622 2706 loca
670 2669 870 2720 surgentis

134 2724 383 2776 tempestatis
409 2725 604 2776 congessit
625 2726 755 2764 Gerda
780 2725 822 2765 h.
842 2726 868 2765 l.

134 2781 208 2820 Est
235 2781 342 2820 enim
376 2781 457 2820 iam
480 2783 575 2821 inde
604 2783 657 2827 ‚ab
688 2783 867 2822 Homero

134 2839 301 2891 poeticis
328 2839 496 2892 ingeniis
528 2847 714 2880 versatus
743 2842 867 2880 locus.

134 2896 345 2950 Virgilium
377 2898 562 2950 sequitur
599 2899 699 2937 Plin.
724 2899 867 2949 XVIII,

136 2955 203 3004 35,
233 2961 328 2994 sect.
349 2956 417 2999 85.
441 2958 509 2999 86.
534 2959 602 2998 87.
645 2956 839 2996 Continuo
852 2973 865 2995 .·

931 1038 1144 1093 principio.
1179 1038 1262 1079 vid.
1286 1053 1372 1093 sup.
1395 1042 1462 1082 60.
1511 1038 1669 1094 (Conti-

931 1111 1028 1147 nno,
1061 1094 1220 1139 αὐτίκα.
1261 1098 1317 1136 De
1337 1098 1449 1137 vocis
1466 1105 1669 1151 potestate

931 1155 1015 1194 vid.
1040 1155 1150 1195 Gisb.
1171 1156 1316 1194 Koenii
1337 1157 1608 1196 Commentar.
1626 1157 1669 1195 in

932 1213 1115 1266 Gregorii
1134 1214 1203 1253 lib.
1226 1215 1275 1254 de
1294 1215 1491 1254 Dialectis.
1510 1229 1550 1268 p.
1573 1214 1668 1258 194.

932 1271 1145 1327 Branck.)
1198 1275 1326 1311 ventis
1380 1273 1635 1326 surgentibus
1653 1290 1666 1312 .-

931 1343 1030 1369 mox
1060 1344 1120 1369 vs.
1141 1331 1225 1373 365
1254 1339 1368 1370 vento
1400 1332 1666 1384 inpendente,-

931 1388 1027 1427 vide
1045 1388 1168 1427 modo
1187 1388 1291 1428 adv.
1304 1390 1400 1432 354.
1419 1390 1537 1443 freta
1550 1392 1671 1443 ponti

929 1447 1090 1499 poetica
1136 1446 1362 1500 periphrasi
1409 1462 1486 1502 pro
1524 1454 1667 1501 ponto,

930 1505 1053 1556 mari;
1083 1505 1186 1544 nihil
1210 1506 1392 1558 ampliuS.
1452 1506 1549 1549 357.
1580 1509 1668 1545 ari—

930 1563 1171 1616 dusfragor
1183 1594 1193 1614 ,
1228 1565 1357 1616 qualis
1376 1578 1492 1618 asper
1510 1570 1552 1603 et
1568 1579 1663 1604 acu-

929 1627 997 1660 tus
1041 1621 1243 1674 lignorum
1288 1623 1498 1663 aridorum
1513 1653 1525 1674 ‚
1574 1637 1667 1662 cum

928 1681 1184 1732 franguntur.
1245 1681 1306 1720 Ita
1343 1688 1384 1720 et
1411 1682 1573 1721 Lucret.
1600 1681 1666 1732 VI,

933 1738 1196 1789 115—119,
1222 1746 1262 1778 et
1280 1739 1541 1779 Homericum
1561 1734 1667 1781 αὖον

931 1793 1080 1847 ὄῖϋσεν,
1110 1803 1160 1836 ut
1177 1797 1289 1837 Iliad.
1308 1814 1345 1849 ν,
1371 1798 1476 1849 441,
1509 1804 1550 1838 et
1571 1814 1666 1853 καρ-

932 1853 1088 1903 φαλέον
1115 1853 1242 1896 ἄϋσεν
1269 1856 1383 1896 Iliad.
1402 1872 1448 1907 ν,
1477 1855 1575 1900 409.
1616 1857 1664 1896 cs.

931 1912 1074 1952 Cerda.
1104 1913 1229 1952 Effert
1250 1921 1386 1953 autem
1399 1914 1513 1955 haud
1526 1915 1665 1968 paullo

931 1971 1115 2010 ornatius
1129 1972 1279 2011 Aratea
1294 1973 1320 2012 l.
1339 1973 1365 2012 l.
1382 1975 1464 2015 180
1481 1973 1667 2029 κορυφαί

930 2045 972 2070 τε
992 2026 1199 2084 βοώμεναι
1219 2028 1365 2084 ου’ρεος
1385 2029 1521 2086 ἄκραι.
1565 2032 1663 2075 359

931 2089 1077 2126 Litora
1128 2091 1315 2127 misceri.
1382 2091 1576 2130 miscetur
1617 2104 1664 2129 ac

926 2146 1196 2199 perturbatur
1213 2161 1326 2187 mare
1344 2148 1486 2188 littora
1507 2155 1548 2188 et
1565 2163 1664 2188 saxa

929 2205 1101 2255 alluens,
1143 2205 1288 2257 quibus
1323 2207 1549 2247 alliduntur
1579 2207 1664 2247 flu-

929 2268 1039 2314 ctus;
1060 2269 1100 2302 et
1113 2266 1343 2303 resonantia
1361 2267 1578 2305 miscentur
1585 2280 1662 2320 pro

928 2321 1096 2374 simplici
1113 2331 1312 2361 resonant.
1355 2322 1506 2364 Aratus
1527 2325 1581 2365 ib.
1601 2338 1661 2364 vs,

932 2381 1146 2422 178.179
1182 2378 1336 2451 μακρὸν
1375 2378 1446 2423 ἐπ’
1485 2381 1663 2451 αἰγιαλοὶ

930 2433 1158 2508 βοόωντες,
1208 2434 1344 2480 Ἀκταί
1389 2435 1433 2481 τ’
1475 2437 1660 2489 εἰνάλιοι,

929 2488 1049 2537 ὁπότ’
1076 2492 1209 2537 ευδίοι
1229 2492 1439 2550 η’χήεσσαι.
1498 2500 1661 2537 Littora

927 2556 1121 2605 ripaeque
1143 2555 1180 2591 si
1198 2554 1439 2594 resonabunt
1458 2557 1661 2610 tranquil-

928 2612 967 2649 lo
982 2627 994 2648 .·
1028 2624 1121 2650 cum
1145 2617 1293 2650 ventus
1322 2613 1508 2652 nondum
1533 2614 1660 2653 senti-

927 2674 1020 2718 tur3
1051 2668 1232 2707 reddidit
1253 2669 1354 2710 Plin.
1375 2671 1521 2723 XVIII,
1539 2673 1607 2723 35,
1629 2686 1659 2712 s.

928 2726 996 2769 58.
1027 2726 1178 2764 Similia
1196 2727 1284 2766 loca
1301 2729 1430 2768 Cerda
1450 2730 1658 2783 congessit.

926 2784 984 2821 De
1009 2798 1215 2822 nemorum
1238 2799 1440 2827 murmure
1465 2802 1536 2828 seu
1564 2802 1659 2828 mu-

927 2841 1014 2893 gitu
1043 2842 1093 2880 cf.
1119 2841 1218 2882 Aen.
1237 2844 1289 2894 X,
1314 2847 1371 2888 97
1380 2849 1513 2889 -99,
1572 2847 1658 2886 Ex-

926 2899 1072 2952 pressit
1098 2898 1139 2939 h.
1162 2901 1188 2939 1.
1217 2902 1366 2942 Lucan.
1383 2904 1431 2954 V,
1461 2905 1542 2947 551
1573 2918 1657 2956 sqq.

927 2958 1027 2995 Post
1046 2966 1161 2997 vento
1181 2969 1373 3000 crescente
1400 2964 1538 3014 magis
1563 2976 1658 3000 rna-
