1768 3320
615 234 1153 286 *ARGUMENTA
1515 254 1661 288 cmx

123 365 177 409 In
197 363 381 408 Latium
405 363 600 418 Aeneas,
631 363 763 406 Italas
782 361 919 406 simul
950 362 1092 405 intrat
1114 362 1158 405 in
1175 377 1290 404 oras.

122 423 305 467 Intonat
319 420 425 464 hinc
443 420 617 464 bellum
635 422 737 464 tecti
761 420 818 465 de
837 419 1035 464 culmine
1054 419 1257 463 Turnus.

122 478 379 538 Euryalum
398 485 448 522 et
457 478 622 522 Nisum
643 477 778 522 deflet
794 493 899 522 cum
932 485 1074 521 matre
1094 478 1314 521 iuventus.

122 537 315 582 Mezenti
333 537 543 580 interitus
564 538 760 590 canitur,
791 543 894 595 post
911 534 1072 578 funera
1096 534 1240 578 Lausi.
1609 540 1661 582 15

122 594 327 654 Ultaque
348 593 512 638 dehinc
531 593 679 638 fertur
696 594 788 638 telo
810 600 1000 637 mactata
1016 591 1221 636 Camilla.

120 653 274 698 Turni
296 653 385 697 vita
405 651 525 711 fugit
547 651 747 698 infernas
768 659 939 696 moesta
964 651 1052 696 sub
1069 650 1267 694 umbras.

741 780 828 830 lv
874 779 1034 844 (ΧΠ)

120 873 244 919 Item
267 872 567 933 Argumenta
585 874 636 917 in
657 872 917 917 Aeneidem
926 888 1020 931 per
1033 870 1329 915 Hexasticlza.
1351 869 1465 913 ibid.
1486 869 1656 929 Epigr.

199 942 299 998 194,
322 941 402 987 ubi
420 959 476 987 ex
501 941 553 986 V
553 943 740 987 ossiano
760 942 915 987 codice
935 941 1206 1000 integritati
1225 947 1334 983 sunt
1350 940 1578 984 restituta.

436 1012 601 1072 Itaque
619 1021 664 1058 et
682 1029 766 1056 nos
787 1012 899 1056 inde
919 1010 1341 1073 tratis-scripsimus.

646 1105 675 1139 P
699 1106 731 1139 B.
755 1107 772 1139 1
795 1106 834 1139 M
855 1106 873 1140 1
921 1105 952 1139 L
975 1106 992 1139 Ι
1015 1106 1044 1138 Β
1066 1105 1098 1139 R
1123 1105 1137 1138 1

117 1176 262 1219 Arma
278 1174 521 1232 virumque
539 1174 657 1217 canit
678 1182 819 1227 vates,
851 1173 1037 1218 lunonis
1056 1174 1116 1217 ob
1137 1174 1266 1228 iram,

0 1251 23 1303 ‚f
100 1279 101 1282 ,
119 1233 179 1278 Et
199 1240 354 1276 totum
373 1231 537 1275 Aeoliis
562 1229 797 1275 turbatu'm
817 1231 1032 1275 fluctibus
1047 1247 1241 1291 aequor3

117 1290 328 1336 Disiectas
347 1289 503 1334 classes
515 1323 529 1343 ,
559 1289 881 1349 submersaque
898 1305 1093 1349 corpora
1114 1298 1285 1349 pont03

117 1348 383 1408 Hospitium
406 1347 572 1402 Didus,
602 1363 729 1391 casus
749 1363 842 1406 quo
897 1350 1021 1401 entis,
1054 1355 1097 1391 et
1116 1363 1258 1391 annos

118 1407 288 1450 Aeneas
307 1405 476 1449 Troiae
503 1404 741 1463 fatumque
759 1414 801 1449 et
821 1406 874 1448 bc
894 1405 935 1448 la
955 1405 1158 1449 referret.
1629 1403 1656 1445 5

119 1465 337 1520 Quorum
355 1479 463 1523 pars
484 1471 656 1519 terrae,
686 1463 846 1523 pelago
872 1479 999 1523 pars,
1033 1462 1183 1507 addita
1203 1461 1351 1506 famae
1372 1467 1449 1504 est.

718 1569 1065 1603 SECUNDI

119 1639 387 1682 Conticuere
412 1652 595 1690 omneS,
629 1637 878 1695 intentique
897 1653 976 1681 ore
996 1636 1226 1696 loquentis

118 1697 211 1740 Ora
230 1703 396 1740 tenent.
459 1694 524 1738 Ac
541 1702 642 1737 tum
664 1694 799 1738 dolus
819 1696 1126 1738 introducitur
1147 1694 1300 1738 hostis.

117 1754 178 1798 Et
195 1752 362 1797 fallacis
381 1754 486 1812 equi
504 1753 777 1796 damnosum
796 1769 965 1796 munus
991 1754 1037 1796 in
1054 1754 1207 1805 armis,

118 1811 309 1856 Perfidia
330 1821 557 1869 notusque
578 1811 743 1864 Sinon,
778 1812 1029 1869 amissaque
1049 1812 1267 1855 coniunx,
1603 1812 1656 1852 10

117 1871 203 1914 Per
220 1869 390 1913 medios
408 1869 532 1927 ignes
550 1868 726 1911 ablatus
749 1884 966 1927 saevaque
983 1869 1070 1913 tela

118 1927 352 1982 Anchises,
385 1927 511 1970 oneri
526 1925 667 1970 facilis
684 1927 848 1986 pietate
866 1926 1067 1973 ferentis.

750 2033 1029 2068 TERTII

118 2102 365 2160 Postquam
386 2116 457 2144 res
478 2101 629 2154 Asiae,
659 2102 927 2161 disiectaque
956 2101 1133 2146 moenia
1153 2101 1340 2145 Troiae:

79 2195 81 2197 >
117 2160 240 2205 Dant
258 2159 418 2219 pelago
437 2159 617 2214 classes,
649 2160 869 2219 Polydori
889 2160 1048 2204 funera
1071 2160 1263 2214 diseunt,

118 2219 269 2276 Atque
286 2217 443 2261 Heleni
463 2226 723 2276 praecepta,
754 2217 889 2261 fidem
911 2219 982 2261 cui
1005 2217 1169 2261 fecerat
1190 2232 1321 2260 usus:
1602 2217 1654 2259 15

119 2275 250 2329 Quae
263 2290 356 2318 non
378 2290 574 2318 accessus
598 2278 667 2319 via
690 2277 746 2318 sit
769 2276 1006 2330 tentanda,
1038 2275 1263 2335 Cyclopas

118 2333 179 2377 Et
195 2333 372 2392 Scyllae
386 2333 530 2376 rabies
551 2342 594 2376 et
611 2333 909 2378 ineluctabilis
932 2333 1065 2388 unda,

118 2391 391 2450 Errorisque
410 2392 546 2435 maris
564 2391 694 2435 labor
715 2392 760 2435 in
781 2392 1009 2436 contraria
1025 2406 1193 2436 versus.

731 2497 1030 2540 QUARTI

118 2565 178 2608 At
194 2564 388 2623 Regina,
418 2566 543 2624 gravi
563 2573 722 2625 peetus
748 2582 954 2610 succensa
972 2565 1145 2620 dolore,

119 2622 260 2666 Ardet
279 2638 435 2667 amore
456 2625 567 2676 viri3
600 2624 804 2668 clausum
829 2631 1067 2668 veneratur
1082 2638 1304 2676 amorem,
1598 2623 1654 2663 20

120 2678 336 2739 Dumque
353 2681 496 2740 capit,
524 2683 724 2740 capitur,
752 2683 908 2734 sentit,
939 2696 1055 2739 quos
1080 2681 1309 2740 praebuit,
1341 2680 1461 2738 ignes

121 2736 285 2780 Aeneas
297 2755 309 2791 ;
340 2738 485 2782 altum
505 2741 635 2783 sociis
656 2748 700 2783 et
721 2741 857 2784 classe
873 2741 1045 2800 petivit.

121 2792 363 2839 Exstructa
382 2796 549 2856 Regina
568 2813 688 2856 pyra
706 2798 1013 2858 penetralibus
1025 2828 1038 2850 ,
1071 2796 1206 2839 instat

122 2851 275 2896 Morte
288 2852 447 2911 fugam
466 2863 705 2914 praestare.
763 2857 921 2901 Motae
941 2870 1024 2899 nec
1048 2853 1191 2898 defuit
1212 2853 1339 2896 hora.

169 2979 214 3014 18
246 2978 330 3012 Vid-
359 2981 446 3015 Aen.
469 2983 535 3026 111,
569 2981 652 3020 429.
686 2982 769 3021 430.
785 2983 856 3019 688
960 2982 1010 3018 24
1028 2982 1185 3016 obscure
1200 2980 1351 3018 dictum3
1374 2972 1653 3024 praes-tarefa-

122 3037 201 3071 s‘lq·
913 3042 1001 3077 gam
1018 3037 1135 3064 morte
1156 3040 1234 3062 esse
1252 3026 1392 3061 videtur
1412 3031 1653 3068 compensare,
