1734 3320
150 183 252 234 550
478 185 533 233 P.
571 183 928 234 VIRGILII
975 182 1353 234 MARONIS

148 311 593 377 Miscueruntque
609 309 807 360 herbas
830 318 884 360 et
901 326 1014 359 non
1035 310 1249 360 innoxia
1265 309 1443 363 verba.

223 380 334 431 Sed
352 378 489 445 fugit
510 381 715 431 interea
728 421 741 443 ,
777 378 914 444 fugit
934 380 1291 447 inreparabile
1311 383 1544 449 tempuS,

153 451 370 517 Singula
396 450 528 501 dum
559 453 697 519 capti
723 452 1206 501 circumvectamur
1229 468 1430 503 amore.

149 525 268 573 Hoc
291 522 412 572 satis
437 522 706 574 armentis,
782 524 1012 589 Superat
1032 539 1154 588 pars
1177 522 1339 573 altera
1360 539 1534 588 curae,

148 593 439 659 Lanigeros
463 593 659 658 agitare
678 608 868 658 greges
886 591 1164 660 hirtasque
1186 593 1424 660 capellas,

148 664 248 714 Hic
269 663 447 725 labor3
485 663 613 712 hinc
636 662 855 713 laudem
878 660 1049 712 fortes
1070 670 1281 730 sperate
1306 663 1502 716 coloni.

149 738 262 787 Nec
286 751 407 785 sum
433 734 594 783 animi
619 733 842 798 dubius,
879 732 1058 783 verbis
1077 750 1138 783 ea
1155 734 1373 785 vincere
1393 749 1654 800 magnum
1722 751 1723 754 ¹

1582 455 1687 506 285

198 865 267 900 283
293 876 363 910 que
380 863 482 897 abest
507 875 526 897 a
544 864 685 908 Menag.
712 875 768 908 pr.
818 864 1126 909 Miscuerantque
1156 862 1238 896 duo.
1288 861 1584 910 Milwuerintque
1610 865 1690 898 Ro-

150 924 271 946 manus
301 917 337 944 et
363 911 480 944 Mead.
530 912 664 944 Versus
689 910 749 944 hic
774 910 830 944 bis
858 911 895 944 in
922 911 992 944 hoc
1018 910 1172 944 carmine
1206 911 1379 954 occurrit,
1412 910 1472 945 hic
1502 918 1539 945 et
1557 913 1690 957 Georg.

150 961 193 1001 II,
221 960 299 994 129.
349 958 420 993 Vix
436 958 627 1003 probabile
645 959 687 991 fit
710 958 747 991 in
767 958 920 996 carmine
940 966 1010 991 tam
1032 958 1218 992 elaborato
1240 966 1382 1004 poetam
1403 959 1474 993 hoc
1495 959 1690 994 admisisse.

150 1008 295 1047 Restat,
320 1012 359 1038 ut
376 1005 602 1039 iudicandum
618 1006 681 1048 sit,
716 1012 797 1039 utro
816 1006 897 1039 loco
916 1005 1069 1039 insertus
1094 1018 1171 1039 esse
1198 1005 1311 1039 videri
1328 1007 1442 1053 possit
1461 1007 1504 1041 ab
1524 1007 1594 1041 alia
1610 1019 1690 1041 ma—

154 1066 210 1087 nu.
260 1055 331 1086 Iam
357 1053 392 1086 in
419 1053 600 1099 praesenti
625 1054 707 1087 loco
738 1053 797 1087 vix
821 1054 914 1086 bene
944 1064 986 1086 eo
1018 1065 1151 1087 careas.
1200 1053 1325 1088 Altero
1354 1054 1460 1098 loco,
1495 1055 1626 1100 Georg.
1647 1055 1691 1097 ΙΙ,

153 1103 242 1143 129,
276 1099 402 1134 melius
436 1101 557 1143 abest,
595 1114 673 1136 cum
698 1100 751 1134 ibi
782 1100 827 1134 de
854 1099 1026 1134 veneficio
1057 1100 1204 1147 proprie
1232 1101 1328 1135 dicto
1352 1110 1496 1147 agatur,
1520 1115 1598 1137 cum
1620 1113 1690 1147 quo

151 1148 324 1191 carmina,
348 1147 464 1182 verba
483 1161 560 1183 non
578 1150 754 1191 innoxia,
778 1160 852 1181 non
877 1147 1078 1182 necessario
1103 1149 1292 1183 coniuncta
1311 1157 1411 1184 sunt:
1447 1149 1517 1185 vid.
1546 1150 1593 1183 ad.
1614 1162 1645 1183 e.
1665 1149 1690 1183 l.

150 1197 298 1230 Brunck.
334 1196 385 1241 (et
413 1201 573 1231 nostram
601 1203 733 1229 notam.
764 1195 859 1240 Wr.)
957 1194 1027 1230 284
1051 1195 1280 1230 irremeabile
1298 1205 1443 1245 tempus
1461 1196 1618 1240 Zulich.‚
1652 1203 1692 1230 ut

151 1250 188 1277 et
216 1255 302 1276 unus
323 1246 409 1277 Aen.
429 1244 478 1285 X,
503 1240 574 1279 467
595 1243 753 1276 exhibet.
798 1243 892 1278 conf.
915 1244 1030 1276 Burm.
1052 1243 1098 1276 ad
1116 1243 1262 1278 Anthol.
1287 1245 1367 1279 Lat.
1390 1257 1425 1291 p.
1447 1246 1526 1281 131.
1620 1244 1691 1280 285

151 1304 232 1324 cum
249 1291 418 1324 Rottend.
436 1290 497 1324 alt.
535 1293 638 1337 rapti
658 1293 750 1326 Ven.
786 1291 889 1338 rapti
903 1292 1040 1324 circum
1064 1299 1249 1325 sectamur
1266 1293 1339 1325 Erf.
1411 1294 1484 1328 286
1508 1293 1582 1327 Hic
1598 1293 1691 1327 ven.

151 1341 331 1386 Superest
346 1338 475 1372 Medic.
495 1350 516 1371 a
535 1351 580 1372 m.
600 1351 669 1372 sec.
707 1338 758 1384 (in
784 1338 915 1372 Medic.
936 1337 1087 1382 legitur:
1122 1347 1278 1385 superat
1303 1348 1376 1381 est,
1403 1340 1466 1374 sed
1490 1348 1547 1374 est
1568 1346 1692 1373 trans-

150 1386 256 1419 fixum
295 1393 329 1419 et
363 1386 479 1419 rubris
511 1386 652 1430 punctis
683 1392 858 1419 notatum.
898 1387 995 1429 Wr.)
1109 1387 1180 1421 287
1213 1388 1428 1434 Lanigeraa
1457 1387 1517 1421 alt.
1549 1389 1690 1432 Menag.

149 1434 220 1469 288
245 1434 345 1467 Hinc
373 1432 479 1468 labor
510 1434 639 1467 Medic.
663 1433 773 1466 Pierii
806 1445 884 1467 cum
910 1432 988 1466 aliis
1018 1432 1196 1478 pluribus;
1233 1440 1269 1467 et
1287 1434 1338 1469 sic
1362 1435 1443 1468 edd.
1467 1435 1585 1480 vulgg.
1611 1441 1692 1468 ante

149 1480 356 1524 Heinsium‚
383 1480 443 1526 qui
459 1481 551 1514 bene
572 1481 753 1515 revocavit
769 1482 853 1523 Hic,
879 1480 976 1525 quod
995 1480 1065 1514 iam
1085 1481 1241 1526 Nauger.
1260 1490 1482 1528 reposuerat.
1531 1483 1589 1517 Sic
1608 1484 1691 1516 Me·-

152 1528 220 1562 dic.
236 1530 337 1562 Rom.
357 1535 393 1561 et
410 1529 535 1573 fragm.
554 1528 672 1563 Vatic.
721 1529 854 1562 laudes
874 1528 1038 1561 Parthas.
1072 1528 1204 1573 Regius
1233 1535 1270 1562 et
1286 1541 1373 1563 unus
1391 1530 1509 1564 Mead.
1559 1543 1693 1578 spera-

151 1589 192 1609 re
211 1577 303 1610 Ven.
328 1576 439 1610 Goth.
459 1583 608 1621 uterque
631 1583 667 1610 et
686 1576 766 1609 edd.
782 1577 873 1610 Ven.
894 1575 997 1611 1475.
1021 1572 1123 1611 1476.
1219 1577 1289 1612 289
1314 1578 1401 1611 Νοη
1419 1590 1500 1611 sum
1520 1578 1691 1612 Rottend.

149 1622 253 1656 Leid.
276 1623 376 1657 alter.
425 1622 550 1657 verbis
565 1625 737 1657 evincere
757 1623 959 1665 Gudianus,
994 1629 1034 1655 ut
1052 1624 1193 1657 Lucret.
1217 1625 1262 1665 V,
1291 1626 1360 1660 100
1380 1626 1601 1672 pervincere
1629 1625 1691 1659 di-

151 1671 233 1704 ctis.
266 1684 321 1704 me
339 1672 487 1704 vincere
505 1673 597 1704 Ven.
645 1672 787 1704 Lueret.
805 1672 849 1713 V,
874 1670 946 1705 734
968 1670 1130 1716 Dzffi'cile
1150 1679 1207 1704 est
1230 1673 1377 1706 ratione
1395 1672 1526 1706 docere
1546 1681 1583 1706 et
1602 1673 1691 1706 vin-

152 1730 234 1751 cere
260 1717 393 1751 verbis.
441 1718 623 1751 Vincimus
653 1718 763 1751 ardua
791 1724 827 1750 et
854 1717 1034 1758 difficilia3
1061 1718 1097 1751 h.
1119 1718 1143 1752 l.
1164 1730 1224 1761 ea,
1258 1731 1350 1764 quae
1369 1720 1491 1753 tenuia
1521 1726 1557 1753 et
1586 1719 1691 1754 exilia

152 1771 232 1798 sunt
244 1791 253 1807 ,
278 1771 316 1798 ut
332 1764 368 1797 in
386 1765 538 1798 carmine
556 1765 613 1799 vix
632 1765 776 1811 placere
795 1765 947 1811 possint,
971 1765 1082 1799 vincit
1100 1772 1212 1810 poeta
1233 1767 1394 1801 ornando
1415 1766 1535 1802 verbis
1554 1778 1690 1801 ornan-

151 1812 248 1846 tibus
278 1819 314 1846 et
335 1811 499 1856 tropicis.

153 1931 195 1970 et
212 1932 261 1970 ab
285 1945 386 1984 equa
407 1932 525 1971 enixa
542 1933 681 1972 statim
702 1932 894 1973 devorari

153 1990 320 2029 credita.
338 1991 422 2030 vid.
442 1992 543 2031 Plin.
561 1992 664 2042 VIII,
683 1991 752 2043 42,
774 2007 803 2030 s,
825 1995 892 2034 66.

154 2048 306 2088 Aelian.
334 2049 387 2088 H.
420 2049 467 2089 A.
496 2050 605 2100 XIV,
640 2052 706 2092 18.
756 2049 893 2102 Antig.

153 2108 310 2160 Caryst.
339 2106 409 2150 24.
441 2123 473 2147 c.
504 2115 602 2148 nota
631 2109 893 2148 Beckmanni.

154 2167 258 2205 conf.
286 2165 385 2205 Aen.
416 2167 493 2217 IV,
515 2168 612 2210 515.
631 2168 738 2218 5163
768 2182 893 2221 porro

154 2225 279 2263 etiam
309 2224 437 2263 herba
466 2226 622 2277 aliqua:
655 2225 824 2265 Theocr.
844 2226 893 2275 II,

153 2281 222 2325 48.
235 2282 302 2325 49.
335 2283 406 2321 Est
424 2283 472 2323 de
486 2284 736 2335 ln'ppomane
756 2285 894 2337 dispu-

153 2341 257 2379 tatio
291 2341 414 2380 Baelii
443 2342 486 2380 in
515 2342 787 2392 Dictionario,
820 2356 895 2381 nee

153 2405 290 2437 tamen
326 2400 543 2451 quiequam
586 2401 788 2440 reconditi
816 2400 889 2440 ha-

93 2496 98 2501 ,
152 2457 263 2496 bens.
323 2458 509 2497 Praestat
542 2458 834 2498 Aubentonum
853 2465 894 2498 et

153 2516 371 2555 Bull'onum
393 2515 523 2570 (Hist.
549 2526 635 2555 nat.
661 2518 705 2556 T.
719 2518 786 2568 IV,
803 2532 893 2570 pag.

153 2572 263 2623 214,
293 2581 334 2612 et
355 2588 393 2627 p.
412 2574 513 2629 329)
539 2575 701 2624 audire,
734 2576 803 2628 qui
817 2576 895 2615 do-

155 2645 294 2682 cuere,
325 2633 451 2671 fronti
473 2634 574 2686 pulli
597 2635 720 2672 talem
743 2648 894 2673 carun-

154 2691 284 2730 culam
301 2705 396 2730 raro
417 2691 638 2730 admodum
660 2692 894 2743 adhaerere,

154 2749 226 2788 sed
246 2750 354 2788 inter
381 2750 561 2788 amnium
580 2756 622 2788 et
644 2750 893 2789 alantoidem

154 2808 431 2847 membranam
464 2820 554 2846 eam
587 2808 672 2847 sere
709 2809 891 2860 reperiri,

154 2873 196 2905 et
218 2880 300 2905 esse
317 2881 392 2919 pro
407 2866 576 2918 liquoris
597 2866 786 2905 intersusi
804 2867 891 2905 sae-

155 2925 267 2964 cibus
293 2924 535 2964 habendam.
577 2925 731 2963 Verum
749 2925 792 2963 in
813 2939 891 2963 no—

155 2989 240 3022 stro
268 2983 532 3037 hippomanes
563 2982 710 3036 prioris
735 2983 890 3036 generis

951 1939 1229 1972 memoratur:
1271 1934 1376 1973 conf.
1403 1934 1551 1974 Tibull.
1581 1934 1629 1985 H,
1649 1933 1691 1985 4,

953 1993 1022 2035 58.
1052 1993 1237 2045 Propert.
1261 1992 1337 2042 IV,
1361 1992 1400 2042 5,
1421 1995 1487 2035 18.
1547 1993 1692 2046 Respi-

953 2051 1007 2089 cit
1024 2051 1075 2089 ad
1093 2064 1183 2090 eum
1195 2051 1296 2090 Plin.
1314 2051 1500 2101 XXVHI,
1517 2057 1611 2090 sect.
1622 2054 1691 2094 80.

952 2111 1050 2152 282.
1095 2111 1252 2159 malae,
1294 2109 1460 2162 impiae,
1497 2109 1692 2162 iniustae3

953 2182 1077 2220 supra
1117 2168 1259 2220 Georg.
1299 2168 1356 2218 II,
1389 2170 1481 2210 128⁴
1512 2183 1690 2218 saevae,-

957 2227 1026 2265 ubi
1043 2226 1112 2264 hic
1131 2227 1241 2265 idem
1271 2240 1363 2265 cum
1384 2233 1574 2278 sequente
1592 2241 1692 2266 ver-

955 2299 1022 2324 sus
1038 2285 1198 2337 legitur.
1238 2285 1413 2324 Videtur
1430 2285 1692 2337 cogitandum

956 2344 1006 2382 de
1025 2357 1161 2382 amore
1181 2343 1390 2382 Phaedrae
1418 2344 1461 2382 in
1489 2344 1692 2398 Hippoly-

954 2408 1045 2441 tum
1071 2408 1140 2441 aut
1169 2402 1286 2440 simili
1318 2402 1395 2441 alio
1422 2416 1623 2442 novercae
1648 2404 1693 2442 in

952 2460 1198 2514 privignum.
1269 2463 1366 2502 283.
1405 2475 1486 2498 non
1523 2463 1693 2501 innoxia

952 2518 1093 2568 verba,
1123 2519 1468 2568 incantationum,
1512 2520 1693 2559 carmina

952 2577 1117 2629 magica.
1150 2576 1224 2630 (De
1244 2578 1374 2616 forma
1397 2577 1592 2616 orationis
1606 2579 1691 2618 vid.

954 2635 1004 2684 Q.
1032 2635 1078 2674 V.
1100 2635 1310 2686 XXXHII,
1330 2633 1370 2676 4.
1406 2634 1527 2690 Wr.)

1010 2692 1097 2734 284
1113 2716 1158 2721 —
1175 2692 1272 2736 403.
1314 2694 1527 2733 Transitus
1547 2709 1570 2733 a
1592 2709 1692 2734 cura

951 2757 1231 2790 armentorum
1250 2752 1303 2790 ad
1322 2766 1461 2792 curam
1481 2754 1621 2793 ovium
1650 2760 1691 2793 et

952 2823 1179 2862 caprarum.
1239 2811 1346 2849 Dum
1366 2811 1500 2850 omnia
1519 2811 1621 2851 haec
1640 2812 1691 2851 de

951 2874 1231 2907 armentorum
1254 2883 1352 2908 cura
1378 2870 1577 2922 sigillatim
1592 2884 1690 2923 per-

950 2932 1186 2976 t1·aetamuS‚
1207 2927 1364 2981 singula
1381 2928 1689 2981 perlustramus,

953 2985 1063 3037 capti
1085 2984 1231 3024 harum
1252 2999 1391 3026 rerum
1411 2987 1559 3027 studio.
1590 2989 1689 3039 agi-
