1768 3320
260 266 677 319 BUCOLICA
721 267 886 318 ECL.
922 267 1061 330 vm,
1101 272 1320 322 16—28

1439 278 1542 325 207

24 391 298 444 Maenalus
319 400 677 460 argutumque
698 407 893 442 nemus
915 391 1184 460 pinosque
1206 393 1476 461 loquentis

27 465 257 530 Semper
276 461 465 523 habet3
499 478 716 529 semper
735 471 1013 529 pastorum
1034 462 1121 513 ille
1150 462 1296 513 audit
1318 481 1543 530 amoreS,

23 536 298 599 Panaque,
338 533 428 600 qui
450 533 654 599 primus
675 532 903 582 calamos
924 549 1037 582 non
1059 550 1241 599 passus
1262 534 1458 585 inertis,

23 602 208 669 Incipe
230 602 522 652 Maenalios
540 619 782 667 mecum,
819 619 941 652 mea
961 602 1111 667 tibia,
1147 620 1344 655 versus,

1475 607 1544 657 25

21 674 217 739 Mopso
233 671 355 722 Nisa
380 672 553 723 datur:
593 672 724 740 quid
746 689 860 722 non
883 689 1162 740 speremus
1185 680 1458 725 amantes?

21 744 318 807 Iungentur
334 742 440 792 iam
463 742 694 809 gryphes
723 743 897 810 equis;
937 759 1179 810 aevoque
1201 745 1450 811 sequenti

24 813 165 864 Cum
188 812 404 862 canibus
424 813 599 863 timidi
620 813 840 863 venient
864 811 930 862 ad
948 814 1144 880 pocula
1166 812 1369 866 damae.

68 929 117 966 22
136 930 325 976 pinusque
342 936 416 964 tres
439 942 497 975 ap.
520 929 643 964 Heius.
693 930 868 976 lucosque
886 930 1022 965 Zulich.
1065 931 1250 978 pinosque
1268 939 1447 966 sonantes
1461 931 1543 965 Me·-

21 975 90 1010 dic.
118 988 160 1010 ex
177 976 250 1010 Ecl.
270 977 319 1018 X,
337 979 384 1014 28
396 1004 405 1019 ,
431 977 482 1011 uti
499 979 615 1011 Burm.
637 977 854 1022 suspicatum
888 979 938 1023 (at
957 978 994 1011 in
1013 978 1142 1012 Medic.
1168 991 1188 1012 a
1203 979 1351 1024 Foggin.
1374 990 1542 1023 expresso

20 1021 152 1068 legitur
170 1023 380 1069 loquentes-3
405 1024 512 1070 idque
533 1024 571 1058 in
588 1024 669 1069 ipso
688 1024 810 1058 codice
828 1025 918 1058 vidit
937 1025 1157 1071 Freytagius,
1179 1026 1238 1071 qui
1258 1034 1435 1060 sonantes
1451 1034 1544 1060 tam-

21 1082 125 1116 quam
149 1070 326 1115 glossema
343 1083 364 1105 a
379 1083 484 1104 manu
501 1071 647 1105 serioris
672 1071 799 1104 aetatis
817 1072 996 1116 appictum
1016 1072 1152 1106 scribit.
1183 1073 1278 1117 Wr.)
1304 1073 1462 1106 illustrat
1482 1073 1543 1107 lo-

21 1125 176 1164 quentes
201 1117 322 1151 Heius.

18 1164 158 1208 Menag.
178 1175 233 1218 pr.
259 1164 414 1209 (inertes
435 1165 564 1199 Medic.
594 1165 690 1210 Wr.)

416 1117 465 1154 24
484 1121 644 1165 primum
669 1118 799 1152 Medic.
827 1119 898 1153 vid.
926 1119 1000 1153 Ecl.
1021 1121 1070 1162 ΙΙ,
1098 1121 1156 1156 32.
1204 1133 1281 1154 non
1304 1133 1345 1168 p.
1374 1128 1545 1167 agrestes

784 1167 832 1202 26
855 1179 1047 1213 speramus
1071 1166 1203 1200 Moreti
1227 1179 1280 1211 pr.
1328 1179 1544 1214 spernemus

19 1211 125 1245 Voss.
154 1211 242 1257 quzd
259 1223 329 1245 nos
346 1223 533 1258 speremus
558 1212 750 1246 amantes?
790 1214 905 1246 Burm.
925 1213 1088 1256 coniicit,
1122 1221 1156 1247 et
1173 1215 1224 1247 Io.
1242 1214 1429 1248 Schrader.
1454 1213 1544 1260 quid

19 1270 129 1291 nune.
154 1257 225 1291 Sed
241 1269 274 1291 v.
292 1258 378 1292 Not.

450 1261 497 1296 27
516 1261 735 1306 Iunguntur
752 1261 879 1293 Moret.
896 1272 951 1304 pr.
986 1262 1103 1307 tigres
1115 1272 1181 1305 pro
1198 1262 1361 1307 gryphes
1377 1261 1541 1294 Parrhas.

17 1316 158 1351 grypes
174 1303 302 1338 Medic.
327 1305 479 1350 γρῦπες.
508 1306 654 1351 (rectius
674 1306 744 1340 hoc
753 1307 923 1348 fortasse3
948 1308 1019 1341 vid.
1037 1308 1241 1341 Schneider.
1256 1310 1316 1342 Gr.
1328 1309 1405 1341 Lat.
1417 1307 1500 1342 Vol.
1514 1309 1541 1341 L

18 1362 100 1396 pag.
119 1350 202 1387 204.
233 1351 328 1395 Wr.)
356 1362 533 1399 sequente
549 1354 650 1387 Leid.
668 1353 705 1387 C.

799 1355 846 1389 28
871 1355 1003 1388 tumidi
1017 1356 1121 1388 Voss.
1155 1356 1305 1389 timidae
1320 1355 1484 1389 Parrhas.
1505 1361 1543 1388 et

17 1397 187 1432 Rottend.
215 1410 285 1432 sec.
314 1400 443 1433 Medic.
471 1407 508 1433 et
536 1402 648 1442 Ven.‚
693 1400 757 1434 sed
784 1400 853 1434 iam
879 1401 1055 1435 Charisius
1083 1414 1192 1446 genus
1219 1402 1254 1436 in
1282 1402 1319 1436 h.
1338 1402 1363 1436 l.
1390 1402 1541 1436 notavit.

19 1445 152 1490 (tinu'di
172 1445 207 1479 d.
228 1446 368 1490 profert
396 1447 501 1481 etiam
521 1447 667 1490 Quintil.
686 1449 772 1481 Inst.
789 1449 856 1491 IX,
874 1449 909 1484 3.
929 1461 1012 1494 pag.
1028 1450 1109 1495 800.
1130 1449 1185 1483 ed.
1202 1451 1331 1492 Burm.‚
1356 1461 1460 1496 quem
1480 1448 1541 1483 lo-

18 1540 193 1579 Graecos
209 1540 330 1580 etiam
339 1541 447 1581 inter
458 1549 669 1595 pastorum
682 1543 751 1582 in-

17 1604 244 1637 strumenta
269 1600 422 1638 musica
438 1600 613 1640 inveniri
631 1601 751 1640 docet

17 1655 132 1695 Voss.
158 1657 238 1695 Sed
250 1658 420 1697 fortasse
437 1654 661 1712 καλάμινος
677 1655 750 1700 αὖ·

17 1710 91 1763 λός
108 1714 415 1768 intelligendus,
443 1716 493 1755 de
517 1730 598 1769 quo
618 1716 751 1756 Athe-

14 1785 140 1811 naeus
158 1772 224 1812 IV.
245 1786 278 1812 c.
298 1775 365 1816 80.
384 1788 424 1827 p.
445 1777 561 1817 182:
600 1773 679 1826 „⁹0
705 1772 750 1816 δὲ

14 1826 240 1884 καλάμινος
258 1828 383 1881 αὐλός
399 1829 603 1886 τιτύρινος
619 1836 749 1874 καλεῖ-

14 1903 80 1929 ται
103 1885 215 1944 παρὰ
240 1893 325 1938 τοῖς
346 1889 390 1931 ἐν
404 1886 549 1948 Ἰταλίᾳ
569 1894 751 1946 Δωριεῦ-

16 1958 93 1987 σιν.
106 1947 132 1968 “
210 1947 415 1987 Probatur
451 1947 531 1987 hoc
568 1963 627 1988 vs·
658 1948 748 1991 24:

13 2003 241 2057 ‚,Panaque,
264 2005 334 2057 qui
350 2006 505 2058 primus
524 2021 545 2045 c
556 2005 602 2046 al
613 2021 635 2045 a
644 2022 685 2045 m
696 2021 720 2046 o
729 2021 747 2045 s

13 2075 98 2101 non
116 2077 256 2116 passus
282 2064 492 2116 inertes;“
529 2071 571 2103 et
600 2078 660 2105 VS.
678 2068 747 2107 33.

13 2119 258 2161 fistulam
287 2122 474 2175 appellat.
533 2123 645 2162 Haec
670 2137 747 2162 au·-

13 2183 98 2216 tem
125 2181 319 2231 „Incipe‚
341 2180 456 2230 tibia,
479 2195 635 2219 mecum
655 2196 747 2220 ver-

13 2237 117 2274 sus“
150 2237 380 2289 accipienda
405 2238 455 2276 de
481 2245 606 2278 cantu
626 2239 749 2278 tibiae

13 2293 177 2345 singulis
193 2308 386 2334 versuum
405 2296 749 2350 complexionibus

11 2353 324 2404 praemittendo.
357 2355 429 2394 W
421 2353 471 2409 r.)

70 2413 140 2452 22.
163 2413 364 2464 pinosque
388 2412 608 2465 loquentis,
641 2408 749 2451 idem

13 2468 125 2520 quod
147 2478 320 2522 argutae
335 2500 346 2519 ,
381 2476 453 2509 aut
475 2476 601 2509 vento
625 2485 749 2509 sono-

11 2539 103 2576 rae,
129 2526 213 2566 vid.
232 2527 368 2567 Heins.
396 2528 449 2567 ad
473 2527 514 2567 h.
533 2529 559 2567 1.
594 2529 642 2567 cf.
663 2529 746 2568 Ecl.

11 2583 107 2634 VH,
139 2587 177 2626 1.
216 2592 309 2636 aut,
346 2586 459 2638 quod
487 2600 581 2626 eum
606 2587 746 2626 Servio

11 2642 154 2681 melius
173 2649 339 2694 statuas,
358 2651 592 2684 resonantes
610 2651 745 2695 cantu,

11 2706 182 2753 propter
213 2715 297 2753 sqq.
336 2716 494 2755 semper
529 2712 746 2755 pastorum

12 2758 82 2795 ille
104 2758 220 2796 audit
238 2774 404 2800 amores.
456 2758 563 2814 (Hoc
578 2774 723 2800 verum
734 2776 745 2812 3

11 2815 156 2854 laudat
186 2816 387 2868 Spohnius
424 2819 502 2858 Cic.
531 2819 656 2872 Epist.
692 2819 746 2857 ad

11 2872 124 2912 Fam.
145 2873 210 2923 VI,
229 2877 288 2916 3.:
309 2876 418 2925 „Sed
434 2876 478 2915 in
504 2890 549 2915 ea
570 2891 610 2915 es
629 2878 744 2927 urbe,

11 2930 57 2970 in
72 2944 152 2982 qua
169 2929 282 2981 haec,
310 2933 377 2972 vel
393 2934 533 2986 plura,
561 2941 603 2973 et
621 2949 744 2974 orna—

12 2988 120 3027 tiora
137 2989 310 3042 parietes
329 2990 404 3042 ipsi
419 2992 531 3043 loqui
546 3006 660 3045 posse
677 2993 746 3032 vi·-

15 3046 237 3086 deantur.“
270 3045 390 3102 Wr.)
448 3047 518 3091 24.
548 3051 602 3089 Et
630 3050 747 3090 audit

142 3177 186 3185 k

807 1543 874 1582 ille
901 1545 1049 1594 Pana,
1086 1547 1158 1598 qui
1182 1560 1262 1584 non
1282 1560 1436 1598 passus
1466 1551 1540 1596 est,

808 1615 892 1640 non
923 1602 1093 1655 patitur,
1139 1605 1276 1642 inertis
1307 1617 1390 1642 esse
1420 1604 1540 1642 cala-

808 1673 917 1709 mos,
963 1660 1035 1698 sed
1072 1675 1241 1700 canoros
1254 1676 1265 1712 3
1312 1661 1424 1714 quod
1458 1662 1540 1701 Ecl.

806 1717 843 1755 II
854 1746 864 1767 ,
906 1720 962 1759 32
1016 1720 1111 1757 Pan
1149 1722 1311 1771 primus
1357 1721 1541 1758 calamos

808 1789 899 1813 cera
921 1777 1160 1829 coniungere
1180 1779 1322 1829 plures
1346 1780 1539 1817 Instituit.

809 1833 930 1871 Color
955 1833 1061 1872 idem
1092 1835 1161 1874 Ge.
1180 1835 1214 1886 Ι,
1246 1834 1328 1878 124
1357 1850 1430 1874 nee
1456 1845 1539 1877 tor-

801 1905 899 1943 pere
911 1894 1037 1943 gravi
1053 1907 1203 1944 passus
1220 1909 1298 1933 sua
1317 1908 1447 1947 regna
1467 1908 1540 1934 ve-

807 1957 931 1988 terno.

865 2010 934 2049 26.
947 2010 1101 2060 Mopso
1115 2010 1227 2048 Nisa
1247 2008 1371 2048 datur
1385 2023 1438 2048 sc.
1458 2023 1539 2049 nu—

804 2070 934 2117 ptum.
963 2066 1064 2118 quid
1078 2081 1158 2105 non
1172 2081 1376 2119 speremus
1389 2082 1539 2107 aman-

803 2131 860 2160 tes
876 2137 930 2162 sc.
941 2123 1030 2163 fieri
1045 2126 1189 2178 posse?
1209 2124 1311 2165 nihil
1326 2140 1410 2165 non
1429 2140 1540 2165 nunc

805 2188 1019 2233 expectare
1058 2183 1165 2223 licet.
1233 2183 1385 2224 Omnia
1432 2199 1539 2223 nunc

800 2238 920 2289 fient,
939 2240 1041 2290 fleri
1060 2256 1165 2294 quae
1176 2256 1299 2294 posse
1320 2256 1534 2294 negaram.

805 2310 965 2348 sperare
986 2300 1161 2350 generali
1186 2299 1373 2351 notione,
1404 2306 1454 2339 ut
1480 2300 1539 2342 ἕλ-

805 2359 960 2396 πεσθαι
976 2370 1052 2408 pro
1070 2358 1245 2400 οἴεσθαι.
1297 2358 1414 2397 Dicta
1437 2358 1539 2397 haec

806 2426 900 2451 cum
926 2413 1204 2467 indignatione
1236 2422 1278 2455 et
1307 2417 1448 2455 dolore
1472 2417 1539 2456 vi-

807 2470 893 2509 deri
907 2480 1092 2524 possunt,
1115 2480 1165 2514 ut
1179 2474 1249 2513 illa
1266 2488 1307 2514 v.
1327 2478 1396 2525 30,
1418 2475 1538 2514 etiam

805 2542 898 2568 cum
925 2544 1138 2572 sarcasmo.
1203 2535 1272 2575 27.
1314 2535 1541 2585 Iungentur

805 2601 952 2627 amore.
985 2587 1165 2643 (Rectius
1182 2590 1361 2630 Vossius:
1382 2591 1538 2641 „eidem

804 2646 983 2685 curruif‘
1017 2648 1129 2703 Wr.)
1170 2648 1290 2687 Color
1311 2649 1459 2688 ductus
1487 2662 1539 2688 ex

804 2702 974 2744 Theocr.
1002 2706 1021 2745 I
1037 2737 1047 2756 ,
1086 2709 1182 2749 132»
1197 2720 1282 2758 sqq.
1354 2707 1539 2759 Gryplzes

802 2767 922 2814 poeta
939 2776 1048 2803 novo
1069 2765 1252 2818 exemplo
1271 2764 1457 2815 induxit5
1475 2765 1538 2803 fa-

802 2819 991 2859 bulosum
1009 2830 1239 2862 monstrum
1265 2835 1316 2861 ex
1332 2822 1537 2874 hierogly-

801 2876 885 2931 pho
907 2878 1088 2932 ductum,
1110 2881 1221 2934 quod
1240 2880 1293 2919 ad
1310 2879 1536 2933 Apollinem

804 2937 1024 2988 spectabat.
1055 2954 1154 2979 aevo
1175 2940 1376 2992 sequenti,
1405 2936 1533 2989 simpl.

801 2993 846 3031 in
863 3001 1084 3046 posterum.
1127 3000 1196 3040 28.
1229 2995 1289 3035 ad
1299 2996 1465 3047 poeula,
1481 2993 1534 3033 ad

801 3057 957 3104 potum.
