1734 3320
255 192 750 246 GEORGICON
785 196 927 247 LIB.
947 198 1035 263 IV,
1066 202 1358 257 419—428
1467 211 1568 260 669

16 319 18 323 ’
42 319 330 380 Conlocat:
365 321 478 388 ipsa
499 320 691 387 procul
714 321 926 372 nebulis
950 322 1175 375 obscura
1197 329 1402 382 resistit.

18 395 25 444 ζ’
39 394 156 445 Iam
179 389 400 458 rapidus
421 399 636 441 torrens
660 392 884 442 sitientis
906 393 1072 443 Sirius
1091 395 1255 446 Indos
1465 403 1568 455 425

17 454 306 523 ⁷..Ardebat3
346 459 504 511 coelo
531 470 584 511 et
602 461 851 513 medium
874 463 969 513 Sol
991 464 1178 529 igneus
1203 467 1394 519 orbem

13 534 326 592 Hauserat3
365 530 589 581 arebant
608 531 834 598 herbae,
861 542 926 599 ,et
951 550 1073 584 cava
1091 533 1316 587 flumina
1341 540 1487 590 siccis

12 616 16 628 ²
37 601 304 655 Faucibus
325 600 395 652 ad
411 600 606 652 limum
629 602 766 653 radii
794 602 1059 671 tepefacta
1085 605 1412 674 coquebant:

0 733 14 767 ᾗ(
83 716 158 758 4'24
181 720 326 755 resistit
354 731 477 754 omnes
501 726 589 754 vett.
614 720 707 767 apud
730 719 883 755 Pierium
910 727 947 754 et
965 722 1089 758 Heius.
1108 730 1145 758 et
1161 724 1303 759 Martin.
1351 725 1434 759 Fuit
1450 732 1569 761 tamen

0 760 14 833 ε
37 767 76 804 iu
100 767 282 816 plerisque
311 767 393 802 edd.
414 768 583 810 recessit,
600 792 610 800 .
639 775 676 802 ut
707 775 761 802 est
791 769 827 802 in
846 769 955 803 Goth.
986 782 1041 814 pr.
1061 783 1104 804 ex
1122 771 1352 816 glossemate,
1384 774 1483 819 quod
1500 774 1569 808 iam

9 827 11 832 ’
39 829 83 851 ex
110 816 225 850 ulerat
242 816 399 861 Nauger.
420 814 502 848 Ald.
519 820 605 848 tert.
627 815 671 849 cf.
691 818 778 850 Aen.
798 818 860 858 IV,
883 817 941 852 76.
962 818 1026 860 lx,
1053 819 1124 854 710
1143 826 1178 852 et
1195 819 1258 853 inf.
1275 832 1307 854 v.
1327 820 1410 856 490.
1498 821 1567 857 425

0 833 15 908 ξ
39 877 61 899 r
107 864 196 898 idus
211 882 257 888 —
278 863 403 897 Sirius
428 862 573 908 scripsit
591 863 734 896 Wakef.
784 864 916 910 rapido
936 884 982 890 -
1000 866 1102 900 caelo
1120 866 1219 900 malit
1235 867 1378 908 Heins.,
1402 867 1496 902 idem
1514 869 1568 902 si·-

0 917 14 961 g·¹
37 911 169 947 aientis
195 909 342 956 scripsit
370 921 389 943 e
415 909 518 943 libris
553 915 590 942 et
618 909 798 944 Prisciano
833 922 899 956 pro
927 912 1103 946 sitientes.
1152 915 1283 948 Serius
1306 915 1407 949 Rom.
1443 921 1480 948 et
1507 914 1568 949 alii

0 963 9 1002 ζ
38 956 213 993 scribunt.
265 956 395 991 Indos.
414 957 526 991 Recte
552 958 602 990 Io-
627 957 813 991 Schrader.
840 958 996 1003 quaerit:
1033 971 1094 993 cur
1111 960 1217 994 Indos
1236 960 1356 995 nunc?
1388 962 1505 1007 agitur
1522 962 1567 995 de

0 1003 12 1054 ξ
37 1004 250 1048 Thessaliaj
285 1010 323 1038 et
351 1015 414 1038 eur
443 1016 505 1038 eos
534 1003 657 1038 solos?
689 1006 811 1051 Itaque
838 1005 927 1038 coni.
949 1018 1072 1052 agros.
1120 1006 1254 1041 herbas
1275 1020 1318 1041 ex
1345 1007 1426 1045 402.
1475 1012 1566 1043 Sane

0 1059 3 1093 ξ
37 1055 166 1087 ornatu
182 1050 328 1099 poetico
347 1051 466 1085 Indos
482 1051 592 1094 dixit,
617 1064 694 1086 cum
714 1052 856 1085 omnino
876 1052 1033 1086 homines
1055 1053 1110 1087 vel
1137 1061 1248 1088 terras
1272 1067 1467 1090 memorare
1486 1056 1567 1090 vel-

0 1102 9 1148 ζ
36 1096 90 1135 stt
107 1105 230 1146 poeta.
255 1098 391 1146 (Indo
402 1110 418 1132 s
431 1124 441 1141 ,
465 1098 489 1132 i.
510 1110 541 1132 e.
560 1099 684 1153 plagas
701 1099 950 1133 meridionales
968 1100 1167 1135 habitantes
1184 1102 1336 1148 populos
1348 1129 1358 1145 ,
1381 1109 1566 1146 memorat,

0 1149 5 1161 ¹
37 1147 136 1195 quod
166 1146 235 1181 hos
262 1143 487 1193 potissimum
515 1153 587 1179 urit
616 1146 738 1181 sirius.
766 1149 823 1182 W
818 1146 862 1191 r.)

956 1147 1029 1183 426
1051 1147 1219 1182 Ardebat
1236 1149 1339 1183 caelo
1350 1175 1359 1192 ‚
1384 1158 1421 1183 et
1435 1150 1566 1184 distin-

86 1195 215 1229 ebatur
240 1199 325 1228 ante
350 1192 474 1227 Heius.
500 1193 583 1236 sed,
611 1200 650 1227 nt
668 1206 775 1239 saepe
800 1193 952 1236 dictum,
984 1195 1087 1228 alteri
1111 1195 1267 1229 membro
1299 1203 1355 1230 est
1379 1197 1566 1231 vindican-

5 1254 8 1255 ’
64 1254 123 1277 um
149 1241 207 1284 id,
249 1240 347 1288 quod
370 1239 571 1286 pleniorem
610 1242 696 1275 facit
732 1241 949 1282 orationem;
997 1249 1120 1276 contra
1147 1242 1179 1276 si
1206 1243 1348 1287 plenius
1379 1251 1434 1278 est
1467 1244 1564 1290 prius

35 1288 234 1325 membrum
246 1314 258 1333 ,
281 1287 432 1322 alterum
453 1287 661 1322 debilitatur
680 1295 716 1322 et
732 1295 865 1335 torpet.
899 1289 1039 1323 medius
1052 1290 1121 1323 Sol
1135 1289 1268 1324 Zulich.

1345 1289 1417 1327 427
1434 1295 1470 1325 A
1472 1305 1565 1325 uxe-

0 1334 6 1375 s
36 1345 101 1372 ναι
119 1334 246 1382 fragm.
261 1337 390 1370 Moret.
416 1336 549 1381 (ortum
569 1348 613 1370 ex
629 1345 782 1370 auset-at
794 1362 803 1378 ‚
837 1336 889 1369 uti
903 1336 1016 1382 primo
1038 1336 1076 1370 in
1094 1336 1255 1371 Mediceo
1272 1338 1443 1372 exstabat.
1466 1341 1524 1374 W
1519 1338 1562 1384 r.)

36 1382 223 1420 ardebant
241 1395 312 1418 sec.
332 1383 503 1418 Rottend.

597 1382 668 1419 428
694 1382 876 1417 Fontibus
894 1383 1029 1417 Zulich.
1048 1395 1115 1429 pro
1142 1383 1210 1418 div.
1227 1384 1323 1428 lect„
1347 1386 1443 1431 quod
1461 1392 1498 1420 et
1512 1387 1563 1420 Io.

0 1424 5 1490 ἰ
35 1431 225 1468 Schrader.
245 1430 338 1466 coni.
384 1431 518 1466 Verum
543 1430 690 1465 alterum
708 1430 858 1464 doctius.
890 1431 1020 1478 (radiis
1038 1430 1167 1465 Medic.
1197 1430 1293 1475 Wr.)

0 1572 3 1581 ι
34 1527 231 1583 permeat.
290 1525 388 1570 424.
419 1529 515 1580 ipsa
538 1529 687 1579 procu-l
702 1542 776 1566 ne-

0 1600 3 1601 ’
35 1586 142 1626 bulis
164 1585 354 1635 obseura,
387 1584 428 1625 h.
450 1586 494 1624 in
514 1586 660 1626 nebula
679 1616 691 1635 ,
722 1599 775 1624 ex

0 1649 3 1687 1
35 1651 212 1698 aequore
231 1657 439 1696 assurgere
459 1644 587 1683 solita.
618 1646 774 1694 resdstit,

34 1709 140 1755 stat3
168 1709 219 1744 ut
240 1702 387 1756 Apollo
415 1702 458 1742 in
477 1703 585 1742 nube
603 1703 714 1742 Iliad.
742 1710 772 1748 ε’,

0 1760 136 1806 '185-
169 1777 214 1813 o,
244 1763 343 1804 308.
414 1761 540 1811 Quod
573 1761 775 1800 Homerus

0 1854 4 1860 ι
34 1834 75 1861 v.
97 1820 184 1867 402
206 1820 355 1859 Proteo
379 1820 521 1873 pulcre
551 1819 774 1868 tribuebat,

34 1880 207 1937 μελαίνῃ
257 1877 377 1932 φρικὶ
417 1878 652 1930 καλυφθεὶς
667 1911 678 1929 ,
721 1878 773 1916 ad

34 1938 222 1992 Cyrenen
236 1942 393 1976 mutata
411 1938 570 1976 ratione
586 1942 773 1975 transtu-

0 2032 4 2046 ,
32 1996 127 2051 lisse
146 1995 327 2044 videtur,
357 2001 407 2033 ut
426 1995 515 2047 ipsa
532 1995 683 2033 nebula
702 2008 772 2032 ca-

31 2054 200 2108 liginosa
223 2053 384 2092 obtecta
406 2053 471 2091 sit.
533 2051 770 2105 (Quomodo

33 2113 146 2166 φρὶξ,
178 2111 292 2164 quod
314 2117 375 2149 est
398 2109 508 2163 apud
532 2110 771 2159 Homerum,

0 2167 90 2224 jad
120 2170 364 2210 nebulam
394 2167 506 2208 trahi
524 2168 662 2221 possit,
689 2182 772 2206 non

4 2275 7 2280 ¹
33 2235 200 2283 exputo.
235 2225 395 2281 Weh.)
427 2227 623 2279 Spencius
649 2226 774 2278 Poly-

0 2287 2 2290 ’
32 2294 130 2328 met.
141 2301 231 2341 pag.
247 2289 334 2329 222
352 2299 404 2324 ex
425 2285 592 2337 antiqua
612 2284 775 2337 pictura

30 2353 197 2402 poetam
214 2345 315 2384 haec
333 2349 568 2382 mutuatum
591 2356 674 2382 esse
702 2356 775 2381 su-

0 2456 2 2459 ·
32 2405 280 2460 spicabatur.
303 2402 539 2441 Praestabat
557 2402 700 2440 saltem
716 2401 775 2439 di-

0 2499 2 2501 .
33 2477 152 2504 cere:
202 2474 318 2515 posse
354 2460 461 2500 hanc
498 2460 775 2499 narrationem

31 2526 318 2576 argumentum
353 2519 547 2558 idoneum
587 2518 773 2571 picturae

0 2631 1 2634 Ἴ
32 2579 307 2635 suppeditare.
492 2607 494 2609 .

0 2638 4 2640 ’
89 2639 190 2683 425.
222 2638 375 2676 Sirium
393 2650 470 2689 pro
489 2635 572 2674 sole
591 2633 633 2673 h.
652 2633 679 2673 l.
701 2647 772 2672 ac-

11 2697 113 2751 ·cipi
139 2696 301 2737 volunt.
359 2695 421 2733 Ita
459 2694 585 2733 otiose
616 2692 675 2731 bis
706 2691 772 2731 di-

0 2762 3 2766 '
33 2762 166 2796 ctum:
197 2754 268 2794 Sol
286 2753 455 2792 ardebat
471 2758 512 2791 et
530 2751 599 2791 Sol
619 2750 772 2789 caelum

0 2817 3 2820 ’
31 2808 214 2853 inedium
228 2812 407 2851 tenebat.
446 2811 644 2863 Equidem
663 2823 772 2847 non-

11 2889 13 2891 *
33 2871 134 2912 dum
150 2872 285 2912 victus
306 2870 360 2909 do
377 2883 535 2912 manus.
594 2867 772 2907 Mediam

33 2936 226 2970 aestatem
263 2935 305 2968 et
353 2927 551 2966 aestivum
592 2926 769 2964 calorem

31 3001 107 3043 per
133 2987 286 3028 Sirium
312 2986 514 3035 declarat,
555 2990 606 3024 ut
626 2989 749 3037 poeta
757 2997 770 3034 3

833 1527 881 1565 cs.
901 1526 999 1565 Aen.
1031 1527 1109 1576 111,
1131 1525 1225 1569 143.
1253 1527 1306 1577 Χ,
1329 1529 1426 1570 273.
1486 1528 1563 1566 Ca-

834 1585 968 1625 nicula
986 1586 1112 1635 enim,
1153 1599 1223 1624 seu
1238 1585 1363 1635 Sirio,
1403 1586 1478 1624 sub
1494 1600 1563 1625 so-

831 1643 880 1682 lis
921 1644 1138 1683 transitum
1173 1644 1216 1682 in
1247 1644 1421 1682 Leonem
1456 1650 1561 1693 orto,

831 1701 1058 1756 Aegyptum
1097 1708 1138 1740 et
1177 1701 1372 1754 reliquam
1405 1702 1563 1741 Africae

833 1775 948 1800 oram
972 1774 1128 1799 summo
1159 1765 1201 1798 et
1224 1760 1467 1799 intolerabili
1493 1773 1563 1798 ae-

832 1825 900 1858 stu
929 1819 1076 1871 premi,
1112 1818 1209 1856 satis
1237 1825 1402 1857 notum:
1425 1818 1563 1870 itaque

831 1877 1022 1927 ardebat,
1058 1876 1210 1930 ἔφλεγε,
1242 1877 1371 1915 Sirius
1390 1876 1562 1928 rapidus

833 1934 898 1989 (ut
921 1936 1051 1985 calor,
1083 1941 1239 1984 aestus,
1269 1934 1350 1984 sol,
1379 1934 1562 1986 rapidus,

831 1994 936 2032 celer
958 2007 1005 2032 ac
1033 1990 1294 2046 vehemens),
1342 1998 1383 2030 et
1417 2001 1564 2031 torrens

829 2053 1004 2089 sitientes
1041 2050 1166 2089 Indos
1186 2080 1198 2099 ,
1247 2049 1288 2089 h.
1329 2049 1559 2102 Aethiopes.

830 2108 912 2148 vid.
933 2123 1020 2161 sup.
1041 2122 1081 2147 v.
1101 2110 1197 2150 293.
1218 2107 1287 2149 Ge.
1313 2107 1359 2156 H,
1387 2110 1490 2157 1163
1521 2113 1562 2145 et

830 2167 900 2205 tali
927 2166 1021 2205 anni
1048 2172 1230 2218 tempore
1246 2196 1257 2215 ‚
1287 2165 1466 2204 medium
1483 2164 1562 2203 diei

830 2231 992 2277 tempus
1041 2223 1199 2263 subiicit
1243 2223 1370 2262 altero
1417 2236 1561 2263 versu:

832 2284 940 2321 coelo
972 2291 1009 2320 et
1026 2282 1203 2320 medium
1229 2281 1302 2319 Sol
1329 2284 1472 2333 igneus
1494 2294 1560 2318 or·-

835 2341 924 2379 bem
941 2343 1169 2390 Hauserat,
1205 2340 1290 2379 scil.
1310 2352 1444 2389 cursu,
1464 2351 1560 2391 per-

834 2405 1071 2452 agraverat,
1128 2408 1310 2436 emensus
1344 2402 1440 2436 erat.
1478 2397 1559 2435 Co-

833 2458 935 2498 lum.
954 2458 1007 2507 X,
1038 2458 1121 2498 313
1146 2456 1265 2494 Titan
1289 2477 1345 2485 —
1362 2455 1561 2493 Hauserit

834 2524 871 2554 et
873 2516 1066 2568 flammis
1078 2515 1255 2553 Lernaei
1274 2512 1440 2551 brachia
1454 2513 1560 2551 Can-

830 2576 912 2622 cri,·
946 2579 987 2612 et
1004 2579 1054 2612 ut
1076 2585 1191 2625 saepe
1220 2571 1480 2610 exhaurimus
1496 2570 1559 2608 la-

828 2632 948 2671 bores
989 2637 1030 2670 et
1067 2630 1163 2680 alia,
1212 2642 1314 2682 quae
1351 2628 1404 2667 ad
1438 2628 1559 2666 finem

829 2690 1101 2743 perducimus„
1150 2687 1307 2741 Apuleii
1325 2686 1439 2734 illud,
1462 2685 1557 2724 Met.

829 2749 910 2799 XI,
938 2762 1027 2801 pag.
1055 2747 1160 2790 258:
1200 2746 1382 2798 Augusti
1394 2751 1558 2794 portum

830 2806 1029 2845 celerrime
1058 2805 1291 2853 hausimus,
1325 2800 1558 2840 subiiciebat

829 2864 1010 2914 Ruhuk„
1031 2863 1101 2903 ubi
1125 2875 1233 2901 nunc
1261 2859 1343 2899 vid.
1369 2857 1557 2898 Oudend.

827 2937 869 2976 p.
905 2925 1005 2965 809.
1065 2919 1239 2960 Ornavit
1284 2916 1385 2956 haec
1427 2916 1556 2966 Maro,

828 2993 931 3034 quae
967 2979 1168 3019 Homerus
1213 2975 1447 3029 simpliciter
1478 2986 1557 3028 po-
