1768 3320
221 257 324 307 206

484 305 487 307 ,
548 251 603 302 Ρ.
640 248 993 301 VIRGILII
1040 247 1419 300 MARONIS·

221 377 548 431 Incumhens
568 377 726 426 tereti
746 378 959 426 Damon
980 373 1051 422 sic
1074 374 1253 440 coepit
1276 374 1467 427 olivae:

221 466 269 504 D,
312 452 564 513 Nascere,
619 461 858 515 praeque
891 443 1039 493 diem
1069 444 1293 494 veniens
1335 460 1459 511 age,
1513 445 1743 512 Lucifer,

1011 513 1214 563 almum
1225 538 1237 576 3

225 587 479 652 Coniugis
499 585 721 650 indigno
745 585 902 635 Nisae
935 582 1193 651 deceptus
1217 601 1402 634 amore

221 662 366 709 Dum
389 673 615 725 queror,
655 663 707 705 et
729 654 903 718 divos,
944 670 1274 722 quamquam
1299 654 1377 704 nil
1402 653 1625 711 testibus
1644 653 1745 704 illis

222 727 451 790 Profecti,
481 735 714 776 extrema
733 724 974 774 moriens
997 733 1180 775 tamen
1204 723 1471 792 adloquor
1491 723 1639 775 hora.
1677 731 1746 779 20

222 799 407 865 Incipe
427 795 716 848 Maenalios
743 812 988 860 mecum,

274 940 318 975 17
340 946 499 985 postque
516 936 610 970 diem
626 935 762 969 Zulich.
790 947 956 982 quaeque
972 933 1074 968 Leid.
1086 960 1095 976 ‚
1119 933 1223 968 male.

224 998 274 1021 vs.
293 986 351 1022 26.
375 986 513 1030 Nysae.
552 982 648 1027 Wr.)

224 1033 308 1078 pula
324 1032 552 1065 desideratur.

1025 811 1148 844 mea
1171 795 1322 861 tibia,
1359 811 1555 848 versus,

1318 934 1377 980 (—
1403 935 1459 971 18.
1482 934 1612 969 Medic.
1635 934 1694 968 hic
1713 941 1748 968 et

747 984 790 1019 19
817 995 952 1029 queror
973 983 1023 1015 ad
1042 982 1149 1016 divos
1169 980 1304 1015 Moreti
1323 988 1485 1027 quartus,
1520 982 1584 1016 sed
1604 981 1655 1016 sic
1681 994 1748 1015 co-

646 1031 694 1066 20
717 1038 916 1064 extremam
935 1029 1024 1063 Gud.
1075 1030 1259 1075 adloquar
1276 1028 1378 1062 Leid.
1397 1042 1451 1075 pr.
1470 1029 1616 1063 Mentel.
1637 1041 1691 1074 pr.
1712 1036 1749 1062 et

223 1080 352 1113 Medic.
370 1092 389 1112 a
404 1091 458 1123 pr.
478 1090 522 1110 m.
557 1077 756 1123 (adloquar
776 1083 830 1110 est
846 1076 947 1122 prior
965 1076 1117 1110 Medicei
1134 1075 1255 1109 lectio.
1287 1077 1383 1121 Wr.)
1431 1078 1512 1112 Vss.
1534 1078 1588 1113 19.
1605 1078 1654 1113 20
1673 1075 1748 1109 ite-

224 1139 300 1161 rum
327 1126 489 1171 leguntur
507 1124 544 1157 in
565 1124 635 1157 Ciri
656 1124 737 1161 405.
757 1122 840 1161 406.

224 1173 446 1220 pastoritium
465 1179 567 1205 esset.

226 1292 321 1332 olim
336 1290 578 1346 promissum
598 1302 772 1339 carmen,
803 1288 958 1327 iambos

224 1350 290 1390 Ad
315 1350 549 1389 umbilicum
585 1347 836 1387 adducere.“
868 1344 956 1400 Sp.)

270 1412 290 1450 1
298 1412 335 1451 6.
349 1407 587 1447 Incumbens
595 1430 652 1436 —
662 1407 793 1445 olivae
806 1421 817 1443 :
835 1404 959 1444 War-

223 1473 345 1506 tonus
359 1468 526 1518 against
543 1480 599 1503 an
617 1465 753 1504 olive's
764 1463 880 1502 trunk
894 1478 959 1502 re-

223 1525 370 1573 clin’d5
395 1524 506 1563 hunc
525 1523 630 1561 enim
646 1520 863 1561 moerentis
880 1521 961 1560 ho-

223 1584 342 1623 minis
371 1589 523 1621 statum
555 1595 648 1620 esse.
704 1582 829 1619 Recte
848 1594 959 1630 vero,

224 1641 346 1682 modo
360 1655 456 1680 usus
471 1639 663 1691 loquendi
673 1640 819 1690 ferrem
838 1639 961 1677 arbo-

224 1700 281 1739 ris
299 1708 435 1738 trunco
454 1698 615 1737 acclinis
635 1698 777 1749 aliquis
797 1703 878 1735 stat
894 1696 962 1736 vel

225 1757 414 1796 recumbit
426 1772 441 1805 ;
485 1763 526 1795 et
555 1756 729 1796 alienum
757 1762 847 1795 tum
874 1755 961 1808 epi-

225 1815 371 1854 theton
399 1817 518 1853 tereti.
577 1815 656 1853 Sed
684 1828 760 1852 nec
789 1814 961 1852 alterum

228 1874 446 1923 absonum,
485 1878 534 1911 ut
565 1879 645 1912 stet
671 1879 813 1925 pastor
838 1872 959 1910 nixus

226 1932 392 1982 baculo;
440 1937 483 1971 et
517 1931 684 1970 baculus
725 1932 960 1982 oleagineus

229 2004 280 2029 ex
308 2002 432 2029 more.
468 2003 509 2028 v.
529 1988 715 2042 Apollon.
739 1988 887 2041 Argon.
910 1988 959 2037 II,

229 2047 306 2097 34,
346 2054 386 2086 et
422 2048 478 2086 sic
521 2047 566 2087 in
608 2053 726 2102 parte
761 2048 961 2087 librorum

229 2106 366 2145 Ovidii
394 2105 489 2144 Met.
518 2105 575 2156 Π,
612 2108 696 2148 680
735 2105 853 2145 Illud
877 2113 961 2143 erat

229 2173 410 2215 tempus,
453 2179 530 2216 quo
562 2172 598 2202 te
621 2166 810 2216 pastoria
836 2163 962 2215 pellis

235 2223 371 2272 Texd,
403 2236 577 2275 onusque
593 2223 686 2275 suit
705 2222 868 2260 dextrae
886 2221 962 2259 sil-

228 2282 367 2320 vestris
397 2278 505 2319 olim
521 2310 532 2330 ‚
573 2281 751 2319 Alterius
766 2310 777 2330 ,
821 2280 967 2331 dispar

229 2340 402 2389 septenis
447 2338 597 2387 fistula
651 2341 817 2386 cannis;
889 2337 965 2375 etsi

229 2396 367 2438 Heins.
391 2396 446 2434 ibi
474 2409 524 2435 ex
544 2397 627 2435 aliis
648 2397 760 2436 libris
783 2395 966 2450 reposuit

230 2454 421 2493 baculum
436 2455 609 2493 silvestre
625 2457 821 2504 sinistrae,
835 2467 962 2506 quum

230 2512 351 2564 vulgo
380 2512 605 2565 legeretur,
646 2512 814 2551 baculus
839 2513 963 2551 silve-

230 2572 320 2609 stris
341 2570 482 2608 olivae.
540 2571 729 2609 Innixum
756 2571 858 2622 pede
886 2585 964 2624 pa-

232 2634 383 2668 storem
401 2628 537 2667 fistula
553 2643 701 2667 novem
717 2629 964 2668 calamorum

233 2692 443 2726 canentem
470 2686 586 2736 vide,
625 2687 656 2725 si
680 2687 785 2725 tanti
807 2701 871 2725 res
891 2692 963 2737 est,

231 2745 275 2785 in
300 2745 467 2783 lucerna
493 2744 606 2782 fictili
639 2759 700 2796 ap.
727 2745 964 2784 Borionium

232 2804 276 2843 in
296 2803 511 2842 Collectan.
531 2802 696 2854 Antiqu.
720 2803 800 2840 tab.
821 2805 887 2844 87.

294 2864 360 2904 17.
402 2875 583 2913 praeque
623 2861 664 2898 d.
703 2861 965 2911 praeveniens

236 2920 343 2959 diem
373 2932 442 2972 age
462 2933 492 2957 s.
514 2918 661 2957 adduc.
688 2916 785 2957 Aen.
805 2918 851 2967 ΙΙ,
882 2921 965 2961 802

235 2980 407 3032 Iamque
434 2978 543 3029 iugis
570 2990 751 3014 summae
780 2977 967 3027 surgebat

239 3035 411 3088 Lucifer
428 3035 544 3085 Idae,
565 3033 829 3086 Ducebatque
849 3034 966 3074 diem.

933 1125 981 1162 21
1007 1136 1088 1158 mea
1101 1124 1244 1169 fistula
1264 1123 1411 1158 Mentel.
1431 1136 1498 1170 pr„
1522 1124 1617 1171 quod
1635 1123 1748 1169 magis

1016 1288 1127 1328 Serv.
1159 1287 1355 1341 Vigilarat
1370 1302 1469 1329 vero
1487 1295 1650 1329 noctem
1669 1289 1749 1328 mi-

1015 1359 1080 1385 ser
1103 1353 1272 1386 amator.
1296 1347 1404 1385 diem
1416 1348 1590 1399 almum,
1610 1354 1659 1387 ut
1677 1348 1749 1386 lux

1016 1405 1131 1443 alma
1158 1404 1258 1444 Aen.
1278 1405 1308 1455 Ι,
1334 1408 1417 1448 306
1448 1419 1550 1459 quae
1572 1412 1749 1446 recreat:

1016 1463 1089 1502 ubi
1115 1463 1198 1502 vid.
1267 1466 1332 1505 18.
1367 1464 1584 1517 Coniugis,
1621 1464 1749 1516 simpl.

1019 1521 1180 1560 amicae.
1212 1523 1260 1560 cf.
1277 1521 1370 1561 infr.
1393 1525 1462 1566 66.
1493 1523 1575 1562 Ecl.
1592 1523 1659 1573 VI,
1681 1523 1749 1565 52.

1018 1578 1117 1618 Aen.
1143 1580 1210 1630 IV,
1237 1579 1333 1623 536.
1367 1578 1425 1635 (et
1450 1587 1536 1620 not.
1563 1581 1616 1620 ad
1643 1581 1749 1633 Eleg.

1019 1638 1072 1676 ad
1087 1637 1242 1676 Messal.
1260 1652 1299 1690 p.
1319 1637 1387 1680 47.
1422 1637 1541 1694 Wr.)
1582 1639 1750 1691 indigno

1018 1711 1166 1747 amore,
1197 1695 1237 1735 h.
1256 1696 1426 1748 perfido,
1448 1711 1529 1750 quo
1548 1698 1631 1737 eius
1650 1697 1751 1737 fides

1019 1753 1141 1806 digna
1175 1768 1260 1793 non
1296 1761 1406 1806 erat3
1453 1756 1634 1808 adeoque
1675 1770 1750 1809 pro

1017 1813 1174 1866 puellae
1213 1812 1396 1866 perfidia.
1477 1817 1541 1857 19.
1590 1814 1752 1853 testibus

1018 1871 1113 1921 illis,
1133 1871 1182 1909 ab
1203 1871 1343 1922 amica,
1361 1873 1468 1923 Nisa,
1488 1885 1604 1926 saepe
1624 1872 1752 1912 amori

1017 1929 1208 1968 testando
1240 1936 1311 1968 aut
1336 1930 1599 1970 iureiurando
1625 1945 1752 1971 voca-

1017 1987 1082 2026 tis.
1135 1990 1204 2029 20.
1227 1987 1435 2042 adloquor,
1453 1990 1667 2029 incusanda·
1685 2002 1752 2028 eos

1020 2059 1176 2084 caussa:
1211 2043 1292 2099 ἤδη
1312 2045 1389 2101 γοῖρ
1409 2043 1582 2101 φράσδει
1601 2043 1750 2098 πάνθ’,

1020 2100 1139 2145 ἅλιον
1161 2101 1266 2157 ἄμμι
1287 2103 1495 2147 &Mum-
1526 2106 1697 2145 Theocr.
1719 2105 1750 2157 I,

1023 2165 1127 2213 102,
1159 2176 1261 2214 quae
1279 2162 1377 2202 hinc
1392 2165 1580 2204 illustres.
1614 2178 1756 2218 queror

1019 2221 1114 2259 deos
1136 2228 1173 2258 et
1189 2221 1388 2275 adloquor
1403 2223 1580 2276 iungunt
1600 2223 1678 2263 alii.

1079 2282 1147 2320 21.
1164 2278 1312 2319 Versus
1327 2281 1580 2321 intercalaris
1596 2281 1649 2320 ad
1658 2281 1753 2320 imi-

1021 2337 1218 2376 tationem
1248 2338 1417 2379 Theocr.
1438 2341 1476 2390 1,
1495 2332 1572 2382 64.
1601 2335 1666 2390 Π,
1699 2342 1752 2382 17

1024 2402 1101 2435 etc.
1127 2396 1280 2436 sactus:
1310 2397 1354 2436 in
1381 2411 1427 2436 eo
1453 2397 1752 2451 interponendo

1021 2467 1106 2493 non
1135 2459 1291 2493 certum
1321 2469 1514 2495 versuum
1538 2469 1753 2495 numerum

1020 2518 1157 2551 servat
1177 2512 1306 2553 Maro.
1365 2515 1604 2553 Maenalios
1626 2514 1751 2553 intell.

1023 2570 1260 2622 Arcadicos,
1287 2571 1544 2625 pastoritios‚
1576 2573 1713 2624 quales
1729 2584 1754 2612 a

1020 2629 1251 2682 pastoribus
1287 2630 1377 2668 cani
1414 2630 1522 2669 soliti
1544 2630 1588 2669 in
1614 2636 1753 2669 monte

1021 2686 1237 2737 Arcadiae,
1285 2687 1487 2738 Maena103
1527 2688 1637 2727 unde
1667 2701 1752 2741 sqq.

1020 2758 1164 2785 versus
1174 2748 1305 2787 22—
1316 2746 1372 2788 24
1389 2746 1567 2797 subiicit,
1598 2761 1693 2786 nam
1710 2747 1753 2786 in

1021 2803 1204 2843 Maenalo
1230 2804 1346 2843 -inter
1371 2804 1509 2858 pineta
1542 2811 1754 2858 pastorum

1024 2862 1203 2901 carmina
1227 2863 1430 2915 ipsiusque
1448 2863 1566 2901 Panis
1593 2862 1753 2902 assiduo

1022 2921 1258 2959 audiuntur.
1320 2918 1513 2975 (Tibiam,
1543 2935 1623 2972 qua
1645 2919 1756 2972 apud

1024 2980 1228 3017 Romanos
1245 2984 1408 3018 tantum
1425 2978 1469 3016 in
1489 2978 1609 3017 sacris
1622 2978 1753 3017 ludis-

1024 3050 1104 3088 que
1148 3036 1313 3076 scenicis
1356 3035 1600 3087 utebmtur,
1644 3033 1754 3089 apud
