1768 3320
405 664 476 714 ‘E
546 662 589 713 c
659 663 702 712 L
776 662 833 713 0-
900 664 950 712 0
1017 665 1062 712 Α
1168 646 1270 715 Vn

646 769 1046 829 Mnmnonns

547 862 1149 938 Ancnmrnrnm

85 983 340 1054 Meliboeus
355 1020 497 1068 pastor
519 1019 682 1064 narrat,
712 1027 772 1064 se,
803 1028 898 1054 eum
916 1014 1175 1054 aberrantem
1193 1028 1361 1068 caprum
1380 1016 1612 1068 quaerebat,

85 1074 136 1114 in·
155 1073 411 1127 Corydonem
441 1079 483 1111 et
508 1071 751 1125 Thyrsidem
778 1072 983 1124 incidisse,
1024 1073 1094 1125 qui
1101 1103 1112 1124 ,
1153 1073 1355 1112 assidente
1387 1073 1612 1127 Daphnide,

87 1135 214 1172 cantu
231 1137 350 1171 erant
367 1130 635 1180 decertaturi3
665 1131 962 1184 obtemperasse
981 1144 1021 1170 se
1039 1129 1264 1184 Daphnidis
1282 1130 1534 1182 hortatibus,
1563 1138 1614 1172 ut

85 1191 171 1245 ipse
189 1188 384 1229 assideret
410 1195 453 1228 et
476 1194 687 1228 cantantes
712 1189 874 1228 audiret
898 1211 957 1219 —-
983 1191 1053 1232 20.
1111 1189 1212 1229 Inde
1232 1189 1425 1243 Corydon
1447 1191 1612 1244 primas,

87 1248 255 1302 Thyrsis
270 1246 480 1296 mundns,
506 1253 643 1300 partes
661 1247 838 1286 carmine
855 1247 1072 1287 amoebaeo
1083 1248 1143 1286 ita
1160 1248 1375 1298 sustinent,
1394 1254 1452 1298 ut,
1469 1262 1613 1300 quem-

87 1304 310 1346 admodum
340 1305 427 1345 Ecl«
450 1303 506 1344 ΠΕ
528 1304 731 1356 distichis,
780 1305 845 1344 sic·
862 1318 975 1344 nunc
999 1305 1269 1356 tetrastichis,
1308 1319 1380 1345 seu
1406 1307 1613 1358 quaternis

86 1364 290 1415 versibus,
321 1361 609 1416 comprehensa
626 1363 810 1402 carmina·
822 1363 1060 1414 decantent,
1091 1377 1188 1402 sena
1205 1370 1390 1416 uterque,
1420 1365 1614 1418 Corydon

89 1422 239 1463 diversi
263 1435 445 1474 quaeque
471 1421 699 1474 argumenti
724 1435 912 1472 exorsus,
943 1421 1129 1475 Thyrsis,
1161 1428 1233 1462 aut
1260 1422 1403 1461 similia
1427 1437 1475 1461 ac
1499 1423 1614 1476 paria

89 1487 163 1520 ant
182 1480 394 1520 contraria·
408 1479 623 1519 afferendo.
680 1479 815 1518 Habet
837 1479 937 1518 adeo
959 1494 1122 1519 carmen
1146 1494 1231 1519 non
1251 1479 1356 1519 1111111
1377 1494 1430 1520 ex
1449 1480 1613 1520 drama-

87 1539 172 1579 tico
190 1550 355 1591 genere,
385 1550 469 1590 quo
482 1538 577 1591 ipso,
588 1538 782 1576 maiorem
802 1538 1112 1577 delectationem
1127 1539 1238 1577 facit.
1290 1539 1439 1588 Locus,
1468 1539 1514 1578 in
1532 1553 1614 1592 quo

89 1596 378 1646 consederant,
413 1602 474 1634 est
490 1595 772 1635 sub-umbrosa
792 1608 949 1647 quercu
965 1610 989 1634 a
1003 1596 1169 1636 favonio
1184 1596 1330 1636 leviter
1347 1597 1496 1650 agitata
1506 1628 1517 1647 ,
1546 1598 1614 1636 in-

88 1661 163 1695 ter·
177 1666 301 1708 aprum
328 1667 546 1704 susurrus,
576 1654 621 1693 in
646 1654 794 1694 vicinia
818 1653 955 1693 Mincii
980 1654 1119 1705 fluvii,
1159 1660 1202 1693 et
1225 1654 1390 1706 quidem
1414 1669 1461 1694 ea
1483 1662 1613 1708 parte,

89 1726 171 1766 qua
188 1718 373 1752 armenta
391 1718 538 1765 potum
564 1710 831 1752 ducebantur.
888 1712 1023 1751 Etiam
1046 1713 1091 1752 in
1116 1711 1201 1752 hoc
1224 1713 1402 1752 carmine
1422 1712 1615 1766 putidum

90 1776 196 1810 essct
211 1770 372 1810 referre
377 1770 605 1822 allegorias,
632 1783 732 1822 quas
751 1771 969 1810 commenti
989 1777 1089 1810 sunt'
1100 1770 1360 1823 interpretes,
1392 1785 1485 1810 cum
1502 1771 1616 1810 haud
1700 1771 1702 1773 ’

91 1828 214 1868 dubie
234 1827 337 1868 nihil
353 1828 465 1868 aliud
489 1829 683 1881 spectarit
702 1834 844 1882 poeta,
875 1842 998 1880 quam
1018 1835 1069 1868 ut
1089 1829 1144 1868 ad
1161 1828 1390 1868 Theocritei
1408 1829 1543 1882 Idyllii
1560 1828 1616 1869 VI

89 1886 359 1926 imitationem
380 1884 485 1926 illud
511 1886 698 1926 carminis
717 1886 920 1925 amoebaei
937 1901 1064 1940 genus
1088 1887 1353 1940 exprimeret,
1384 1887 1497 1939 quod
1516 1902 1615 1928 1131·-

89 1945 255 1985 ratione
266 1945 434 1984 3110111115
450 1958 522 1997 pas
504 1945 636 1995 storia,
663 1945 733 1997 qui
749 1945 992 1985 interfuerat
1010 1946 1235 1996 certamini,
1259 1945 1506 1986 continetur.
1534 1947 1618 1986 Nec

92 2004 462 2055 omninovmagnam
477 2003 634 2042 inventi
649 2003 814 2042 laudem
834 2003 949 2043 Maro
966 2003 1121 2043 habet
1110 2018 1154 2043 111
1169 2003 1251 2043 hoc
1267 2004 1455 2044 carmine.
1499 2005 1617 2044 Nova

93 2067 181 2101 arte
207 2074 255 2100 30
280 2061 475 2100 varietate
501 2061 698 2113 expressit
719 2061 909 2114 Eclogam
932 2063 1134 2101 Gesner-us
1157 2061 1202 2100 in
1228 2063 1348 2115 Lyca
1374 2071 1413 2101 et
1436 2064 1612 2102 Milone.

92 2119 280 2173 Propert.
295 2118 357 2168 11,
383 2118 488 2171 Eleg.
508 2125 614 2158 extr.
635 2122 692 2162 67
718 2118 799 2158 hoc
825 2133 987 2159 carmen
1006 2119 1189 2172 respicit:
1225 2121 1289 2158 Ta
1305 2122 1422 2158 canis
1443 2121 1619 2159 umbrosi

93 2176 226 2215 subter
255 2179 397 2227 pineta
429 2177 603 2215 Galaesi
637 2177 808 2229 ssyr-sin
842 2186 880 2215 et
917 2180 1063 2217 attritis
1091 2177 1299 2229 Daphnin
1334 2178 1613 2218 arundinibus.

93 2234 190 2274 Non·
204 2234 319 2286 quasi
328 2233 535 2273 Maronem
555 2240 693 2273 narret
706 2233 809 2273 haec
822 2234 866 2273 in
885 2248 979 2288 agro
999 2235 1220 2274 Tarentino
1241 2236 1450 2288 cecinisse;
1471 2250 1618 2277 verum

94 2292 231 2346 paullo
248 2292 635 2345 argutiusrespectu
662 2292 715 2331 ad
741 2293 811 2331 Ge.
830 2292 898 2344 lv,
928 2296 1011 2337 126
1034 2293 1198 2344 habito,
1236 2294 1308 2334 ubi
1323 2294 1488 2335 illorum
1503 2295 1618 2334 loco-

94 2362 189 2389 rum
208 2350 492 2389 amoenitatem
507 2350 717 2404 praedicat
730 2350 859 2391 Maro.
