1734 3320
154 202 257 251 404
503 202 559 252 P.
604 200 957 252 VIRGILII
1000 199 1366 252 MARONIS

154 326 413 377 Inseritur
433 343 564 377 vero
592 335 645 376 et
663 329 815 377 nucis
844 327 1063 377 arbutus
1084 327 1303 377 horrida
1328 326 1472 390 fetu3
1504 388 1507 389 7

153 400 221 448 Et
241 396 446 447 steriles
464 396 662 465 platani
679 397 852 448 malos
875 413 1090 463 gessere
1109 398 1361 459 valentis3
1571 442 1573 445 .
1615 404 1685 451 70

225 496 304 543 69.
340 505 480 541 FETU
505 507 662 542 Nucls
688 506 933 541 ARBUTUS
960 506 1205 543 HORRIDA

200 620 246 654 69
270 619 459 653 Inseritur
478 632 567 654 vero
591 628 627 653 et
652 621 760 654 nuci-s·
786 618 945 654 arbutus
965 621 1121 654 horrida
1135 619 1249 667 foetu
1268 619 1397 654 Medic.
1425 633 1444 654 a
1465 633 1510 654 m.
1531 632 1586 667 pr.
1635 621 1685 654 Ita

154 667 260 711 plane
285 666 466 700 Gudianus
496 674 532 700 et
561 667 669 701 Goth.
696 679 767 701 sec.
801 667 920 712 (etiam
935 669 968 703 2.
988 669 1022 704 3.
1044 669 1076 702 8.
1099 666 1155 702 14.
1187 669 1307 711 Wr.),
1341 667 1411 701 nisi
1432 667 1529 713 quod
1557 667 1619 701 ille
1642 681 1687 701 ex

155 715 272 748 nucis.
322 715 518 759 Utrumque
537 715 581 747 ab
603 726 644 747 eo
658 740 666 755 ‚
693 714 752 759 qui
770 714 887 748 versui
904 715 1100 757 metuebat,
1123 714 1386 758 interpolatum.
1419 713 1577 748 arbutus
1594 715 1686 749 hor-

157 773 244 794 rens
263 761 431 794 Rottend.
453 761 567 804 alter,
596 760 730 794 Zulich.
755 767 791 794 et
811 768 886 794 tres
906 761 1072 804 Martini,
1096 767 1136 794 ut
1153 761 1223 795 iam
1244 761 1386 795 Servius
1403 761 1496 795 male
1516 762 1687 807 quosdam

154 808 274 853 legere
295 807 354 841 ait.
404 816 440 841 et
457 807 570 854 soem
592 815 689 841 recte
709 807 906 853 repositum
926 821 945 841 a
966 809 1181 850 Burmanno,
1207 814 1247 841 ut
1266 821 1328 842 sex
1345 808 1431 842 libri
1451 809 1545 856 apud
1562 809 1686 843 Heius.

155 868 233 889 cum
250 866 318 888 uno
335 855 503 888 Arundel.
525 862 559 888 et
579 855 685 888 Goth.
703 867 784 896 sec„
809 867 877 900 pro
898 869 942 889 ex
956 854 1057 903 fetu.
1095 854 1195 902 (fetu
1215 857 1323 889 nucis
1339 854 1498 890 arbatus
1513 857 1686 891 horrida:

156 902 206 937 sic
233 901 338 935 etiam
355 901 513 946 Heynius
534 901 707 936 ediderat.
756 903 891 936 Versus
913 902 972 936 hic
989 902 1067 947 ipse
1086 902 1143 936 vel
1165 903 1312 936 maxime
1331 903 1509 937 horridus.
1558 903 1686 937 Medic.

181 949 297 983 uidem
323 949 471 981 eundem
497 949 684 982 verborum
713 949 874 983 ordinem
899 949 1067 991 exhibet3
1101 949 1164 983 sed
1189 957 1297 983 notae
1320 950 1492 996 quaedam
1516 950 1687 993 indicant,

148 962 236 1044 ,λιιι
255 997 292 1028 in
313 996 381 1028 fine
398 1007 517 1029 versus
539 1008 616 1029 esse
639 996 893 1030 collocandum.
942 998 1054 1030 Recte
1076 1009 1179 1037 sane3
1212 997 1348 1031 numeri
1364 997 1456 1031 enim
1474 1010 1595 1032 versus
1614 998 1687 1044 hy-

156 1043 345 1090 permetri,
369 1054 434 1086 per
454 1055 492 1076 se
507 1042 620 1076 minus
639 1044 743 1089 grati,
769 1044 997 1078 emolliuntur
1016 1051 1134 1077 tamen
1152 1045 1282 1090 ubique
1300 1045 1475 1090 producta
1491 1045 1687 1091 penultima

154 1089 318 1125 vocabuli
336 1089 483 1123 extremi
502 1090 654 1135 syllaba.
704 1091 794 1125 Hinc
814 1091 931 1125 brevis
956 1091 1093 1137 syllaba
1112 1091 1244 1125 indicio
1267 1104 1344 1125 esse
1365 1092 1539 1135 debebat,
1561 1093 1687 1126 turba—

154 1145 229 1171 tum
247 1137 304 1171 hic
327 1149 405 1170 esse
433 1138 623 1177 verborum
649 1139 822 1173 ordinem.
870 1141 988 1172 Unum
1008 1146 1196 1184 praeterea
1216 1139 1341 1173 eodem
1357 1139 1446 1173 vitio
1463 1139 1688 1174 laborantem

154 1186 419 1230 hypermetrum
436 1184 595 1230 Heynius
615 1185 735 1219 futuro
754 1185 883 1219 editori
902 1186 1156 1220 emendandum
1171 1186 1318 1232 reliquit
1337 1187 1400 1220 Ge.
1421 1188 1480 1230 111,
1496 1185 1578 1223 449.
1603 1186 1686 1222 vid.

155 1231 357 1267 Weichert.
384 1232 575 1266 Comment.
594 1234 621 1266 I.
651 1232 696 1266 de
723 1245 827 1266 versu
844 1241 1028 1278 poetarum
1046 1233 1227 1278 epicorum
1248 1234 1492 1279 hypermetro.
1527 1246 1609 1280 pag.
1628 1235 1686 1270 23.

155 1279 226 1314 Sed
242 1278 406 1324 quoniam
424 1278 461 1312 in
480 1279 759 1324 disputationem
775 1280 819 1313 de
836 1293 939 1314 versu
958 1281 1189 1326 hypermetro
1208 1280 1406 1324 incidimus,
1422 1277 1556 1328 duplici
1574 1281 1688 1315 errori

156 1326 409 1360 occurrendum
428 1326 578 1361 videtur.
628 1328 711 1361 Non
728 1334 826 1362 recte
847 1334 1003 1370 censent,
1029 1327 1178 1374 opinor,
1203 1335 1327 1372 poetas
1346 1328 1494 1363 Latinos
1516 1341 1560 1362 ex
1578 1341 1688 1376 prava

154 1373 302 1407 Homeri
320 1373 516 1407 imitatione
546 1374 796 1419 hyper-metros
818 1375 1047 1409 immiscuisse
1070 1375 1281 1409 carminibus
1303 1375 1392 1416 suis;
1428 1375 1591 1422 equidem
1613 1388 1688 1410 eam

153 1433 229 1455 rem
247 1433 267 1454 a
285 1420 446 1465 Tragicis
476 1421 620 1455 Graecis
648 1422 836 1467 repetitam
864 1429 974 1466 puto,
1008 1421 1153 1456 infinitis
1179 1422 1268 1456 locis
1295 1423 1454 1457 brevium
1472 1423 1688 1469 syllabarum
1714 1464 1717 1470 Ι

156 1467 340 1502 elisionem
369 1468 406 1500 in
431 1467 498 1501 fine
527 1468 743 1502 senariorum
771 1469 840 1502 sibi
868 1469 1151 1514 indulgentibus;
1188 1482 1397 1515 quamquam
1417 1470 1488 1505 hoc
1507 1470 1618 1504 nolim
1637 1470 1687 1504 ita

156 1515 287 1560 accipi,
321 1514 420 1560 quasi
441 1515 703 1549 excusationem
723 1529 765 1549 ex
787 1529 826 1550 ea
846 1529 884 1550 re
905 1517 1095 1562 Epicorum
1114 1517 1323 1550 Latinorum
1341 1517 1506 1551 licentiae
1527 1524 1689 1563 paratam

157 1562 362 1596 existimem.
410 1564 502 1596 Tum
520 1575 646 1596 aureae
666 1564 791 1597 aetatis
811 1571 936 1610 poetas
957 1565 1049 1598 falso
1070 1564 1169 1597 credi
1188 1564 1322 1609 primos
1345 1564 1609 1610 hypermetrum
1628 1565 1688 1599 in-

155 1610 295 1643 duxisse
316 1609 353 1642 in
381 1609 510 1654 poesin
529 1611 743 1653 Romanam,
777 1611 893 1656 arguit
911 1612 1046 1645 Gellius
1070 1612 1177 1645 Noct.
1207 1614 1281 1646 Att.
1299 1613 1380 1655 XII,
1403 1613 1458 1648 2:
1491 1613 1576 1654 „De
1598 1612 1689 1647 Vir-

156 1658 242 1703 gilio
268 1668 407 1702 quoque
427 1657 552 1690 eodem
570 1657 605 1690 in
624 1657 706 1691 loco
726 1659 834 1692 verba
853 1659 944 1692 haec
962 1657 1065 1704 ponit
1081 1678 1126 1684 —
1146 1661 1280 1692 Seneca
1297 1673 1362 1693 —:
1393 1660 1575 1706 Virgilius
1593 1673 1687 1707 quo-

157 1718 226 1751 que
246 1712 373 1738 noster
394 1716 469 1738 non
497 1717 542 1737 ex
571 1705 649 1738 alia
676 1718 791 1739 causa
811 1706 927 1739 duros
951 1706 1128 1751 quosdam
1149 1719 1284 1740 versus
1307 1714 1344 1739 et
1368 1719 1535 1740 enormes
1557 1715 1595 1741 et
1612 1708 1688 1742 ali-

157 1752 245 1798 quid
263 1763 379 1797 supra
393 1763 601 1784 mensuram
621 1753 814 1786 trahentes
831 1754 1076 1800 interposuit,
1103 1765 1210 1799 quam
1235 1761 1277 1786 ut
1294 1755 1495 1788 Ennianus
1521 1755 1689 1808 populu-s·

157 1806 376 1845 agnosceret
387 1798 426 1830 in
443 1810 542 1831 novo
557 1800 719 1832 carmine
737 1800 879 1845 aliquid
904 1801 1175 1846 antiquitatis-st
1223 1803 1339 1845 Atque
1360 1813 1442 1834 ecce
1464 1800 1531 1835 tib1
1550 1801 1688 1847 hyper-

157 1852 306 1879 metrum
319 1844 423 1878 Ennii
448 1856 484 1889 p.
504 1846 582 1880 116.
613 1845 698 1879 edit.
717 1846 876 1880 Hessel.:
913 1856 1071 1891 „magna
1099 1858 1181 1880 ossa
1204 1846 1398 1893 lacertique
1415 1851 1598 1894 Apparent
1614 1849 1688 1882 ho-

155 1892 293 1933 mini“;
330 1903 432 1936 quem
456 1891 572 1937 ipsum
599 1904 738 1926 versum
768 1893 965 1927 imitatione
996 1893 1170 1938 expressit
1202 1894 1373 1939 Virgilius
1400 1897 1486 1928 Aen.
1506 1897 1551 1938 V,
1583 1895 1686 1932 422:

157 1941 226 1983 „Et
239 1949 383 1983 magnos
404 1939 640 1972 membrorum
660 1947 766 1983 artus,
790 1953 824 1974 m
835 1953 855 1974 a
866 1953 919 1986 gn
930 1953 950 1974 a
976 1952 996 1974 o
1010 1954 1025 1974 s
1036 1953 1052 1974 s
1062 1954 1082 1974 a
1105 1941 1118 1974 l
1130 1953 1149 1974 a
1159 1954 1177 1974 c
1190 1953 1208 1974 e
1218 1954 1235 1974 r
1246 1947 1260 1974 t
1271 1953 1291 1974 o
1302 1953 1317 1974 s
1329 1954 1398 1988 que
1416 1942 1528 1976 Exuit.
1542 1944 1577 1984 “¹
1611 1945 1688 1977 Re-

157 1986 245 2021 ctius
266 1993 380 2019 autem
396 1985 457 2018 illa
478 1986 591 2020 Ennio
618 1986 727 2020 tribui
750 1987 933 2030 videntur,
969 2000 1071 2033 quam
1095 1987 1231 2022 Lucilio
1244 2015 1253 2031 ‚
1279 1988 1376 2022 cuius
1399 2001 1529 2023 nomen
1547 1989 1584 2024 in
1604 1991 1688 2025 Ma—

157 2033 271 2068 crobii
293 2032 449 2066 editione
467 2045 488 2066 a
506 2033 667 2067 Pontano
687 2042 804 2068 curata
822 2035 1078 2079 praescribitur
1098 2035 1123 2068 l.
1142 2037 1205 2077 Vl,
1229 2037 1259 2071 1.
1299 2037 1417 2077 Quare
1429 2037 1576 2071 Ennium
1594 2049 1687 2083 quo-

157 2093 224 2127 que
243 2092 342 2114 usum
360 2092 436 2113 esse
456 2080 705 2126 hypermetro,
732 2083 827 2127 quod
846 2089 953 2127 negat
973 2082 1172 2117 Weichert.
1192 2095 1273 2128 pag.
1299 2083 1376 2126 13„
1401 2095 1504 2118 nemo
1527 2084 1598 2118 iam
1618 2086 1687 2118 du-

158 2127 304 2162 bitabit.
329 2147 375 2153 —
422 2128 481 2163 70.
507 2128 648 2162 sterilis
668 2135 705 2162 et
721 2129 893 2164 valentes·
913 2129 1043 2164 Medic.
1075 2130 1171 2175 Wr.)

158 2249 238 2288 quo
275 2215 364 2273 ilias
415 2233 578 2273 arbores
624 2236 775 2288 plantis
820 2250 891 2276 seu

950 2250 994 2276 re
1016 2236 1169 2289 aliquid
1187 2250 1226 2275 se
1244 2237 1385 2277 videre
1409 2244 1582 2291 putant,
1613 2251 1688 2277 ne-

159 2293 330 2332 surculis
348 2299 638 2345 procrearunt:
672 2294 721 2332 de
741 2295 891 2346 palma

949 2302 1099 2348 gantur
1123 2295 1212 2334 fieri
1230 2309 1365 2348 posse:
1395 2310 1481 2335 non
1500 2297 1605 2335 enim
1620 2297 1687 2336 in-

156 2350 407 2391 vid.Pallad.
443 2349 569 2404 April.
597 2366 683 2404 cap.
707 2352 746 2403 5,
767 2356 808 2403 2,
842 2353 892 2392 de

158 2424 304 2463 querca
323 2409 478 2447 Colum.
501 2409 566 2458 IV,
589 2413 656 2460 33,
678 2410 717 2453 5.

216 2470 415 2509 69—72.
455 2468 598 2506 Insitio
631 2468 813 2507 restabat
841 2482 892 2507 ex

157 2539 198 2564 v.
217 2528 272 2567 32
291 2538 348 2576 sq.
410 2524 571 2577 Optime
595 2526 791 2565 inseritur
821 2542 892 2564 ar-

158 2582 250 2621 buto
267 2613 277 2631 ,
318 2583 361 2621 in
404 2583 572 2633 arbuto,
612 2584 656 2622 in
685 2585 891 2635 arbutum,

160 2639 341 2695 (horrida
362 2653 407 2678 ea
426 2640 576 2680 dicitur
595 2656 618 2679 a
652 2643 804 2681 cortice
824 2642 893 2681 hi-

159 2698 273 2752 spido
303 2704 344 2736 et
370 2697 529 2752 aspero)
567 2713 676 2750 nux,
715 2702 892 2751 platano

158 2757 300 2806 malus,
303 2756 418 2809 fago
439 2763 636 2807 castanea,
656 2772 749 2796 omo
767 2758 892 2809 piruS,

160 2821 202 2853 et
218 2815 326 2853 almo
345 2828 528 2866 quercus.
559 2815 736 2867 Respicit
755 2816 891 2854 locum

159 2873 259 2912 Plin.
289 2873 379 2923 XV,
415 2872 481 2922 15,
511 2887 541 2911 S.
571 2876 636 2915 17.
697 2873 889 2911 Tradun-

158 2938 228 2970 tur
257 2930 325 2970 hic
353 2930 550 2970 insitionis
580 2943 745 2983 genera,
787 2944 888 2983 quae

161 3004 185 3027 a
211 2989 360 3029 nostris
380 2988 624 3039 hominibus,
655 2990 724 3041 qui
742 2989 785 3028 in
810 2988 889 3028 hac

951 2354 1030 2392 seri
1052 2367 1168 2406 posse
1196 2354 1383 2393 arborem
1422 2354 1579 2405 arbori,
1611 2355 1688 2394 nisi

951 2412 1013 2450 sui
1029 2412 1198 2464 generis.
1257 2412 1384 2465 Negat
1407 2413 1515 2453 idem
1543 2419 1688 2452 auctor

951 2470 1320 2522 praestantissimus
1350 2471 1551 2510 Millerus:
1583 2472 1686 2510 conf.

948 2526 1113 2567 Martin.
1135 2528 1188 2566 ad
1208 2527 1249 2566 h.
1269 2529 1295 2567 l.
1333 2529 1460 2581 Negat
1489 2529 1610 2568 etiam
1630 2529 1688 2568 du

948 2585 1094 2623 Hamel
1152 2584 1383 2639 (Physique
1430 2587 1500 2625 des
1540 2587 1687 2626 Arbres

951 2643 994 2682 P.
1017 2643 1048 2693 I,
1071 2645 1168 2681 Liv.
1183 2643 1249 2692 IV,
1268 2657 1301 2682 e.
1319 2643 1358 2685 4.
1379 2645 1468 2684 Art.
1494 2645 1579 2696 VII,
1597 2659 1686 2699 pag.

951 2701 1008 2743 85
1026 2698 1150 2752 sqq.),
1200 2714 1292 2739 cum
1320 2708 1458 2742 tamen
1491 2704 1559 2742 alii
1585 2717 1686 2743 orno

949 2771 991 2796 se
1027 2758 1219 2797 insevisse
1259 2759 1416 2811 pirum,
1458 2767 1687 2801 castaneam

951 2816 1139 2867 quercui,
1180 2822 1394 2858 testentur.
1435 2817 1547 2873 (vid.
1586 2833 1687 2872 quos

949 2874 1091 2912 laudat
1139 2874 1323 2915 Geissler.
1359 2876 1403 2915 in
1437 2877 1608 2917 Scholiis
1634 2877 1689 2917 ad

948 2931 1055 2983 Virg.
1078 2933 1219 2985 Georg.
1236 2947 1277 2985 p.
1303 2932 1342 2975 4.
1380 2935 1493 2990 Wr.)
1534 2935 1688 2975 Verum

948 2996 989 3029 et
1017 2991 1170 3030 Colum.
1202 2991 1269 3031 lib.
1298 2991 1346 3042 V,
1369 2995 1436 3045 11,
1456 2992 1500 3047 β’.
1527 2996 1580 3036 12
1610 3007 1687 3033 an-
