1734 3320
141 246 243 297 596

486 245 542 294 P.
593 243 961 295 VIRGILII
1011 242 1395 295 MARONIS

140 372 376 425 Numina
400 369 548 420 laeva
568 371 775 433 sinunt,
816 370 1075 438 auditque
1098 378 1319 419 vocatus
1339 369 1550 436 Apollo,

208 442 482 509 Principio
508 441 665 492 sedes
692 441 881 508 apibus
906 441 1174 507 statioque
1201 439 1455 507 petenda,

143 515 266 576 Quo
291 529 473 579 neque
499 513 565 562 sit
586 513 760 562 ventis
788 511 984 575 aditus,
1025 515 1177 575 (nam
1202 509 1397 577 pabula
1417 509 1567 560 venti

139 585 306 634 Ferre
346 582 577 633 domum
612 582 966 650 prohibent,)
1013 597 1197 648 neque
1239 597 1367 631 oves
1408 579 1680 647 haedique

139 724 391 776 Floribus
409 723 696 787 insultent,
735 730 824 772 aut
845 739 1028 772 errans
1048 720 1247 771 bucula
1271 737 1464 788 campo

941 650 1143 719 petulci
1570 654 1574 655 ⁷
1618 655 1681 701 10

139 796 387 847 Decutiat
406 810 614 858 rorem,
655 803 709 843 et
729 794 994 859 surgentis
1019 791 1227 842 adterat
1248 791 1461 843 herbas,

141 867 333 917 Absint
363 874 416 915 et
438 865 566 932 picti
591 864 888 933 squalentia
911 873 1062 929 terga
1087 862 1272 913 lacerti

189 1010 212 1045 7
238 1009 340 1043 laeta
361 1007 493 1053 Regius
514 1006 673 1041 Martini.
723 1008 852 1041 sinant
869 1010 968 1041 Serv.
987 1007 1034 1040 ad
1052 1008 1140 1040 Aen.
1166 1007 1221 1047 11,
1246 1005 1328 1041 693.

1426 1004 1449 1040 8
1475 1004 1583 1039 sedes
1601 1012 1684 1038 sta-

143 1057 268 1103 tioque
288 1057 475 1103 petendae
490 1056 622 1089 Moret.
640 1067 693 1101 pr.
720 1061 756 1088 et
777 1054 947 1098 Mentel'„
972 1060 1009 1088 at
1043 1054 1168 1087 extrita
1190 1052 1312 1087 littera
1339 1051 1484 1095 ultima,
1509 1065 1539 1086 e.
1567 1059 1603 1085 et
1621 1063 1684 1085 re—

142 1111 285 1150 ceptum
316 1104 385 1137 hoc
413 1109 492 1136 erat
522 1103 566 1137 ab
595 1102 755 1136 Heinsio.
801 1103 938 1148 (parum
962 1109 1045 1148 apte
1071 1101 1281 1149 petendae,
1315 1111 1421 1145 quum
1442 1100 1515 1133 non
1544 1099 1685 1140 diversa

142 1151 214 1185 sint
233 1151 327 1184 inter
348 1164 387 1184 se
406 1151 513 1184 sedes
534 1157 571 1184 et
589 1152 716 1184 statio.
745 1152 802 1185 W
798 1150 841 1194 r.)
888 1150 1054 1197 petenda
1071 1158 1129 1182 esc
1145 1150 1237 1182 Ven.
1261 1154 1298 1181 et
1314 1147 1415 1181 Leid.
1466 1146 1551 1191 (vid.
1573 1150 1615 1190 Q.
1637 1147 1684 1180 V.

141 1200 226 1241 xv,
251 1200 284 1242 7,
311 1211 341 1232 a.
373 1199 471 1243 Wr.)

141 1294 245 1328 male.
344 1295 404 1339 ,10
437 1305 504 1327 nec
533 1293 643 1327 Goth.
671 1305 725 1338 pr.

143 1342 271 1376 Franc.
323 1339 498 1383 buccula,
524 1339 659 1375 bacula
679 1340 725 1374 al.

145 1467 225 1500 est:
256 1475 341 1500 non
360 1460 547 1513 exiguam
571 1473 623 1499 ex
644 1460 719 1499 tali
739 1473 886 1512 quam-

143 1520 205 1560 vis
230 1519 347 1558 tenui
369 1525 608 1571 argumento
630 1518 799 1572 gloriam
817 1532 889 1560 re·-

144 1578 303 1632 portari
323 1591 451 1631 posse,
481 1578 605 1617 modo
623 1591 698 1631 per
718 1577 890 1617 adversa

143 1637 313 1676 numina
332 1637 466 1686 liceat,
497 1635 538 1675 h.
561 1636 685 1675 modo
709 1650 759 1675 ne
778 1636 890 1688 quod

145 1709 298 1736 numen
353 1695 594 1735 adversetur
617 1725 628 1745 ,
685 1701 725 1733 et
763 1694 888 1733 modo

145 1753 291 1807 Apollo
321 1752 582 1807 (pastoralis,
614 1751 799 1807 Nomius)
819 1753 888 1791 in-

146 1819 318 1852 vocatus
346 1813 494 1851 faveat.
553 1812 785 1850 Fatendum
818 1818 888 1850 ta-

145 1885 262 1921 men,
289 1871 485 1909 leniorem
515 1883 599 1908 esse
627 1870 828 1909 rationem
849 1876 890 1908 et

145 1930 404 1979 iuncturam,
437 1929 470 1967 si
489 1929 691 1978 admittas,
724 1929 889 1967 laevum

147 1987 190 2028 h.
208 1988 235 2027 l.
257 2001 307 2026 ex
339 1988 519 2039 augurali
550 1987 764 2039 disciplina
778 1987 888 2040 peti-

146 2052 237 2086 tum
266 2046 489 2099 significare
518 2046 766 2098 propitium:
815 2045 891 2084 etsi

146 2105 287 2144 Burm.
307 2110 526 2158 repugnat,
559 2105 654 2156 quia
675 2104 751 2143 alia
767 2103 891 2143 hujus

148 2177 244 2203 usus
262 2164 446 2217 exempla
465 2163 760 2214 desiderantur.
792 2164 891 2202 Nu-

149 2237 242 2261 men
259 2252 269 2271 ,
303 2225 495 2273 numina,
528 2222 695 2261 omnino
713 2235 790 2274 pro
810 2235 890 2261 vo-

147 2281 308 2320 luntate
330 2280 523 2331 deorum,
565 2281 729 2332 eiusque
751 2280 889 2319 decla-

148 2339 306 2378 ratione
334 2339 437 2389 dici,
469 2345 615 2378 notum
645 2345 724 2390 est;
754 2339 891 2390 itaque

151 2397 232 2437 dici
277 2412 353 2450 pro
404 2398 576 2436 oraculis
597 2428 608 2448 ,
670 2397 889 2447 vaticiniis,

151 2456 373 2505 ominibus,
398 2456 602 2509 auspiciis:
623 2455 723 2496 Aen.
744 2456 792 2507 ΙΙ,
809 2458 890 2498 123

152 2529 256 2567 quae
298 2517 380 2552 sint
422 2529 471 2552 ea
519 2517 691 2553 numina
730 2515 888 2564 divum,

151 2572 269 2624 quale
297 2572 401 2611 illud
430 2572 483 2611 sit
508 2585 761 2625 responsum.
788 2572 892 2622 Vm,

155 2631 242 2674 512
261 2644 380 2683 quem
395 2632 567 2669 numina
581 2640 767 2682 poscunt,
792 2645 892 2669 aru-

151 2688 270 2742 spicis
302 2701 400 2728 vox.
432 2694 473 2726 et
499 2688 599 2738 vm,
631 2691 686 2731 78
717 2698 790 2727 tua
811 2704 892 2727 ηιι-

151 2750 267 2786 mina
283 2746 430 2795 firmes
453 2746 502 2785 de
523 2746 693 2785 somnio.
716 2747 781 2797 ΙΙΙ,
805 2749 890 2789 363

154 2807 291 2844 cuncti
330 2813 541 2844 suaserunt
579 2807 743 2843 numine
783 2805 885 2843 divi.

153 2877 246 2916 ergo
278 2868 319 2901 et
353 2862 402 2901 de
430 2862 598 2916 augurio
633 2862 712 2901 dici
740 2862 889 2915 potuit.

152 2922 199 2961 In
218 2921 299 2961 hoc
317 2927 452 2960 autem
473 2920 636 2960 sinistra
654 2921 785 2960 fausta
807 2933 890 2958 esse

153 2981 251 3019 satis
277 2985 466 3031 constat5
504 2979 747 3019 translatum
781 2993 888 3031 quo—

154 3052 233 3090 que
262 3038 315 3077 ad
339 3038 526 3092 prodigia
555 3044 596 3076 et
622 3043 801 3088 ostenta,
840 3042 889 3075 ut

523 1198 593 1232 Sed
614 1197 650 1231 in
666 1197 731 1231 tali
751 1197 949 1231 variatione
967 1197 1018 1230 nil
1036 1196 1141 1230 facile
1161 1196 1344 1230 decernas.
1368 1194 1441 1230 vid.
1463 1195 1578 1228 Burm.
1626 1194 1685 1228 le-

143 1247 272 1293 genda
295 1246 385 1280 coni.
414 1247 464 1279 10.
485 1245 672 1279 Schrader.
722 1247 769 1279 At
782 1253 914 1293 petere
937 1251 992 1278 est
1022 1255 1162 1289 parare.

843 1294 885 1328 11
922 1292 1112 1326 insultant
1143 1292 1277 1324 Mox-et.
1304 1302 1374 1324 sec.
1433 1298 1501 1324 aut
1525 1290 1686 1324 haerens

822 1341 867 1376 13
887 1340 1076 1387 pallentia
1097 1347 1207 1386 terga
1226 1337 1390 1372 Parrhas.

1258 1244 1281 1278 9
1297 1242 1352 1288 fit
1377 1242 1457 1277 edd.
1481 1240 1686 1286 nonnullae,

944 1459 1097 1499 laetum
1112 1459 1266 1498 fulmen
1290 1457 1392 1498 Aen.
1409 1456 1468 1507 ΙΙ,
1494 1458 1577 1499 693
1608 1457 1684 1495 In—

947 1520 1076 1557 tonuit
1118 1519 1297 1557 laevum.
1342 1517 1423 1566 IX,
1463 1517 1560 1557 630.
1601 1516 1680 1557 631

947 1578 1094 1616 Audiit
1123 1585 1160 1615 et
1186 1577 1295 1615 caeli
1321 1576 1482 1628 genitor
1498 1574 1548 1611 de
1564 1581 1686 1625 parte

949 1649 1090 1674 serena
1142 1636 1325 1674 Intonuit
1371 1634 1547 1672 laevum.
1614 1632 1687 1671 Est

951 1707 1044 1746 ergo
1064 1693 1278 1746 augurium
1301 1706 1324 1731 a
1342 1692 1459 1732 laeva
1470 1696 1586 1745 parte
1605 1705 1685 1728 nu-

946 1767 1039 1791 men
1057 1753 1232 1791 laevum.
1540 1769 1542 1771 >

1006 1813 1046 1853 8.
1078 1811 1134 1848 De
1162 1809 1329 1849 alvearii
1362 1809 1444 1848 situ
1469 1807 1686 1861 praecipit3

947 1882 1050 1921 quae
1082 1869 1263 1908 cavenda
1290 1868 1372 1907 sint
1396 1889 1454 1897 --
1484 1869 1551 1917 17,
1583 1879 1687 1918 quae

948 1927 1128 1980 optanda
1142 1949 1200 1956 —
1222 1929 1290 1969 32.
1353 1925 1505 1964 Eadem
1523 1925 1686 1978 praeci-

945 1986 1067 2039 piunt
1088 1986 1218 2026 Varro
1236 1984 1300 2035 ΙΙΙ,
1326 1986 1393 2034 16,
1409 1986 1544 2036 12sq.‚
1567 1997 1688 2036 quem

947 2050 1068 2098 poeta
1095 2043 1262 2083 omnino
1300 2047 1495 2094 sequutus
1525 2048 1605 2093 est,
1647 2047 1689 2080 et

946 2103 1116 2155 reliqui,
1149 2115 1251 2154 quos
1266 2115 1389 2154 supra
1415 2100 1687 2152 laudavimus,

947 2162 1055 2216 inpr.
1085 2161 1242 2200 Colum.
1272 2160 1352 2210 IX,
1378 2158 1524 2202 4—7.
1573 2159 1688 2199 Idem

948 2221 1086 2260 locum
1116 2219 1228 2259 hunc
1255 2218 1408 2258 excitat
1434 2231 1521 2271 cap.
1560 2217 1589 2261 4
1620 2232 1683 2272 pr.

947 2278 1169 2332 Epitheton
1185 2277 1311 2316 haedi
1324 2277 1481 2329 petulci
1498 2277 1686 2317 Lucretio

950 2338 1089 2377 deberi
1102 2337 1150 2387 ΙΙ,
1173 2339 1271 2386 367,
1292 2336 1335 2374 in
1357 2349 1439 2387 quo
1459 2341 1557 2374 sunt
1583 2338 1690 2388 agni

945 2397 1122 2449 petulci,
1158 2395 1418 2439 observatum
1445 2393 1490 2433 in
1509 2394 1686 2434 Macrob.

949 2455 1028 2505 VI,
1055 2454 1093 2498 5.
1139 2453 1214 2508 (de
1244 2452 1507 2506 grammatica
1538 2451 1688 2492 horum

950 2513 1173 2553 verborum
1196 2512 1355 2551 ratione
1379 2511 1468 2562 Quo
1491 2525 1688 2564 neque-

951 2586 1078 2625 neque
1107 2570 1192 2610 vid.
1225 2570 1275 2619 Q.
1309 2569 1355 2608 V.
1393 2569 1610 2619 XXXIIII,
1646 2567 1686 2611 4.

955 2631 1027 2670 W
1020 2627 1077 2683 r.)
1157 2631 1223 2670 12.
1270 2629 1471 2679 surgentis
1516 2627 1682 2676 herbas,

952 2692 1197 2736 crescentes,
1227 2691 1276 2724 ut
1298 2685 1381 2724 Ecl.
1401 2685 1448 2736 V,
1469 2688 1538 2729 39.
1558 2686 1629 2726 Ge.
1654 2686 1685 2736 I,

953 2748 1031 2788 161
1059 2751 1100 2783 et
1118 2744 1225 2783 alibi.

1010 2806 1075 2845 13.
1115 2802 1238 2842 Varia
1283 2801 1504 2842 animantia
1544 2802 1686 2855 apibus

947 2860 1180 2900 insidiantia
1221 2861 1271 2899 ab
1306 2861 1458 2900 alveari
1490 2858 1686 2914 (pinguia

947 2918 1110 2958 stabula
1136 2919 1256 2966 dixit)
1284 2932 1422 2959 arcere
1440 2919 1564 2958 iubet.
1604 2918 1685 2956 La-

947 2983 1155 3016 certorum
1211 2978 1326 3017 varia
1382 2990 1527 3030 genera
1577 2981 1684 3015 sunt.

947 3035 1180 3075 stellionem
1220 3036 1477 3089 potissimum
1515 3034 1686 3086 intelligi
