1768 3320
207 237 263 293 P.
294 223 710 292 irmenAn
734 237 905 290 nuc,
926 230 1094 291 Eur...
1122 241 1262 306 vm,
1294 249 1449 298 1—6
1482 253 1589 301 203

137 360 566 439 DAMON.
642 365 1517 446 ALPHESIBOEUS.

67 467 384 554 Pastorum
404 504 616 552 Musam
636 504 896 553 Damonis
918 512 972 553 et
989 503 1357 572 Alphesiboei,

56 584 350 642 ‘Inmemor
366 582 662 634 herbarum
684 601 820 652 quos
842 594 921 635 est
938 586 1128 636 mirata
1143 588 1368 638 iuvenca

69 654 356 717 CertantiS‚
394 670 631 721 quorum
649 653 978 722 stupefactae
998 658 1234 708 carmine
1255 657 1452 725 lynceS‚

65 725 136 775 Et
160 732 363 773 mutata
388 740 514 774 suos
532 726 852 792 requierunt
871 724 1097 777 flumina
1119 744 1331 795 cursus3

65 794 325 844 Damonis
345 797 557 845 Musam
582 794 821 846 dicemus
841 806 894 846 et
912 795 1275 863 Alphesiboei.
1559 801 1592 851 5

138 866 224 914 Tu
243 863 379 914 mihi
402 881 499 914 seu
518 866 699 931 magni
723 883 940 933 superas
963 867 1070 917 iam
1091 884 1207 918 saxa
1229 868 1451 932 Timavi,

115 968 164 1014 (1.
188 971 324 1004 Musas
348 973 447 1005 Serv.
468 971 594 1006 Dresd.
642 972 815 1006 Pastoris
841 978 991 1018 quatuor
1010 974 1095 1007 Mss.
1117 985 1175 1018 ap.
1197 974 1293 1007 Cort.
1315 973 1446 1008 Lucan.
1462 974 1491 1016 1,
1512 974 1590 1010 115.

73 1017 177 1061 Wr.)
266 1018 291 1054 3
314 1020 480 1053 carmina
506 1019 607 1052 Leid.
638 1031 708 1052 sec.
735 1019 882 1052 Mentel.
910 1032 963 1065 pr.
993 1027 1030 1053 et
1059 1033 1080 1054 a
1103 1033 1148 1053 m.
1178 1034 1233 1066 pr.
1256 1022 1365 1066 Reg.,
1389 1020 1509 1066 sicque
1528 1033 1591 1054 ms.

65 1064 282 1109 Lengnich.,
314 1071 354 1097 ut
372 1065 419 1099 sit
440 1066 672 1100 Graecismus.
721 1066 835 1112 (quasi
857 1063 1099 1112 ἐκπλαγεῖσαι
1120 1065 1192 1113 τὴν
1213 1064 1350 1115 φ’ὃήνῖ)
1378 1068 1442 1102 'At
1461 1076 1592 1114 stupe-

58 1109 194 1158 factus
214 1123 355 1157 semper
380 1113 571 1147 ablativum
589 1113 788 1147 adiunctum
807 1114 928 1147 habet.
978 1116 1075 1156 Quae
1104 1127 1161 1148 res
1183 1127 1345 1160 magnam
1373 1115 1504 1148 excitat
1528 1127 1593 1148 su-

67 1157 281 1204 spicionem,
303 1159 418 1193 latere
445 1161 480 1194 h.
506 1160 530 1194 l.
559 1160 703 1206 aliquod
729 1160 862 1194 vitium.
910 1163 1034 1207 Itaque
1055 1162 1243 1207 Virgilium
1270 1162 1455 1207 scripsisse
1481 1169 1590 1208 puto:

67 1205 300 1253 stupefactae
319 1206 364 1240 ad
382 1209 567 1247 carmina3
601 1208 697 1253 quod
716 1220 818 1253 quam
839 1209 982 1254 egregie
1002 1209 1108 1242 etiam
1136 1210 1300 1254 proximo
1323 1210 1439 1243 versui
1458 1221 1593 1243 conve-

93 1252 102 1260 ”
1490 1256 1591 1290 Ovid.

65 1301 153 1334 Met.
171 1301 218 1344 V,
236 1301 339 1338 5o9.:
371 1303 520 1345 „Mater
545 1302 600 1335 ad
631 1302 769 1336 auditas
800 1303 1006 1347 stupuit,
1041 1316 1105 1337 cen
1129 1316 1250 1345 saxea,
1274 1307 1423 1337 voceS.“
1457 1303 1544 1337 ibid.
1563 1305 1591 1345 1,

65 1347 168 1383 503.:
204 1359 352 1393 „neque
383 1349 437 1382 ad
470 1349 562 1383 haec
594 1350 793 1383 revocantis
820 1350 930 1383 verba
959 1350 1200 1384 resistit.“
1241 1350 1328 1384 ibid.
1352 1352 1461 1393 XIV,
1486 1349 1590 1386 214:

68 1405 300 1440 „omnemque
317 1396 482 1429 tremis
494 1408 574 1430 cen
585 1409 602 1430 s
621 1397 685 1431 Ad
702 1397 925 1441 strepitum.“
948 1397 1096 1431 Heroid.
1108 1399 1171 1440 XI,
1190 1399 1266 1434 63.:
1292 1399 1466 1439 „Mortua,
1486 1398 1591 1432 crede

65 1441 175 1484 mihi,
203 1448 325 1476 tamen
353 1443 407 1476 ad
432 1450 494 1477 tua
514 1444 623 1478 verba
649 1444 845 1478 revixi.“
892 1445 937 1478 Et
955 1444 1075 1479 tritum
1096 1451 1151 1478 est
1182 1457 1507 1490 expavescere
1533 1445 1591 1478 ad

67 1488 217 1534 aliqui
228 1489 269 1530 ἃς
292 1489 364 1524 vid.
383 1491 498 1524 Burm.
514 1491 559 1524 ad
578 1491 659 1524 val.
673 1491 726 1524 Fl.
747 1493 806 1533 111,
823 1490 904 1527 264.
926 1498 963 1525 et
980 1493 1059 1533 vn,
1078 1493 1159 1528 623.
1191 1492 1327 1526 Eodem
1343 1492 1450 1525 modo
1464 1491 1593 1526 Graeci

66 1535 254 1582 θαμβεῖν,
277 1534 512 1582 θαυμάζειν,
538 1534 831 1584 ἐκπλήττεσθαι,
858 1537 1054 1583 οἰκτείρειν
1073 1536 1171 1584 πρός
1187 1551 1243 1582 τι,
1279 1545 1315 1572 et
1335 1539 1482 1580 similia;
1520 1539 1591 1572 vid.

67 1583 205 1617 Jacobs.
232 1584 279 1617 ad
298 1584 427 1618 Achill.
455 1586 539 1619 Tat.
559 1587 620 1624 IV.
646 1583 701 1620 14·
725 1598 806 1632 pag.
827 1587 908 1622 732.
954 1586 1098 1619 Interim
1127 1598 1171 1619 ne
1199 1586 1343 1620 calidius
1370 1599 1446 1619 rem
1476 1586 1591 1631 egisse

66 1631 267 1673 videamur,
298 1631 489 1665 lectionem
514 1634 679 1666 carmina
699 1632 855 1666 librariis
885 1633 931 1666 ad
956 1633 1065 1674 illud,
1098 1633 1193 1679 quod
1213 1633 1304 1666 infra
1330 1633 1485 1678 positum
1505 1641 1591 1674 erat,

59 1679 224 1725 flumina
241 1679 489 1712 aberrantibus
510 1679 635 1713 deberi
651 1680 871 1724 putabimus3
896 1680 1091 1714 iuncturam
1111 1687 1229 1714 autem
1247 1680 1501 1714 sententiarum
1520 1680 1592 1713 mi-

67 1725 369 1775 ancommodam
384 1726 638 1760 illustrabimus
655 1729 698 1768 Q.
716 1729 761 1761 V.
781 1728 973 1769 XXX1111,
991 1728 1026 1763 4.
1051 1734 1140 1760 extr.
1172 1730 1228 1762 W
1222 1727 1266 1771 r.)
1339 1726 1364 1763 4
1386 1730 1437 1760 Et
1455 1729 1593 1761 mirata

67 1785 157 1808 suos
182 1772 238 1806 ed.
256 1774 367 1814 Ven.,
392 1774 488 1819 quod
510 1786 593 1807 sane
610 1773 752 1818 placere
775 1781 908 1819 potest.
959 1776 1135 1820 (Ineptum
1153 1774 1244 1816 hoc;
1269 1781 1399 1819 sponte
1420 1774 1512 1807 enim
1529 1787 1592 1807 re-

68 1819 254 1866 quierunt;
285 1832 372 1862 nec,
402 1821 485 1854 dum
508 1820 591 1854 illos
620 1821 813 1862 mirantur,
846 1828 958 1855 semet
984 1821 1106 1854 mirari
1133 1828 1294 1866 possunt.
1343 1821 1446 1854 Malis
1474 1828 1593 1855 tamen

67 1870 192 1914 Atque
218 1875 364 1901 morata
385 1880 474 1903 suos
495 1875 560 1902 ete.
598 1869 721 1902 Horat.
742 1869 807 1902 Od.
826 1869 854 1910 1,
876 1866 933 1910 12,
953 1869 1005 1904 9.:
1042 1869 1218 1913 „Orphea
1243 1889 1289 1894 —
1318 1870 1405 1901 Arte
1430 1875 1592 1902 materna

66 1913 215 1959 rapidos
238 1921 495 1948 morantem
527 1915 783 1949 Fluminum
816 1915 1024 1960 lapsuS.“
1074 1918 1227 1949 Mutata
1248 1917 1414 1962 flumina
1444 1915 1591 1960 proprie

66 1961 295 2007 loquentibus
324 1961 509 2004 dicuntur,
542 1975 632 2008 quae
661 1975 681 1996 a
711 1974 775 1996 suo
806 1975 908 1996 cursu
932 1963 1166 1997 deflectuntur
1182 1963 1219 1996 in
1238 1963 1343 1996 alium
1365 1975 1523 2003 cursum;
1556 1970 1593 1996 et

67 2015 205 2043 mutare
230 2008 410 2043 fluminum
436 2022 575 2044 cursum
597 2022 720 2055 magae
748 2009 896 2043 dixerim
916 2022 1014 2052 esse,
1048 2022 1120 2043 non
1148 2016 1290 2054 poetae.
1337 2010 1457 2043 Valer.
1475 2010 1591 2044 Flaec.

68 2057 131 2098 VI,
151 2053 252 2092 44&
277 2056 439 2099 „Medea
457 2077 502 2082 —
520 2058 667 2090 Mutat
687 2069 791 2102 agros
809 2056 1100 2102 fluviumque
1120 2057 1256 2090 vias.“
1280 2057 1351 2090 vid.
1372 2057 1526 2090 Huschk.
1546 2057 1593 2090 ad

69 2103 203 2138 Tibull.
222 2105 249 2145 I,
269 2104 304 2145 2,
323 2102 380 2139 44.
430 2105 547 2146 Quare
569 2103 600 2137 si
620 2116 706 2137 sana
731 2104 790 2137 hic
815 2111 896 2137 sunt
926 2104 1061 2145 omnia,
1087 2104 1133 2137 ad
1151 2111 1319 2138 mutatam
1338 2104 1408 2138 hoc
1431 2111 1592 2137 naturam

66 1259 153 1295 mat,
172 1253 285 1298 quivis
303 1253 419 1288 videt:
445 1255 619 1297 „flumina
639 1256 693 1289 ad
718 1268 768 1289 ea
788 1268 924 1289 cursum
944 1262 1124 1290 mutarunt
1145 1263 1180 1290 et
1200 1257 1440 1302 requierunt.“

7 2183 11 2188 ,
68 2150 248 2184 fluminum
264 2151 434 2184 referam:
461 2163 608 2196 quorum
628 2164 732 2196 quum
753 2151 800 2184 sit
819 2163 969 2192 currere,
989 2159 1134 2184 mutata
1143 2151 1464 2196 flumina‘accipe:
1490 2163 1592 2197 quae,

70 2204 175 2232 exuta
192 2206 318 2232 natura
334 2210 417 2239 sua,
441 2210 583 2232 currere
603 2198 794 2231 desierunt.
828 2199 924 2242 Wr.)
967 2211 1035 2232 suo
1050 2198 1179 2231 Medic.
1203 2211 1224 2231 a
1252 2210 1296 2231 m.
1315 2210 1369 2242 pr.
1402 2198 1593 2244 liquerunt

68 2245 231 2278 nonnulli
245 2245 338 2279 Pier.
358 2252 394 2278 et
403 2245 525 2278 Heins-
546 2257 622 2279 cum
643 2245 751 2279 Goth.
769 2257 851 2287 sec.,
877 2258 920 2278 ex
937 2245 1081 2278 indocta
1099 2244 1390 2289 interpolatione.
1483 2247 1507 2281 6
1530 2247 1593 2278 In-

68 2293 296 2338 terpungitur
323 2294 379 2326 Tu
398 2294 503 2334 mihi,
531 2305 596 2326 seu
619 2299 673 2335 et,
703 2294 783 2334 Tu,
806 2293 895 2326 mihi
910 2305 994 2326 seu:
1019 2292 1115 2337 quod
1132 2292 1276 2327 Wakef.
1295 2292 1464 2338 sequitur.
1506 2292 1591 2326 Suf-

69 2338 153 2382 ficit,
174 2339 364 2385 utrobique
390 2340 480 2373 mihi
499 2351 542 2373 ex
558 2351 658 2373 more
683 2339 873 2373 abundare.
910 2341 986 2373 iam
1012 2340 1139 2387 magni
1164 2351 1322 2387 superas
1340 2352 1406 2373 seu
1427 2339 1592 2373 Parthas.

130 2437 150 2477 1
165 2435 271 2478 -5.
301 2434 452 2474 Mansit
477 2434 559 2474 hoc
576 2448 627 2473 ex
644 2434 803 2487 prisco-

68 2494 384 2534 rumhominum
403 2507 586 2532 sermone
602 2493 648 2531 in
660 2499 802 2545 pasto-

68 2552 155 2591 ritii
188 2552 375 2593 carminis
422 2551 678 2605 simplicitate
695 2582 705 2601 ,
753 2557 804 2589 ut

70 2617 214 2651 cantus
229 2611 518 2663 praestantiam
543 2610 603 2648 ita
621 2609 804 2648 declara-

69 2675 165 2708 rent
180 2675 345 2722 poetae‚
382 2674 431 2707 ut
455 2668 653 2721 pecudes,
682 2668 803 2717 feras,

72 2732 114 2764 et
136 2727 355 2766 inanimata
383 2740 429 2764 eo
457 2726 612 2765 moveri
639 2731 712 2765 aut
730 2725 804 2764 de-

70 2783 214 2824 lectari
231 2786 423 2825 dicerent.
476 2783 516 2826 4.
534 2784 721 2823 Flumina
734 2797 805 2823 re-

73 2842 266 2893 quierunt
303 2851 462 2881 mutata
509 2857 602 2880 suos
648 2857 800 2891 cursus,

72 2913 213 2951 graece
239 2914 336 2953 pro:
373 2906 533 2939 mutato
565 2914 639 2939 suo
669 2914 804 2949 cin-su,

67 2956 115 2996 h.
132 2958 160 2997 1.
176 2957 364 2997 inhibito.
383 2956 483 3011 (vid.
495 2958 542 2997 V.
552 2957 613 3012 L.)
645 2958 804 3007 Quam-

75 3029 209 3067 quam,
219 3018 455 3070 requiescere
468 3029 562 3055 cum
572 3029 668 3056 casu
677 3028 803 3068 quar-

860 2441 905 2474 to
933 2448 1241 2486 nonnumquam
1270 2435 1423 2487 iungi„
1452 2435 1593 2474 docuit

858 2493 941 2532 iam
950 2492 1125 2532 Servius.
1153 2492 1252 2531 Ciris
1267 2495 1352 2535 233
1372 2494 1461 2544 Quo
1474 2495 1592 2545 rapi-

860 2552 933 2590 dos
967 2553 1091 2589 etiam
1123 2552 1373 2604 requiescunt
1406 2549 1593 2602 flu'mina

860 2624 1009 2648 ctu-sus.
1067 2609 1257 2661 Calpurn.
1275 2609 1357 2647 Ecl.
1383 2608 1430 2658 II,
1463 2610 1515 2652 15
1534 2609 1592 2647 ita

861 2666 1075 2721 expressit:
1113 2668 1169 2705 Et
1198 2675 1353 2704 tenuere
1381 2681 1474 2704 suos
1488 2681 1592 2718 pro-

854 2727 1047 2778 perantia
1063 2726 1250 2777 flumina
1273 2739 1424 2762 cursus.
1474 2726 1592 2775 Lyn-

861 2798 933 2822 cas
962 2796 1061 2823 vero
1095 2783 1198 2822 nolis
1235 2782 1280 2821 in
1318 2782 1396 2820 tals
1417 2781 1592 2820 carmine

861 2854 946 2880 esse
973 2847 1237 2890 memoratas,
1275 2839 1387 2891 quod
1417 2839 1470 2877 ad
1489 2837 1591 2876 Siei-

860 2900 957 2939 liam
974 2899 1165 2952 pertinet.
1225 2898 1364 2936 certat
1385 2910 1477 2935 cum
1494 2895 1590 2934 Vir-

862 2958 954 3010 gilio
971 2957 1119 3010 Popius
1138 2957 1295 2994 Pastor.
1311 2954 1360 3002 11,
1381 2953 1407 2996 5
1428 2966 1485 3003 sq.

919 3018 947 3057 6
966 3036 1024 3045 -
1044 3017 1110 3057 13.
1151 3011 1287 3052 Asinio
1322 3009 1518 3059 Pollioni,
1565 3022 1589 3047 a
