1768 3320
321 234 730 286 BUCOLICA
768 234 941 287 ECL.
976 236 1118 300 VIII,
1152 242 1373 292 66-76
1515 247 1616 296 215

87 360 329 426 Frigidus
350 361 405 410 in
428 361 591 428 pratis
615 360 881 413 cantando
907 362 1178 428 rumpitur
1200 365 1397 428 anguis,

85 429 277 482 Ducite
330 431 396 481 ab
440 431 579 481 urbe
623 430 853 480 domum
870 471 883 494 ,
941 448 1065 481 mea
1120 434 1352 483 carmina
1367 475 1380 498 ,
1438 436 1614 488 ducite

428 513 431 519 ·
877 501 1166 568 Daphnim.

87 570 383 620 Ternatibi
408 570 542 621 haec
562 571 802 637 primum
822 571 1014 637 triplici
1039 571 1245 622 diversa
1270 572 1455 623 colore

84 641 225 691 Licia
244 640 522 690 circumdo
537 682 550 705 ,
587 650 781 708 terque
805 640 944 691 hanc
967 642 1144 692 altaria
1169 643 1370 692 circum

82 709 338 776 Effigiem
362 710 530 773 duco;
568 727 803 761 numero
827 711 960 761 deus
981 713 1166 779 inpare
1186 712 1397 779 gaudet.
1544 717 1613 765 75

82 782 274 832 Ducite
295 781 360 831 ab
391 782 529 832 urbe
563 781 818 845 domum,
855 799 979 831 mea
1012 784 1271 849 carmina,
1309 783 1487 835 ducite
1505 786 1613 852 =Da-

875 852 1082 919 phnim.
1507 855 1509 859 ’

959 951 991 998 7
998 952 1043 999 6.
1079 949 1326 998 DAPHNIN

151 949 234 998 72.
269 946 517 995 DAPHNIN
608 947 692 996 74.
728 959 866 1020 uAEc

126 1085 172 1129 71
199 1085 239 1119 in
258 1085 396 1131 campis
413 1083 546 1118 Zulich.
642 1085 688 1120 73
714 1085 856 1131 triplici
869 1086 1030 1132 primum
1048 1086 1157 1120 Goth.
1177 1097 1247 1120 sec.
1296 1086 1437 1133 triplici
1454 1087 1612 1121 circum—-

80 1132 173 1166 data
187 1132 263 1177 filo
278 1133 383 1166 Licia
412 1132 567 1165 Donatus
588 1138 763 1165 memorat
783 1133 828 1165 ad
852 1134 998 1167 Terent.
1019 1134 1127 1167 Andr.
1146 1135 1190 1176 V,
1210 1131 1246 1176 4,
1265 1134 1299 1169 8.
1348 1135 1495 1180 triplice
1520 1135 1555 1167 d.
1582 1147 1611 1167 c.
1682 1142 1688 1145 ⁷

78 1179 208 1213 Medic.
231 1185 268 1212 et
286 1180 426 1223 Menag.
448 1190 523 1223 pr.,
557 1178 617 1223 qui
645 1186 679 1212 et
705 1191 737 1212 v.
758 1179 826 1215 105
847 1187 882 1213 et
902 1181 970 1217 106
999 1180 1058 1214 hic
1082 1181 1226 1222 inserit3
1260 1181 1324 1214 sed
1350 1180 1609 1225 intempestive.

79 1228 142 1260 vs.
163 1227 210 1262 73
231 1238 308 1260 cum
327 1226 374 1262 75
393 1226 543 1259 insertus
562 1226 639 1258 fere
656 1225 728 1259 Ciri
748 1227 830 1262 371.
851 1228 933 1262 373.
1013 1226 1060 1264 74
1083 1237 1211 1274 terque
1230 1228 1328 1261 Ιιαησ
1344 1228 1507 1272 Longob.
1525 1227 1610 1261 Pie-

77 1273 146 1316 rii,
176 1279 216 1306 ut
241 1274 417 1307 referatur
444 1273 489 1306 ad
515 1273 683 1319 ffgiem.
732 1274 905 1306 Praetulit
933 1274 1003 1307 hoc
1024 1275 1168 1309 Wakef.
1220 1276 1372 1320 (Novum
1393 1275 1485 1317 hoc,
1512 1275 1610 1319 quod

77 1320 162 1355 licia
182 1327 514 1354 commemorantur:
547 1320 665 1364 itaque
689 1320 781 1353 haec
803 1321 910 1363 licia,
946 1333 1036 1366 quae
1056 1334 1158 1354 manu
1176 1328 1297 1362 tenet;
1332 1333 1461 1355 novum
1491 1321 1597 1355 etiam

78 1368 175 1414 quod
192 1367 328 1413 imago:
353 1367 472 1413 itaque
489 1368 586 1400 hanc
602 1366 776 1413 effigiem,
803 1379 905 1412 quam
923 1368 1008 1401 item
1030 1381 1133 1402 manu
1152 1375 1268 1409 tenet;
1294 1368 1456 1402 altarium
1472 1375 1609 1406 contra,

76 1427 151 1449 non
170 1427 264 1448 nunc
285 1415 426 1448 demum
438 1440 447 1456 ‚
473 1414 537 1447 sed
559 1426 667 1457 supra
685 1414 754 1447 iam
772 1414 869 1448 facta
888 1415 1018 1448 mentio
1047 1428 1097 1450 VS.
1117 1414 1191 1451 64.:
1217 1417 1325 1462 cinge
1344 1416 1435 1449 haec
1454 1416 1606 1449 altaria.

77 1464 196 1504 Quare
218 1463 334 1505 hanc,
359 1461 390 1494 si
409 1461 465 1495 vel
484 1461 522 1494 in
541 1461 638 1494 nullo
663 1467 821 1495 exstaret
839 1462 984 1505 codice,
1008 1463 1264 1496 restituendum
1284 1475 1302 1496 e
1322 1462 1525 1497 coniectura
1543 1462 1605 1496 fo·-

76 1516 150 1551 ret3
175 1508 248 1543 vid.
267 1511 311 1551 Q.
331 1510 376 1543 V.
394 1509 506 1551 VIIII,
527 1510 560 1544 l.
607 1509 719 1542 Hanc
740 1508 846 1542 etiam
868 1509 1016 1544 Vossius
1036 1509 1197 1544 adscivit.
1227 1510 1322 1555 Wr.)

75 1641 233 1667 morem
260 1626 349 1666 fieri
380 1626 543 1666 creditis
570 1632 642 1664 aut
668 1626 717 1664 ab
738 1626 815 1664 ali-
863 1629 952 1678 ptis
957 1627 1179 1679 faucibus,
1210 1642 1368 1680 angues
1377 1643 1393 1675 ;
1424 1627 1467 1665 in
1486 1639 1607 1678 quem

75 1700 157 1739 qua
178 1685 465 1735 similitudine,
498 1684 621 1723 modo
642 1684 813 1737 tropica,

74 1744 198 1783 modo
225 1743 456 1795 allegorica,
486 1742 635 1795 petitas
644 1756 655 1793 3
690 1743 812 1781 rebus

73 1802 251 1857 physicis
283 1802 522 1855 plerumque
560 1801 614 1839 ad
650 1800 811 1838 animo-

73 1875 167 1900 rum
188 1874 326 1899 sensus
343 1859 557 1898 traductis.
617 1861 686 1900 71.
708 1873 811 1896 can-

74 1919 198 1957 tando
218 1933 294 1971 pro
316 1916 578 1966 incantando,
605 1916 810 1955 fascinan-

75 1977 142 2016 do.
174 1976 370 2029 Frigidus
388 1989 439 2014 ex
454 1981 603 2015 natura
618 1975 810 2027 anguium

75 2035 243 2084 dictum,
262 2040 312 2073 ut
328 2048 450 2087 supra
467 2033 536 2083 ΙΙΙ,
559 2035 627 2082 93,
647 2039 689 2071 et
706 2033 809 2071 male

74 2093 151 2132 alio
171 2092 363 2131 trahitur.
392 2093 604 2142 rumpitur,
631 2091 811 2129 disrum-

71 2152 198 2204 pitur.
229 2151 430 2189 Gesnerus
443 2149 560 2187 Thes.
576 2147 617 2187 h.
635 2163 674 2188 v.
695 2148 810 2186 malit

73 2225 101 2248 a
133 2209 310 2247 nocendo
347 2207 552 2246 cohibetur
591 2219 807 2259 exponere,

74 2267 170 2320 quia
202 2267 285 2305 fere
318 2268 455 2317 rumpi
483 2265 697 2315 dicuntur,
739 2265 808 2315 qui

74 2324 364 2377 defatigantur,
397 2323 680 2362 conficiuntur.
721 2322 808 2360 Sci—

71 2383 168 2422 licet
203 2382 412 2421 insederat
451 2381 542 2421 viro
586 2380 807 2432 exquisitae

73 2441 284 2480 doctrinae
323 2439 423 2490 hoc,
464 2438 576 2491 quod
606 2438 691 2477 sisti
722 2438 806 2476 fere

71 2512 234 2552 serpens
244 2530 255 2550 ,
287 2512 334 2537 ac
350 2498 523 2537 detineri
541 2497 716 2536 carmine
735 2501 806 2534 aut

71 2563 255 2611 torpere,
284 2557 387 2596 solvi
405 2570 452 2595 ac
464 2556 613 2608 rigere,
642 2554 803 2593 dicitur.

73 2616 120 2654 cf.
151 2615 298 2654 Tibull.
317 2615 347 2665 I,
379 2617 419 2664 8,
446 2617 514 2656 20.
557 2614 707 2652 Lucan.
736 2612 803 2661 VI,

72 2672 157 2715 488
199 2680 240 2712 et
283 2673 333 2712 al.
405 2669 570 2725 δολιχήν
618 2665 804 2711 ἀνελύετ’

73 2728 265 2772 ἄκανθα-ν
287 2730 483 2785 Γηγενέος
505 2730 693 2783 σπείρης,
720 2724 804 2781 μή·

71 2803 170 2829 κυνε
204 2787 248 2829 δὲ
281 2790 408 2842 μυρία
445 2783 577 2828 κύκλα
613 2786 804 2839 Apollon.

71 2845 137 2895 IV,
158 2847 252 2888 150.
294 2846 373 2884 Sed
393 2852 434 2884 et
453 2846 626 2884 alterum
646 2858 804 2883 memo-

70 2903 155 2942 rari
187 2903 350 2942 solitum
380 2903 522 2953 fuisse,
570 2915 682 2942 nunc
717 2916 801 2940 uno

71 2960 208 3000 Ovidii
247 2961 338 2999 loco
375 2961 612 3000 docebimus
632 2959 722 2999 Am.
751 2960 803 3009 H,

75 3022 111 3068 1,
132 3018 188 3062 25
222 3019 406 3057 Carmine
425 3019 643 3067 dissiliunt,
676 3017 801 3056 abru-

871 1698 1033 1724 sensum
1080 1688 1217 1737 rumpi
1263 1691 1312 1725 ut
1352 1685 1605 1738 accipiamus,

871 1743 1016 1782 suadet
1051 1743 1245 1782 sermonis
1281 1743 1386 1783 ratio
1418 1749 1458 1781 et
1494 1755 1604 1782 usuS.

872 1799 1048 1854 (Probat
1067 1801 1148 1841 hoc
1172 1802 1293 1841 etiam
1309 1801 1474 1840 Iahnius
1494 1800 1604 1840 laud.

869 1859 1088 1899 Weichert.
1124 1860 1173 1898 de
1205 1860 1355 1899 Iarbita
1381 1859 1604 1911 Timagenis

869 1918 1129 1957 aemulatore.
1158 1932 1198 1970 p.
1223 1921 1262 1960 6.
1298 1916 1417 1971 Wr.)

926 1978 994 2017 73.
1025 1976 1130 2014 Dum
1150 1976 1252 2014 haec
1270 1976 1466 2027 loquitur,
1488 1987 1604 2026 maga

866 2032 1182 2085 imagunculam,
1223 2033 1445 2087 Daphnidis
1481 2030 1602 2086 (sane

867 2091 1112 2143 Daphnidis,
1152 2098 1200 2131 ut
1226 2105 1277 2130 ex
1296 2106 1413 2144 pron.
1437 2090 1510 2129 tibi
1534 2091 1601 2128 in-

866 2149 1082 2201 telligitur,
1125 2149 1238 2202 quod
1265 2164 1350 2189 non
1382 2153 1518 2202 potest
1548 2147 1602 2186 ad

868 2207 1013 2257 alimn,
1044 2208 1121 2246 nisi
1149 2208 1202 2246 ad.
1228 2207 1501 2261 Daphnidem,
1532 2219 1601 2244 re—

865 2265 974 2304 ferri.
1034 2266 1136 2304 Nam
1160 2266 1273 2318 quod
1306 2278 1366 2304 vs·
1395 2267 1463 2307 80.
1494 2264 1600 2302 duae

866 2331 1235 2362 commemorantur
1252 2323 1453 2375 imagines,
1473 2335 1599 2373 quum

864 2394 989 2419 unam
1006 2388 1180 2434 utraque
1190 2381 1412 2434 Daphnidis
1429 2379 1598 2431 effigiem

863 2446 1152 2490 repraesentet,
1171 2439 1274 2478 nihil
1289 2438 1471 2492 impedit,
1493 2450 1599 2489 quo-

861 2496 994 2536 minus
1010 2497 1050 2536 h.
1063 2498 1089 2536 l.
1111 2498 1303 2550 singulari
1320 2509 1488 2535 numero
1501 2501 1597 2533 uta-

860 2560 930 2593 tur
947 2562 1081 2606 poeta.
1111 2558 1183 2597 W
1176 2555 1224 2609 r.)
1257 2570 1308 2593 an
1325 2553 1513 2603 mulieris,
1532 2558 1596 2590 te-

861 2626 957 2651 nere
976 2627 1143 2665 eamque
1162 2614 1294 2652 tribus
1319 2613 1415 2662 filis,
1447 2609 1596 2649 diversi

863 2684 1024 2722 quoque
1065 2672 1231 2721 coloris,
1270 2669 1522 2709 circumdare
1555 2673 1596 2704 et

864 2729 970 2767 circa
993 2744 1105 2769 aram
1131 2736 1296 2784 portare
1320 2726 1504 2780 putanda
1523 2730 1592 2763 est.

864 2784 933 2840 (H.
967 2788 1131 2827 Vossius
1156 2801 1303 2827 novem
1330 2785 1441 2833 licia,
1476 2789 1593 2820 terna

860 2844 982 2884 unius
1004 2846 1171 2896 coloris,
1200 2843 1401 2894 intelligit,
1431 2845 1591 2878 secutus

863 2903 975 2942 Cirin
1006 2907 1124 2953 371.;
1173 2903 1244 2941 sed
1269 2901 1348 2940 hoc
1372 2910 1516 2937 vereor
1544 2902 1592 2932 ut

859 2961 1054 3000 Latinitas
1069 2962 1262 3014 patiatur.
1297 2958 1414 2995 'l'erni
1429 2968 1502 3005 pro
1515 2961 1591 2989 tres

860 3017 958 3057 Aen.
976 3020 1022 3067 V,
1052 3020 1149 3062 560.
1186 3013 1336 3067 PVclz.)
1397 3012 1463 3053 75.
1494 3010 1590 3047 deus
