1734 3320
250 188 744 251 GEORGIQON
775 183 922 241 121ss.
944 189 1022 254 Π,
1060 195 1355 245 184-195

1461 197 1563 248 427

26 319 108 371 *Et
128 316 333 373 filicem
357 316 530 368 curvis
547 315 772 367 invisam
794 314 961 382 pascit
981 317 1188 380 aratris-3

36 388 139 439 Hic
160 385 601 455 tibipraevalidas
621 385 754 436 olim
771 384 1059 451 multoque
1084 385 1301 438 fluentis

1467 394 1566 441 190

41 455 290 511 Sufficiet
307 455 519 507 Baccho
540 457 687 518 vitis;
724 454 814 505 hic
831 454 1020 505 fertilis
1043 474 1196 522 uvae,

11 552 21 561 ··
37 526 350 594 ffic<1ati5=is3
387 525 607 594 qualem
626 526 825 594 pateris
845 525 1077 578 libamus
1095 536 1150 578 et
1170 543 1317 590 aum,

38 595 261 667 Inflavit‘
279 614 453 664 quum
470 597 684 664 pinguis
708 595 846 646 ebur
864 597 1178 661 Tyrrhenus
1202 596 1270 648 ad
1289 612 1419 660 arem,

38 667 305 719 Lancibus
327 675 383 718 et
400 666 591 735 pandis
612 665 875 719 fumantia
893 666 1176 719 reddimus
1199 676 1327 719 exta.

42 738 139 789 Sin
161 742 413 792 sarmenta
427 738 595 803 magis
614 736 856 788 studium
878 737 1186 807 vitulosque
1210 737 1367 801 tueri,

1469 737 1569 788 195

89 861 160 897 189
172 861 312 907 filicem
328 872 349 894 e
375 860 480 895 codd.
504 868 539 895 et
563 860 646 894 edd.
674 859 831 894 vindicat
857 860 1035 895 Heinsius.
1083 861 1125 894 ln
1155 859 1312 908 vulgatas
1338 859 1459 894 nescio
1482 871 1569 906 quas

39 907 236 954 irrepserat
269 907 418 943 silicem.
477 907 584 950 Quod
616 920 674 941 res
700 907 780 953 ipsa
810 918 882 941 non
909 914 1116 953 respueret,
1147 920 1247 951 nam,
1287 914 1328 942 ut
1350 908 1485 941 Colum.
1520 906 1571 940 ait

38 956 111 998 111,
137 957 203 999 11,
227 955 262 998 8,
286 956 427 989 amicus
450 956 571 990 vineis
594 955 706 995 εὕρῃ
753 959 791 988 et
814 954 907 989 filice
931 955 1101 989 consitam
1123 955 1265 989 humum
1286 954 1390 988 nimis
1418 954 1571 989 ieiunam

42 1014 142 1045 esse,
175 1015 279 1049 quam
301 1008 342 1035 ut
364 1001 495 1036 vitibus
518 1002 650 1036 idonea
668 1002 714 1035 sit
727 1027 737 1043 ‚
774 1001 954 1036 iudicabat
981 1002 1154 1036 Millerus.
1201 1002 1272 1036 Sed
1283 1002 1423 1046 filicem
1437 1001 1570 1036 Plinius

41 1049 235 1084 confirmat.
273 1048 345 1083 vid.
374 1050 462 1084 Not.

41 1098 113 1133 190
135 1098 238 1131 Hinc
255 1098 347 1132 Ven.

40 1143 198 1179 Martini.

512 1048 676 1096 (felicem
703 1049 833 1082 Medic.
863 1049 935 1083 vid.
962 1051 1007 1083 V.
1034 1050 1075 1083 L.
1106 1050 1152 1083 ad
1177 1050 1244 1083 Ge.
1269 1051 1328 1092 ΙΙΙ,
1351 1051 1434 1085 297.
1472 1049 1570 1093 Wr.)

394 1096 578 1143 (fluentes
594 1095 725 1130 Medic.
755 1097 811 1131 W
806 1096 854 1141 r.)

294 1142 364 1180 192
387 1142 530 1177 libatur
562 1143 618 1176 ed.
648 1142 797 1177 Mediol.

950 1098 1017 1132 191
1043 1096 1215 1142 Sufficiat
1231 1097 1322 1131 Gud.
1353 1098 1455 1130 vites
1479 1098 1569 1142 Reg.

893 1144 963 1180 193
987 1143 1038 1177 ad
1062 1156 1179 1178 auras
1194 1144 1285 1178 Gud.
1315 1151 1351 1178 et
1369 1143 1480 1178 Goth.
1498 1156 1569 1178 sec.

42 1191 113 1228 194
131 1188 320 1225 Laneibus
338 1198 376 1224 et
395 1190 544 1238 patulis
569 1189 698 1224 Medic.
722 1203 743 1224 a
773 1202 818 1224 m.
838 1202 894 1235 pr.
926 1197 1068 1224 etnnus
1083 1191 1201 1224 Mead.
1235 1191 1319 1236 (vid.
1339 1193 1382 1233 Q.
1405 1192 1451 1225 V.
1469 1192 1570 1234 xvi,

42 1240 76 1275 1.
106 1237 213 1283 Wr.)
266 1238 676 1282 &mmo‘suspee'tus
705 1236 805 1271 locus
836 1245 927 1279 erat3
968 1238 1077 1272 modo
1107 1247 1145 1272 et
1169 1240 1315 1284 pateris
1337 1237 1570 1281 coniectabat,

41 1285 155 1320 minus
178 1283 354 1326 feliciter}
386 1284 494 1319 modo
521 1284 615 1318 vasis
632 1292 775 1319 'nomen
804 1284 918 1318 latere
942 1285 1104 1330 putabat.
1150 1285 1220 1318 Cur
1246 1286 1416 1333 pandum
1438 1292 1571 1328 tamen,

41 1332 141 1379 quod
161 1339 200 1367 et
217 1332 399 1366 incurvum
421 1338 460 1366 et
478 1331 646 1366 reflexum
672 1338 747 1374 est,
780 1331 826 1366 de
844 1332 1038 1377 paropside
1062 1339 1124 1366 aut
1138 1332 1260 1377 patina
1284 1344 1356 1366 nou
1377 1344 1491 1377 aeque
1509 1332 1571 1366 di·-

45 1386 142 1414 ctum
160 1387 320 1426 putemus
334 1405 344 1421 ‚
369 1391 411 1414 ec
439 1379 485 1413 de
511 1379 651 1421 carina,
681 1378 787 1413 navi?
820 1388 998 1414 oneratas
1017 1380 1145 1414 lances
1159 1379 1248 1414 dixit
1264 1383 1352 1414 Aen.
1374 1381 1468 1424 VIII,
1486 1379 1569 1417 284.

40 1427 132 1470 ΧΠ,
155 1425 238 1463 215.

41 1523 150 1572 mili,
188 1522 327 1576 pingui
363 1529 405 1561 et
439 1521 638 1575 uliginoso
671 1522 780 1573 satis,

42 1581 143 1620 alios
175 1580 226 1620 de
258 1579 427 1620 collibus
456 1580 592 1632 loqui,
634 1586 783 1620 tenen-

43 1639 145 1679 dum
174 1644 246 1678 est.
316 1641 413 1682 189.
452 1639 555 1678 Plin.
578 1639 706 1690 XVII,
738 1637 780 1689 4,

42 1712 75 1737 s.
94 1700 121 1740 3
156 1699 202 1738 V
197 1697 359 1750 &gilius
374 1705 413 1736 et
430 1712 536 1750 quae
541 1696 704 1746 filicem
701 1696 781 1749 fi—

42 1764 131 1805 rat,
163 1767 248 1794 non
262 1754 465 1807 improbat
487 1754 647 1794 vitibus.
707 1755 781 1794 Est

42 1816 233 1853 nostrum
278 1813 512 1853 Famkraut
531 1844 542 1863 ‚
579 1813 774 1866 fougere.

42 1868 183 1912 Pteria
204 1871 425 1923 aquilinam
438 1871 554 1910 Linn.
568 1884 667 1921 esse,
682 1884 780 1911 cen-

44 1929 160 1969 sebat
195 1928 407 1969 Schreber.
437 1929 492 1968 ad
520 1927 692 1969 Theocr.
718 1929 780 1969 Id.

44 1987 122 2039 III,
149 1987 216 2030 14.
255 1990 391 2027 invisa
424 1990 572 2026 aruh-is
610 1994 780 2041 propter

44 2046 241 2099 implexas
261 2045 371 2085 inter
388 2059 430 2084 se
451 2052 493 2084 et
510 2046 592 2084 late
612 2059 780 2099 serpen-

43 2110 117 2143 tes
137 2103 314 2154 radices,
353 2103 593 2155 easdemque
629 2104 780 2143 exstir-

45 2168 147 2216 patu
163 2162 364 2211 difficiles,
395 2157 651 2214 πολύῤῥιζος.

106 2217 368 2262 190—194.
398 2219 526 2258 Valde
557 2226 701 2258 ornate
719 2220 782 2258 ef-

46 2279 128 2318 fert
146 2276 273 2317 illud:
299 2278 691 2330 praestantissimum
716 2278 783 2317 vi-

47 2349 149 2376 uum
170 2336 217 2375 in
236 2329 309 2374 t'ali
324 2335 410 2374 solo
427 2336 550 2375 nasci.
571 2338 730 2388 pateris
747 2344 784 2374 et

44 2400 314 2436 euronotum
339 2400 421 2443 est,
451 2395 505 2433 ad
535 2407 658 2446 quam
674 2394 783 2446 figu-

47 2466 137 2492 ram
154 2452 283 2491 soleat
311 2452 468 2491 referri.
525 2452 628 2492 Mihi
644 2460 784 2491 tamen

47 2510 94 2550 id
117 2510 487 2550 Grammaticorum
509 2517 784 2550 commentum

47 2567 170 2608 valde
190 2569 371 2608 ieiunum
390 2568 570 2608 videtur.
623 2570 784 2608 Scilicet

48 2632 173 2681 poeta
191 2641 339 2665 aurum
355 2627 590 2680 simpliciter
605 2641 681 2680 pro
692 2642 783 2679 pa-

51 2693 137 2723 tem
162 2699 289 2723 aurea
318 2685 453 2724 dicere
479 2692 636 2739 potest3
666 2699 780 2739 saepe

49 2741 131 2782 1100
154 2756 239 2781 11110
271 2750 486 2782 contentus
525 2750 610 2794 est;
648 2745 782 2783 inter-

31 2800 173 2850 ·dum,
201 2806 252 2839 ut
278 2799 320 2839 h.
337 2801 377 2851 l.‚
396 2801 477 2840 1100
498 2802 631 2855 ipsum
649 2803 781 2855 expli-

52 2858 184 2897 cative
210 2857 399 2910 adponit,
439 2873 532 2898 cum
558 2861 782 2912 generalio-

50 2930 139 2957 rem
181 2929 326 2954 vocem
358 2916 538 2969 primum
569 2919 781 2970 posuisset.

52 2973 244 3014 Similiter
270 2987 335 3012 res
366 2987 450 3012 sese
475 2974 602 3014 habet
626 2976 670 3015 in
697 2977 782 3016 aliis

320 1427 389 1463 195
414 1427 578 1460 studium
595 1435 651 1461 est
670 1439 707 1460 v.
729 1438 817 1460 unus
834 1426 954 1461 Mead.

839 1523 1045 1577 exemplis.
1089 1525 1185 1566 193.
1205 1523 1428 1564 'tibicinem
1442 1522 1571 1563 Etru-

837 1595 952 1620 scum
969 1581 1173 1620 sacrificiis
1191 1581 1422 1621 adhibitum
1438 1581 1570 1630 fuisse,

836 1640 904 1679 vel
920 1653 972 1678 ex
988 1639 1103 1679 Livio
1126 1645 1273 1679 notum
1301 1646 1374 1679 est.
1396 1641 1572 1692 piszguis

834 1698 879 1737 in
897 1697 1122 1737 ludibrium
1149 1697 1280 1750 gentis
1311 1697 1468 1737 dictum
1489 1709 1573 1736 esse

835 1755 1015 1796 videtur.
1071 1756 1217 1808 Catull.
1258 1755 1478 1805 XXXVII,
1517 1758 1567 1797 11

836 1815 923 1853 „Aut
943 1822 1095 1865 pastu-s
1138 1814 1289 1853 Umber
1322 1822 1397 1853 aut
1432 1813 1572 1852 obesus

837 1874 1046 1911 Emmaus.
1107 1871 1211 1911 Nam
1245 1872 1300 1911 ad
1326 1873 1477 1912 buccas
1503 1871 1571 1910 in-

835 1931 957 1970 flatas
991 1930 1144 1970 referre
1178 1931 1315 1971 nolim.
1373 1930 1574 1970 Habitum

837 1989 1019 2041 corporis
1047 2002 1101 2028 ex
1132 1988 1313 2028 adsiduis
1352 1988 1573 2028 sacrificio-

835 2061 931 2086 rum
959 2047 1106 2099 epulis,
1143 2048 1291 2099 quibus
1320 2047 1573 2086 adhibeban-

836 2112 908 2144 tur
924 2105 1119 2154 tibicines,
1150 2105 1336 2157 exprimi,
1366 2120 1452 2144 non
1469 2105 1573 2144 male

838 2164 1002 2202 Servius
1033 2163 1233 2202 censebat.
1264 2162 1361 2202 ebur
1386 2170 1448 2203 est
1473 2163 1574 2203 tibia

839 2234 892 2259 ex
911 2221 1044 2260 ebore.
1065 2221 1271 2260 reddimus
1285 2237 1297 2259 :
1323 2221 1480 2271 damus,
1497 2221 1573 2260 diis

840 2279 1057 2318 offerimus.
1129 2281 1349 2319 Sacrorum
1388 2280 1574 2319 vocabu-

838 2338 927 2376 lum
954 2350 1058 2387 esse‚
1098 2338 1220 2377 etiam
1245 2338 1410 2378 Servius
1438 2344 1572 2379 notat.

841 2394 940 2436 Aen.
959 2395 1052 2444 XII,
1070 2396 1155 2439 215
1178 2398 1334 2435 viscera
1349 2398 1455 2435 vivis
1474 2398 1574 2434 En·-

834 2456 970 2506 pium,
984 2454 1271 2508 cumulantque
1286 2456 1460 2493 oneratis
1477 2455 1574 2493 lan-

838 2512 952 2551 cibus
970 2526 1079 2550 aras.

901 2570 1158 2613 195-202,
1188 2569 1440 2610 Observetur
1453 2584 1575 2623 prae-

840 2634 1055 2681 ceptorum
1083 2628 1127 2666 in
1152 2627 1217 2666 his
1241 2628 1384 2667 formis
1398 2629 1573 2668 variafio

840 2693 883 2725 et
900 2686 1095 2725 orationis
1113 2686 1241 2739 copia.
1270 2689 1399 2739 Agros
1417 2687 1575 2725 saltuo-

838 2759 902 2784 sos
930 2751 971 2784 et
1006 2745 1180 2797 irriguos
1206 2745 1365 2797 pascuis
1405 2745 1573 2783 idoneos

845 2817 929 2843 esse
953 2809 1103 2842 monet.
1160 2803 1355 2856 Exempla
1387 2817 1497 2842 nunc
1528 2802 1573 2840 in

837 2861 971 2914 ipsum
978 2867 1241 2914 praeceptum
1256 2861 1473 2900 convertit.
1491 2869 1574 2898 tue-

837 2922 895 2969 ri,
929 2926 980 2958 ut
1002 2932 1187 2969 servare,
1237 2933 1285 2958 eo
1313 2932 1452 2967 sensu,
1492 2931 1573 2969 quo

839 2983 901 3016 est
917 2978 1091 3027 nutrire,
1122 2978 1228 3016 alere
1240 3007 1251 3027 ,
1281 2976 1419 3027 itaque
1437 2980 1480 3014 et
1497 2989 1573 3028 pa-
