1734 3320
165 227 268 279 458
503 227 560 278 P.
594 226 948 279 VIRGILII
990 225 1366 278 MARONIS

163 356 271 405 Aut
293 368 489 420 presso
517 369 767 404 exercere
792 352 971 403 solum
995 353 1093 403 sub
1118 369 1344 404 vomere
1359 395 1372 419 ,
1411 361 1468 404 et
1487 353 1604 420 ipsa

162 422 416 474 Flectere
437 422 685 473 luctantis
707 424 850 474 inter
870 424 1048 474 vineta
1067 424 1348 486 iuvencos;

165 496 311 544 Tum
336 493 469 544 levis
494 493 727 544 calamos
753 503 806 544 et
829 510 978 544 rasae
1002 494 1207 545 hastilia
1229 495 1406 559 virgae

160 564 562 631 Fraxiiaeasque
585 573 764 632 aptare
790 564 950 614 sudes
973 562 1260 632 furcasque
1282 563 1527 627 valentiS,
1624 601 1627 604 .

161 634 386 688 Viribus
411 635 540 685 eniti
568 652 820 702 quarum,
852 643 913 701 *et
937 643 1291 685 contemnere
1314 643 1505 684 ventos
1599 632 1701 685 360

161 704 530 769 Adsuescant,
568 721 916 772 summasque
944 705 1097 771 sequi
1124 704 1356 755 tabulata
1384 721 1484 771 per
1508 702 1700 754 ulmos,

202 812 205 815 -
232 778 342 840 Ae„
390 774 526 825 dum
556 776 731 842 prima
764 775 917 825 novis
946 774 1205 825 adolescit
1229 773 1517 824 frondibus
1544 782 1700 842 aeta5‚

233 871 358 921 357.
393 882 673 920 IUVENCOS.
763 870 880 922 359.
917 883 1229 928 FURcAsQUE
1252 882 1526 919 mconms:

218 997 290 1033 356
313 1010 402 1030 cum
416 1009 561 1031 vomere
583 997 691 1031 Goth.
711 1009 788 1042 pr.;
825 1003 862 1031 et
883 996 935 1031 sic
962 997 1042 1031 edd.
1062 1002 1150 1031 vett.
1217 997 1287 1043 (-—-·
1310 997 1393 1034 357.
1418 997 1606 1031 luctantes
1618 998 1701 1031 Me·-

162 1043 231 1078 dic.
262 1043 365 1088 Wr.)
457 1045 527 1080 ’358
552 1045 719 1079 cumulos
745 1045 835 1079 Ven.
929 1045 1000 1081 359
1025 1057 1096 1091 que
1119 1050 1202 1078 ante
1232 1053 1364 1092 aptare
1385 1044 1488 1078 abest
1516 1045 1554 1081 in
1573 1045 1699 1090 fragm.

160 1093 290 1125 Moret.
319 1097 364 1125 «st
389 1092 478 1137 Reg.
516 1091 672 1126 Martini.
728 1091 855 1126 trabes
878 1103 945 1137 pro
985 1093 1099 1125 ,sudes
1124 1092 1248 1126 Franc.
1297 1090 1507 1139 furcasque
1530 1092 1701 1126 valentes

160 1137 290 1172 Medic.
310 1139 408 1173 Gud.
431 1146 467 1172 et
488 1139 533 1172 ad
552 1139 732 1172 minimum
752 1151 814 1173 sex
834 1138 895 1172 alii
914 1139 1009 1184 apud
1023 1138 1158 1182 Heius„
1188 1139 1257 1173 duo
1275 1138 1370 1183 apud
1389 1138 1541 1182 Martin„
1567 1145 1603 1172 et
1620 1140 1700 1173 Ro-

160 1198 281 1220 manus
300 1198 386 1220 cum
413 1186 548 1232 aliquot
578 1186 657 1221 aliis
683 1187 778 1231 apud
796 1185 960 1220 Pierium.
997 1188 1047 1233 (et
1063 1187 1097 1221 2.
1113 1187 1147 1222 3.
1171 1187 1204 1222 8.
1227 1198 1284 1231 ap.
1301 1186 1450 1221 Pottier.
1481 1186 1576 1231 Wr.)
1624 1186 1699 1219 Mi-

159 1233 250 1267 reris
269 1233 304 1266 in
317 1234 550 1268 constantiam
567 1234 753 1268 doctorum
770 1233 926 1267 virorum
938 1260 948 1277 ,
975 1234 1034 1279 qui
1048 1240 1262 1267 vetustatem
1293 1245 1334 1267 ac
1353 1245 1562 1268 consensum
1582 1233 1699 1268 libro-

159 1293 236 1316 rum
256 1281 371 1315 modo
395 1281 490 1314 omni
508 1281 636 1315 ratio'ni
654 1280 798 1315 criticae
817 1281 1040 1324 anteferunt,
1076 1281 1183 1314 modo
1202 1280 1259 1315 vel
1276 1280 1416 1318 leviori
1431 1293 1574 1315 caussae
1591 1287 1699 1327 post—

159 1335 315 1373 ponunt..
365 1328 434 1363 Hic
450 1329 623 1362 valentes
637 1328 735 1362 haud
750 1328 857 1362 dubie
876 1330 1026 1362 maxima
1046 1327 1156 1361 habet
1175 1327 1354 1373 praesidia
1366 1354 1376 1370 ‚
1402 1326 1569 1363 bicornes
1588 1328 1700 1362 solam

157 1375 340 1409 rationein
358 1375 596 1421 exquisitioris
615 1388 708 1410 usus.
757 1375 934 1421 Reposuit
952 1387 1092 1422 quoque
1108 1375 1279 1409 valentes
1295 1375 1445 1409 Brunck.
1483 1375 1581 1421 (item
1597 1377 1699 1411 Vos-

160 1421 231 1457 sius
252 1436 292 1457 ac
315 1423 486 1464 Iahniu83
510 1431 624 1457 recte:
653 1423 814 1457 bicornis
835 1435 877 1457 ex
898 1424 962 1457 Ge.
989 1425 1016 1466 1,
1041 1421 1123 1459 264.
1142 1421 1344 1467 repetitum.
1398 1424 1436 1457 V
1431 1423 1571 1457 alemis
1580 1449 1598 1465 ,,
1625 1434 1699 1457 nou

160 1494 170 1504 .
183 1495 193 1504 .
204 1479 260 1504 tes
277 1471 415 1505 Medic.
444 1473 502 1506 W
495 1471 541 1516 r.)
624 1471 694 1507 361
720 1471 960 1505 Adsuescunt
974 1469 1143 1504 Rottend.
1162 1476 1245 1504 tert.
1285 1462 1626 1504 AdsuescalGotli.
1642 1481 1697 1515 pr.

160 1516 357 1562 (tabulicia
382 1518 513 1552 Medic.
552 1518 649 1562 Wr.)
744 1518 815 1554 362
840 1521 889 1551 Et
918 1518 1005 1552 dum
1030 1516 1195 1551 Parrhas.
1243 1519 1299 1553 Ac
1325 1529 1406 1551 cum
1423 1517 1525 1552 Leid.
1543 1529 1599 1564 pr.
1646 1520 1700 1553 Ac

159 1565 270 1599 Goth.
287 1577 352 1610 ptr.
401 1566 591 1600 adolescet
609 1566 704 1600 idem
721 1577 798 1599 cum
817 1565 931 1599 tribus
952 1571 989 1599 et
1004 1565 1078 1599 Erf.

158 1671 368 1711 lantibus:
402 1672 558 1712 Colum.
575 1673 643 1723 IV,
657 1673 697 1723 5,
710 1676 750 1716 2.
762 1675 801 1715 3.
816 1670 904 1726 (sed
961 1671 1015 1710 lia
1055 1668 1176 1724 (conf.
1211 1672 1365 1724 Spenee
1392 1671 1590 1724 Polymet.
1607 1685 1696 1724 pag.

156 1730 243 1770 vid.
265 1730 321 1770 V.
338 1731 381 1769 L.
406 1732 477 1771 JV
471 1730 526 1786 r.)
559 1733 711 1770 iactare
729 1731 904 1769 bidentes
961 1728 1079 1784 253),
1089 1730 1197 1768 inter
1213 1729 1366 1768 medios
1379 1729 1527 1769 vitium
1539 1735 1611 1770 aut
1625 1730 1697 1770 oli-

157 1788 279 1828 fossio
289 1802 384 1828 nem
409 1789 602 1842 exprimit
635 1789 781 1828 adacto
800 1789 904 1841 ligo-

156 1860 221 1886 ne.
252 1847 416 1886 C‘olum.
434 1847 502 1898 IV,
525 1848 590 1897 14,
615 1850 636 1889 1
673 1849 907 1900 Insequitur

157 1905 310 1944 deinde
330 1905 503 1957 fossor,
555 1907 628 1958 qui
655 1906 807 1944 crebris
836 1905 902 1944 bi-

160 1963 358 2003 denti'bus
386 1964 613 2016 aequaliter
648 1973 686 2003 et
713 1966 902 2003 minutim

157 2022 236 2061 soli
252 2031 376 2074 terga
396 2030 613 2061 convertat.

215 2080 321 2123 356.
351 2080 506 2119 Colum.
522 2080 587 2130 ΙΙΙ,
603 2083 656 2122 13
685 2080 773 2119 Aut
791 2094 902 2119 scro-

157 2138 278 2177 bibus·
301 2147 378 2177 aut
400 2140 524 2178 sulcis
552 2140 695 2178 vineae
713 2140 901 2190 plemm—

159 2212 234 2251 que
273 2205 557 2248 conserantur,
582 2218 641 2227 —
669 2198 736 2237 vel
764 2205 900 2235 aratro

157 2256 226 2296 vel
251 2254 412 2294 bidente
442 2257 632 2294 insistant
646 2278 706 2285 —
724 2263 769 2293 ut
793 2270 900 2293 more

157 2315 376 2354 novalium
411 2322 516 2352 terra
557 2315 792 2353 transversis
819 2313 900 2352 ad—

158 2374 365 2425 versisque
417 2372 541 2410 sulci-s·
596 2371 896 2424 proscindatur.

159 2431 216 2471 Id
255 2444 389 2482 genas
428 2431 554 2469 vineti
595 2444 676 2468 non
715 2430 902 2467 conducit

159 2489 372 2540 agricolae
399 2518 410 2538 ,
452 2490 535 2526 nisi
578 2487 648 2525 ubi
680 2489 899 2526 laetissimo

159 2547 248 2585 solo
267 2548 363 2586 vitis
384 2547 525 2597 amplo
546 2548 784 2584 incremento
801 2560 899 2583 con-

159 2606 305 2656 surgit.
337 2605 385 2642 cf.
413 2604 512 2643 Plin.
540 2604 676 2654 XVII,
699 2607 769 2654 22,
796 2609 893 2642 sect.

161 2662 234 2714 35,
255 2665 312 2705 22
335 2662 604 2705 Intervallum
616 2664 767 2700 ins-lam
778 2661 899 2700 arbo-

160 2735 279 2771 rum,
312 2722 351 2759 si
364 2728 500 2758 aretur
528 2720 680 2769 solnm,
713 2721 800 2758 XL
815 2734 898 2770 pe·—

160 2779 262 2818 dnm
293 2791 377 2831 sqq.
402 2799 459 2807 -—
489 2778 585 2819 357.
624 2780 727 2815 inter
742 2779 893 2826 vineta,

160 2843 211 2877 ut
241 2843 382 2877 aretur
408 2836 516 2874 inter
547 2834 695 2874 vitium
723 2834 896 2884 ordines,

160 2901 212 2936 ut
244 2896 406 2936 inversa
445 2899 580 2933 aratro
614 2899 727 2932 terra
761 2892 898 2945 glebae

160 2954 369 3006 utrimque
389 2966 531 2994 versus
550 2951 656 2992 vites
676 2951 897 3004 insurgant.

162 3012 265 3053 Nam
288 3012 405 3064 olim,
435 3017 484 3051 ut
502 3010 724 3050 etiamnum
744 3009 788 3049 in
810 3009 898 3049 lta-

960 1802 1105 1828 varum
1126 1788 1308 1839 ordines,
1350 1788 1436 1840 agri
1459 1788 1695 1828 arabantur.

1020 1847 1280 1889 358—361.
1321 1846 1377 1884 De
1392 1847 1614 1897 pedatione
1629 1848 1696 1895 ui-

962 1905 1065 1942 tium
1093 1910 1134 1942 et
1148 1906 1357 1956 ingutione
1379 1903 1436 1944 ad.
1455 1904 1579 1954 vites,
1610 1918 1696 1944 non

958 1963 1170 2001 maritatas
1213 1962 1450 2013 arboribus,
1490 1962 1696 2009 sustinen-

960 2020 1031 2059 das
1053 2021 1147 2074 palo
1168 2027 1240 2060 aut
1264 2021 1378 2073 iugo,
1409 2027 1481 2060 aut
1497 2021 1585 2060 aliis
1602 2035 1695 2061 mo-

960 2079 1034 2118 dis.
1065 2080 1170 2119 conf.
1196 2078 1351 2119 Colum.
1383 2079 1457 2130 IV,
1489 2082 1559 2131 12.Δ
1592 2078 1693 2123 Elin.

958 2138 1086 2188 XVII,
1112 2141 1180 2188 22,
1212 2152 1242 2177 ε.
1272 2138 1340 2188 35,
1370 2140 1436 2180 19.
1496 2139 1595 2180 361.
1616 2135 1694 2188 ,ἑα-

959 2196 1101 2235 balam
1121 2197 1165 2235 in
1182 2196 1311 2236 vineis
1330 2202 1427 2235 sunt
1440 2195 1601 2235 ordines
1621 2210 1692 2235 ra-

957 2268 1121 2294 morum
1146 2255 1190 2294 in
1218 2254 1451 2304 arboribus,
1485 2253 1605 2293 ulmis
1625 2254 1693 2294 in-

956 2313 1097 2366 primis
1116 2343 1128 2364 ,
1176 2312 1496 2366 prominentium
1515 2342 1526 2362 ,
1589 2326 1691 2365 quos

957 2372 1093 2410 recisis
1121 2371 1228 2422 aliis,
1268 2371 1327 2411 ita
1360 2371 1402 2409 in
1437 2370 1559 2424 plana
1597 2376 1692 2421 ten-

959 2429 1083 2480 dunt,
1121 2435 1172 2469 ut
1203 2428 1366 2469 Servius
1398 2429 1477 2479 ait,
1518 2428 1692 2468 dilatant

958 2501 1006 2526 ac
1022 2502 1097 2541 per
1120 2487 1270 2541 gradus
1292 2487 1515 2526 deflectunt
1534 2487 1691 2539 agrico-

956 2546 1019 2584 lae
1039 2577 1050 2596 ,
1106 2552 1154 2585 ut
1208 2544 1456 2585 robustiores
1504 2545 1690 2597 palmites

956 2618 1086 2643 unum
1114 2611 1207 2657 post
1235 2604 1409 2642 alterum
1437 2615 1598 2642 ramum
1623 2609 1689 2642 at-

955 2662 1110 2714 tingere
1150 2662 1279 2713 iisque
1308 2674 1391 2699 sese
1423 2661 1623 2714 applicare
1647 2668 1689 2700 et

956 2733 997 2758 se
1028 2720 1186 2759 elevare
1212 2725 1407 2771 tanquam
1442 2733 1516 2773 per
1536 2718 1687 2772 gradus

954 2778 1122 2830 possint.
1189 2777 1319 2816 Locus
1357 2784 1416 2816 est
1457 2778 1570 2830 apud
1605 2778 1687 2817 Co-

954 2836 1052 2875 lum.
1075 2835 1122 2885 V,
1149 2839 1187 2886 6,
1213 2839 1278 2877 11.
1299 2838 1363 2878 12.
1383 2838 1451 2878 23.
1471 2835 1539 2878 24.

1013 2896 1098 2936 362
1116 2917 1173 2923 -—
1194 2896 1290 2936 370.
1331 2896 1591 2932 Putationem
1615 2908 1686 2934 seu

946 2954 1302 3004 pampinationem
1333 2951 1377 2991 in
1403 2966 1512 2992 nova
1538 2953 1686 2992 fronde

954 3010 1074 3063 plane
1095 3010 1250 3050 nullam
1261 3040 1274 3062 ,
1302 3010 1347 3049 in
1363 3016 1505 3051 tenero
1520 3011 1684 3065 palmite
