1768 3320
339 228 961 294 BVUcoLJGA‘ECL.
997 232 1112 296 Vn,
1146 238 1374 287 20—30

1519 247 1618 295 193

92 353 348 406 Versibus
368 353 459 403 ille
478 351 631 417 facit3
669 363 784 419 aut,
811 357 1000 426 sinon
1023 374 1311 424 possumus
1331 377 1537 431 omnes,

90 424 190 474 Hic
213 432 395 489 arguta
415 440 560 474 sacra
580 424 844 492 pendebit
864 424 1043 476 fistula
1062 428 1209 494 pinu.

91 509 138 546 Τ.
173 497 447 560 PastoreS‚
486 494 650 545 edera
670 505 984 546 nascentem
1007 507 1196 548 ornate
1218 509 1455 567 poetam,

1549 510 1618 559 25

89 563 328 615 Arcades
342 605 356 629 ‚
394 564 592 615 invidia
615 575 938 633 rumpantur
955 575 1016 617 ut
1037 567 1122 617 ilia
1149 569 1361 631 Codr03

89 636 225 699 Aut,
262 635 306 684 si
325 633 463 684 ultra
483 634 739 702 placitum
759 636 1013 701 laudarit,
1049 637 1271 689 baccare
1299 638 1541 692 frontem

92 704 326 770 cingite,
362 720 434 754 ne
460 706 563 754 vati
583 716 778 756 noceat
799 706 941 756 mala
962 706 1141 772 lingua
1157 707 1356 762 futuro,

96 814 98 816 .
154 778 207 827 c,
246 775 452 825 Saetosi
474 785 632 842 caput
650 775 758 827 hoc
782 777 894 844 apri
914 777 1038 843 tibi,
1074 777 1250 860 Delia,
1285 798 1479 847 parvus

87 845 157 897 Et
174 860 387 895 ramosa
405 845 590 896 Micon
607 846 799 897 vivacis
820 864 1021 898 cornua
1041 864 1196 901 cervi.

156 940 240 992 25.
275 953 452 1017 unm
472 954 815 990 eusci-:nrum

134 1067 185 1106 24
206 1068 280 1102 His
299 1081 326 1103 a
341 1070 431 1105 Ven.

1550 858 1618 904 30

469 1068 661 1117 pendebat
679 1071 786 1104 Voss.
814 1083 868 1116 pr.
908 1082 1046 1117 quercu
1069 1071 1205 1105 Zulich.
1235 1084 1256 1105 a
1280 1085 1324 1105 m.
1347 1084 1401 1118 pr.
1423 1084 1490 1118 pro
1509 1074 1618 1121 pinu.

82 1117 178 1165 pino
196 1115 288 1165 Gud.
306 1128 375 1161 pro
401 1115 472 1150 div.
489 1116 572 1150 lect.
584 1142 594 1158 ,
619 1124 657 1151 ut
674 1117 748 1152 Ecl.
766 1119 862 1160 VIII,
886 1118 946 1154 22.
1016 1118 1063 1154 25
1088 1127 1299 1153 nascentem
1319 1119 1448 1153 Medic.
1466 1133 1487 1154 a
1503 1133 1548 1154 m.
1563 1133 1617 1167 pr.

89 1175 167 1198 cum
182 1162 361 1197 nonnullis
380 1163 459 1197 aliis
477 1175 533 1208 ap.
550 1162 657 1206 Piera,
675 1165 798 1198 Heius.
818 1173 853 1198 et
873 1166 988 1198 Burm.
999 1191 1008 1206 ,
1032 1166 1127 1199 forte
1145 1179 1187 1199 ex
1206 1165 1504 1211 interpretatione
1524 1167 1619 1201 alte-

86 1210 173 1253 rius,
196 1210 293 1256 quod
307 1210 420 1245 minus
441 1210 591 1244 obvium.
618 1212 856 1256 (Nus-centem
877 1218 931 1245 est
949 1212 1050 1256 prior
1060 1213 1214 1247 Medicei
1233 1213 1360 1254 lectio;
1387 1214 1482 1258 quod
1498 1215 1620 1259 quanti

87 1257 135 1292 sit
152 1257 343 1300 momenti,
374 1257 411 1291 in
428 1257 654 1292 Praefatione
676 1260 872 1304 expositum
900 1259 1057 1300 videbis;
1092 1260 1143 1293 sic
1165 1260 1271 1294 etiam
1297 1260 1619 1306 praestantissimae

87 1304 200 1340 servii
216 1304 401 1339 Editiones
422 1317 498 1338 cum
516 1308 613 1339 Serv.
634 1306 760 1340 Dresd.
808 1307 854 1340 Et
872 1306 999 1340 rectius
1021 1316 1244 1340 crescentem
1266 1319 1308 1340 ex
1326 1307 1618 1353 interpretatione

88 1359 204 1386 ortum
231 1351 460 1386 existimabis.
518 1353 609 1386 Tum
638 1363 850 1387 nascentem
882 1360 919 1386 et
947 1354 1081 1399 optime
1111 1354 1305 1400 respondet
1334 1354 1426 1388 vati
1461 1356 1617 1390 futuro

85 1411 139 1454 ys.
158 1400 229 1441 28„
254 1406 292 1432 et
309 1399 421 1433 maius
445 1399 515 1433 hoc
536 1406 602 1441 est,
627 1401 723 1445 quod
749 1401 806 1434 vel
827 1412 1020 1434 nascens
1042 1409 1150 1446 poeta
1172 1408 1304 1435 tantam
1325 1401 1434 1434 Codri
1450 1402 1619 1437 iuvidiam

85 1458 124 1480 m
141 1459 181 1480 se
203 1454 410 1480 convertere
430 1446 600 1491 potuerit.
631 1446 727 1490 Wr.)

833 1450 881 1484 26
906 1447 1018 1482 Codri
1032 1449 1163 1481 Moret.
1186 1460 1256 1482 sec.
1279 1454 1315 1481 et
1335 1449 1426 1482 Gud.
1443 1462 1463 1482 a
1479 1462 1523 1483 m.
1546 1462 1617 1484 sec.

85 1494 135 1530 27
154 1493 344 1542 placidum
356 1494 519 1538 Longob.
540 1493 631 1527 Pier.
651 1502 686 1528 et
699 1495 807 1528 Goth.
826 1507 880 1541 pr.

951 1495 999 1530 28
1023 1507 1071 1528 ne
1076 1507 1199 1542 puero
1218 1504 1377 1529 noceant
1389 1497 1488 1530 mala
1507 1498 1619 1544 signa

87 1540 273 1575 Glossator
283 1540 418 1575 Barthii
434 1541 523 1575 Adv.
543 1542 602 1582 37,
623 1542 658 1577 5.
685 1541 825 1588 futuro
844 1542 879 1575 in
899 1543 1002 1575 Voss.
1020 1541 1137 1575 altero
1160 1542 1203 1575 ab
1224 1542 1345 1575 eadem
1366 1555 1468 1576 manu
1485 1556 1618 1589 super—

86 1588 256 1635 scriptum
275 1600 444 1622 susurro.

516 1589 563 1624 29
582 1590 733 1622 Saetosi
748 1589 958 1634 scripturam
970 1590 1084 1621 Burm.
1104 1601 1122 1622 e
1141 1588 1243 1622 libris
1263 1589 1471 1623 emendavit.
1497 1592 1621 1625 Setosi

84 1635 202 1680 vulgo.
228 1635 376 1679 (Fuisse,
396 1634 455 1681 qui
474 1637 580 1683 capri
591 1635 765 1680 legerent,
784 1648 827 1669 ex
839 1635 960 1670 Servio
980 1635 1137 1669 discitur.
1163 1635 1268 1677 Quod
1286 1648 1328 1669 ex
1344 1647 1386 1669 eo
1400 1644 1514 1671 ortum
1527 1650 1616 1680 esse,

86 1682 184 1728 quod
211 1681 371 1724 librarii,
403 1681 459 1715 vel
480 1682 717 1727 grammatici,
751 1690 865 1716 metro
892 1689 1111 1723 metuentes,
1143 1683 1233 1716 hoec
1250 1683 1383 1728 requiri
1404 1684 1617 1727 putaverint,

83 1729 219 1775 probat
236 1729 396 1765 Vossius.
436 1732 494 1764 W
488 1730 535 1774 r.)

83 1837 267 1891 plerique
275 1837 496 1891 Vergilium
521 1837 737 1890 accipiunt,
757 1837 823 1876 alii

85 1895 359 1946 Cornificium,
386 1896 571 1935 nonnulli
590 1895 823 1935 Helvium.⁴‘

84 1954 271 2007 Valgium
281 1954 404 1993 Codri
414 1961 559 2006 poetae
574 1955 822 1993 mentionem

83 2012 128 2052 in
156 2012 240 2052 suis
265 2013 510 2052 carminibus
538 2013 675 2051 secisse
690 2043 699 2061 ,
730 2018 821 2051 tra-

85 2070 192 2110 dtmt
219 2071 360 2109 eadem
390 2069 551 2110 Scholia
577 2077 618 2109 et
644 2071 819 2110 Servius.

91 2131 162 2169 W
154 2127 211 2184 r.)
257 2132 327 2171 23.
349 2138 434 2179 aut,
455 2131 493 2167 si
507 2143 588 2167 non
601 2143 820 2179 possumus

85 2200 245 2225 omnes.-
284 2200 427 2226 versus
455 2187 585 2225 facere
611 2187 821 2239 proximos

87 2244 162 2298 (ita
181 2257 272 2298 exp.
296 2242 344 2287 vo*
362 2246 557 2296 proxima
570 2275 582 2294 ,
627 2251 821 2283 neutrum

85 2302 269 2342 absolute
314 2301 519 2357 positum)
562 2303 636 2357 (ut
678 2316 819 2355 supra:

84 2362 216 2413 *Di-ste
238 2362 363 2413 lupus
380 2360 562 2409 stabulis,
593 2366 653 2398 et:
683 2362 821 2399 Dulce

85 2420 188 2458 satis
205 2418 361 2458 humor.
398 2419 586 2459 ceterum
606 2418 690 2457 vid.
715 2418 820 2457 Doe-

84 2476 187 2529 ring.
209 2477 263 2516 ad
283 2477 427 2516 catull.
452 2477 496 2526 L,
517 2480 556 2519 6.
590 2474 704 2530 Wr.)
736 2476 820 2516 eius

84 2535 292 2587 versibus3
330 2550 429 2589 pro,
467 2535 501 2574 si
528 2548 620 2573 eum
648 2548 820 2586 aequare

85 2593 265 2632 carmine
283 2608 373 2633 non·
385 2594 492 2632 licet.
507 2594 722 2645 proximas
741 2592 783 2631 h.
792 2593 818 2632 1.

86 2649 281 2703 dignitate
297 2658 338 2690 et
354 2652 614 2704 praestantia.
645 2651 749 2689 conf.
768 2650 821 2689 ad

87 2708 235 2748 Tibull.
254 2710 322 2760 HI,
344 2710 385 2760 5,
406 2713 445 2752 3.
476 2724 595 2748 sacra
619 2707 750 2763 (Pani)
772 2715 821 2747 ut

85 2779 126 2804 v.
151 2769 218 2809 13.
248 2767 369 2807 Ovid.
394 2767 492 2807 Met.
521 2768 575 2817 X,
606 2769 700 2808 103.
725 2766 819 2809 104.

87 2821 190 2877 (Qui
205 2825 256 2863 ab
275 2826 409 2877 aliqua
429 2832 518 2865 arte
548 2825 820 2875 discedebant,

86 2881 171 2920 eius
196 2881 467 2922 instrumenta
496 2883 578 2922 Diis
598 2883 820 2936 suspende-

84 2939 189 2978 bant
214 2941 518 2993 sacrabantque.
563 2941 703 2980 Cer-da.
733 2940 818 2980 vid.

85 3010 188 3049 quos
207 2997 274 3036 ille
291 2998 446 3037 laudat.
480 3000 551 3038 W
543 2997 593 3052 r.)

153 3066 364 3115 Vfflem
401 3067 542 3114 Tou.
579 3066 617 3116 I.

640 1730 690 1766 30
713 1731 839 1764 Micon
859 1729 1024 1776 reposui:
1055 1729 1126 1764 vid.
1144 1741 1221 1775 sup.
1243 1729 1288 1763 ad
1310 1731 1369 1772 111,
1394 1733 1451 1766 10.
1498 1731 1617 1776 Vulgo

938 1837 1008 1880 25.
1038 1846 1267 1876 nascentem
1280 1846 1462 1889 poetam.
1501 1838 1558 1876 De
1575 1851 1617 1877 se

878 1896 990 1948 loqui
1025 1895 1202 1949 Thyrsin
1229 1902 1343 1948 puta.
1403 1895 1617 1936 obtrectat

878 1954 1031 1993 scilicet
1049 1954 1238 1993 laudibus
1255 1953 1390 1992 Codri.
1419 1956 1490 1996 27.
1509 1956 1616 1993 ultra

871 2013 1078 2064 placitum
1099 2042 1110 2062 ‚
1151 2012 1184 2050 si
1214 2011 1306 2064 plus
1324 2043 1336 2062 ‚
1378 2025 1501 2063 quam
1542 2013 1617 2065 ipsi

876 2071 1031 2123 placet,
1058 2069 1099 2109 h.
1119 2069 1298 2119 videtur,
1327 2070 1544 2109 laudamur
1565 2071 1615 2109 ab

878 2141 924 2167 eo
934 2143 945 2179 3
984 2128 1017 2166 si
1045 2128 1202 2175 Codrus
1231 2142 1305 2166 nos
1333 2128 1547 2167 immodice
1574 2135 1615 2168 et

877 2192 1041 2239 praeter
1081 2186 1296 2225 veritatem
1330 2186 1484 2225 laudat.
1542 2187 1616 2226 Est

879 2251 1017 2283 autem
1043 2244 1184 2283 fascini
1212 2257 1337 2295 genus
1364 2251 1527 2295 notum,
1565 2251 1616 2284 ut

877 2301 1095 2341 immodica
1128 2302 1249 2341 laude
1291 2302 1514 2342 efferantur
1554 2316 1613 2354 ea,

879 2361 1025 2412 quibus
1054 2360 1144 2411 quis
1173 2359 1368 2399 invideat.
1406 2375 1445 2400 v.
1470 2361 1611 2400 Cerda.

877 2419 935 2456 De
959 2418 1127 2456 baccare
1152 2418 1236 2457 vid.
1268 2418 1322 2456 ad
1350 2419 1432 2457 Ecl.
1452 2419 1520 2468 IV,
1547 2422 1611 2461 19.

880 2474 955 2530 (-—
982 2478 1051 2518 28.
1087 2478 1214 2516 Vates
1240 2475 1369 2526 idem,
1400 2477 1512 2528 quod
1540 2490 1612 2515 su-

876 2548 953 2588 pra
966 2542 1106 2585 poeta.
1141 2534 1182 2572 Si
1205 2534 1334 2573 maius
1355 2534 1551 2585 quiddam
1571 2540 1613 2572 et

878 2592 1056 2631 sanctius
1073 2591 1295 2644 significare
1312 2592 1506 2631 voluisset
1516 2592 1611 2630 Vir-

877 2650 992 2702 gilius
1008 2648 1051 2688 h.
1069 2649 1109 2699 L,
1139 2656 1188 2688 ut
1205 2650 1369 2688 Vossius
1401 2650 1546 2688 statuit
1570 2655 1610 2687 et

878 2708 1103 2757 Wunderl.‚
1122 2714 1283 2747 mutato
1300 2708 1519 2746 verborum
1540 2720 1610 2745 or-

879 2766 973 2805 dine
1015 2765 1275 2804 scribendum
1300 2766 1337 2804 ei
1374 2766 1530 2804 fuisset:
1559 2764 1609 2801 ize

876 2833 1022 2863 noceat
1036 2825 1127 2862 vati
1143 2838 1197 2862 m.
1214 2824 1241 2862 l.
1250 2823 1295 2875 f
1329 2824 1402 2862 W
1394 2822 1443 2875 r.)

934 2885 1001 2924 30.
1031 2881 1248 2930 Mirantur,
1280 2880 1391 2932 quod
1410 2880 1458 2917 de
1480 2878 1607 2916 alieno

874 2947 1038 2993 pastore
1067 2945 1159 2991 agat
1184 2938 1398 2990 Corydon,
1445 2949 1528 2973 non
1557 2935 1608 2973 de

876 3011 929 3037 se.
977 2998 1130 3037 Verum
1156 3002 1253 3035 sunt
1275 2995 1398 3043 haec,
1428 2999 1476 3031 ut
1498 2992 1607 3031 dixi-

1261 3064 1326 3109 13
