1768 3320
541 230 1064 284 ARGUMENTA

707 360 744 394 U
767 361 799 393 A
821 358 854 393 R
877 359 910 392 T
934 358 951 392 1

35 422 96 465 At
114 421 267 479 regina
292 418 416 479 gravi
441 419 628 463 Veneris
649 360 740 462 iiam
763 417 969 476 carpitur
994 415 1102 473 igni,

36 479 329 537 Venatusque
384 477 493 530 etit3
527 477 703 536 capitur
727 475 960 521 venatibus
983 473 1115 533 ipsis3

35 536 96 581 Et
113 535 284 590 taedas,
369 549 610 594 ymenaee‚
642 542 741 577 tuas
758 533 812 577 ad
833 531 995 575 funera
1022 530 1167 584 vertit,

36 594 285 654 Postquam
305 592 587 637 Anchisiades
603 591 809 636 fatorum
831 597 890 633 est
915 590 1028 633 iussa
1048 595 1279 647 sequutus.

663 695 951 740 QUINTI

36 767 210 812 Interea
232 769 396 811 Aeneas
415 766 601 827 pelagus
623 766 710 809 iam
735 765 869 809 classe
889 763 1078 814 tenebat,

35 825 368 884 Ludorumque
385 825 524 885 patris
541 832 587 868 tu
597 823 779 867 mulum
800 822 1047 867 celebrabat
1071 821 1259 865 honore.

23 883 275 950 Puppibus
294 883 512 927 ambustis
533 882 744 926 fundavit
764 881 943 924 moenia
969 881 1159 923 Acestae.

38 941 343 1000 Destituitque
362 948 505 985 ratem
529 940 674 984 media
694 939 935 983 Palinurus
958 939 1001 981 in
1023 939 1152 982 unda.

688 1044 927 1079 SEXTI

39 1116 111 1160 Sic
131 1115 369 1160 lacrimans
397 1115 579 1160 tandem
601 1114 855 1157 Cumarum
877 1112 1099 1157 adlabitur
1118 1113 1225 1166 oris,

38 1174 275 1219 Descendit
308 1190 366 1220 ue
383 1174 548 1218 domus
567 1172 706 1225 Ditis,
737 1172 979 1215 comitante
999 1169 1195 1230 Sibylla3

39 1233 252 1291 Agnoscit
272 1233 285 1248 '
317 1247 419 1275 roas
441 1247 590 1274 caesos
603 1265 616 1284 ‚
648 1230 848 1288 agnoscit
868 1229 1060 1272 Achivos
1072 1244 1085 1281 3

40 1289 99 1334 Et
118 1290 247 1335 docet
265 1289 478 1334 Anchises
500 1296 738 1334 venturam
759 1287 811 1330 ad
832 1287 976 1330 sidera
998 1286 1192 1347 prolem.

646 1392 972 1428 SEPTIMI

41 1465 118 1509 Tu
139 1480 325 1523 quoque
340 1463 568 1508 littoribus
586 1462 785 1515 famam,
815 1461 986 1515 Caieta,
1017 1460 1187 1504 dedisti.

41 1522 264 1583 Impetrat
280 1525 447 1567 Aeneas
466 1523 647 1566 Latium
668 1535 976 1578 regnumque,
1006 1519 1173 1562 Latinis

41 1580 216 1624 Foedus
240 1596 396 1639 agens3
425 1581 561 1623 saevit
578 1580 718 1630 Iuno,
753 1577 1015 1636 bellumque
1035 1576 1220 1625 lacessit,

42 1637 369 1698 Finitimosque
395 1639 513 1683 viros
529 1637 835 1694 Turnumque
854 1636 900 1678 in
925 1634 1098 1694 proelia
1118 1634 1272 1678 mittit.

672 1741 962 1776 OCTAVI

42 1812 110 1858 Ut
133 1812 234 1856 belli
267 1812 451 1871 signum
473 1812 684 1866 Turnus,
715 1810 1024 1867 Mezentiaque
1046 1824 1187 1861 arma,

43 1870 266 1915 Conscivit
302 1885 358 1914 ue
380 1871 536 1924 duces;
576 1879 675 1914 tum
699 1869 876 1913 moenia
904 1867 1123 1911 Pallantea

45 1930 212 1973 Aeneas
237 1945 261 1972 a
293 1930 352 1980 it,
383 1929 577 1972 Evandri
600 1928 719 1971 socia
741 1927 919 1985 agmina
941 1941 1174 1983 quaerens.

43 1990 185 2031 Arma
210 1988 359 2031 Venus
382 1994 534 2047 portat
554 1986 747 2046 proprio
769 1984 981 2029 Vulcania
1000 1991 1124 2027 nato.

712 2090 902 2126 NON!
950 2116 958 2121 .

47 2163 195 2221 Atque
216 2178 264 2206 ea
282 2162 454 2207 diversa
471 2161 581 2204 dum
606 2168 733 2220 parte
752 2178 763 2214 3
795 2159 867 2203 hic
887 2160 985 2203 diva
1003 2158 1188 2218 Cybebe

44 2221 228 2280 Puppes
262 2235 353 2263 esse
373 2235 473 2262 suas
495 2218 827 2278 Nympharum
850 2219 1042 2260 numina
1062 2217 1214 2259 iussit:

45 2278 235 2338 Euryali
258 2285 301 2321 et
325 2277 418 2320 Nisi
440 2278 590 2320 caedes
613 2284 656 2320 et
675 2276 765 2320 fata
788 2283 1028 2319 canuntur.

46 2335 218 2381 Fecerit
236 2335 436 2379 inclusus
456 2336 608 2381 castris
630 2349 744 2393 quae
770 2333 934 2377 funera
955 2332 1156 2377 Turnus.

672 2438 948 2474 DECIMI

47 2510 263 2554 Panditur
283 2511 452 2553 interea
474 2509 649 2562 caelum
671 2516 822 2552 coetus
858 2523 915 2551 ue
939 2508 1145 2551 deorum.

48 2568 146 2611 Iam
166 2568 282 2611 redit
303 2568 468 2611 Aeneas
482 2602 494 2620 ‚
526 2575 570 2611 et
589 2567 732 2610 Pallas
754 2524 953 2609 caeditur
975 2580 1088 2608 acer.

50 2625 229 2685 Eripuit
246 2626 363 2669 Iuno
385 2626 625 2681 Turnum,
655 2624 878 2682 Lausique
897 2630 1132 2682 parentem

51 2683 222 2727 Adiecit
247 2684 460 2727 comitem
486 2684 648 2727 mortis
667 2681 906 2742 Cythereia
928 2680 1096 2740 proles.

616 2790 653 2823 U
674 2788 710 2823 N
733 2789 765 2821 D
790 2788 818 2822 E
844 2787 869 2821 C
894 2788 910 2820 1
933 2785 972 2819 M
995 2786 1013 2819 1

52 2856 230 2900 Oceano
248 2856 414 2901 interea
434 2873 622 2917 surgens
643 2859 821 2902 Aurora
841 2855 1014 2902 videbat

99 2983 147 3019 22
170 2983 265 3016 Bene
283 2983 497 3019 Burmannus
514 2985 699 3030 emendat,
723 2996 790 3020 ca·-
893 2983 942 3020 38
959 2982 986 3017 f.
1012 2981 1259 3027 concinitque.

1443 246 1548 281 CLII
1555 247 1574 281 1

1521 766 1577 809 25

1521 1172 1578 1213 30

1521 1580 1578 1623 35

1523 1984 1580 2028 40

1525 2508 1581 2552 45

49 3031 157 3078 PiW'
175 3042 212 3065 v·
232 3030 326 3077 ipsa·
895 3029 942 3067 47
960 3030 987 3064 f.
1010 3032 1210 3075 Lausoque
1225 3033 1419 3075 parentem
1438 3026 1484 3059 A.
