1768 3320
159 253 225 301 24
410 248 747 298 sroflNu
800 216 1423 297 PRoLEGo‘MENA

157 376 519 426 mosissimum
549 391 803 442 puerum,
847 388 1024 439 neque
1054 370 1231 419 minus
1273 367 1443 419 felicis
1477 369 1676 435 ingenii

159 446 502 513 praestantia,
563 461 723 511 quam
760 442 996 509 corporis
1037 439 1372 489 formositate
1412 439 1676 490 excellen—

162 524 296 579 tem,
364 515 597 566 Pollioni
640 512 833 580 pocula
877 511 1267 561 ministrantem
1316 518 1676 576 conspexerat,

161 585 297 635 adeo
335 602 460 636 eum
493 584 777 634 admiratus
805 590 895 644 est,
931 589 991 630 ut
1020 588 1239 647 poetam
1268 578 1428 648 plane
1462 588 1678 647 captum

162 671 344 705 amore
387 655 539 721 pueri
588 653 806 703 sentiret
845 650 1032 701 Pollio.
1103 649 1378 714 Virgilius,
1432 658 1494 699 ut
1534 666 1676 715 eum,

163 742 326 791 quem
351 724 568 790 diligere
606 729 866 788 coeperat,
905 718 1067 769 adsui
1087 719 1524 770 benevolentiam
1552 737 1679 786 per-

161 804 428 854 moveret,
498 809 708 843 carmen
739 790 1039 857 composuit
1076 790 1129 838 in
1163 789 1275 839 eius
1306 789 1516 854 laudeS,
1544 830 1546 833 .
1574 807 1678 858 qua

161 881 220 914 re
251 874 303 914 et
333 864 587 925 Pollioni,
637 861 727 928 qui
759 860 863 909 hoc
906 868 1204 926 optaverat,
1266 857 1528 912 satisfecit.
1599 863 1678 910 Ita

163 943 340 984 autem
371 933 504 983 illud
531 931 857 998 temperavit,
892 939 953 978 ut
973 946 1034 979 ex
1056 929 1331 979 Theocriti
1356 930 1718 980 carminibus.

161 1003 416 1071 pleraque
448 1009 739 1068 repeteret,
791 1017 1024 1067 quorum
1057 999 1261 1050 assidua
1299 999 1532 1063 lectione
1567 1001 1678 1050 ani-

161 1091 312 1123 mum
339 1072 672 1122 formaverat.
746 1072 814 1119 Se
853 1069 1075 1138 quidem
1100 1069 1416 1136 CorydoniS,
1452 1069 1678 1120 Alexan-

163 1143 320 1192 drum
351 1143 521 1193 Alexis
553 1141 774 1190 nomine
821 1149 1136 1207 personatos
1171 1140 1476 1192 introduxit.
1538 1142 1679 1190 Fue-

160 1222 284 1262 runt
310 1213 528 1280 quidem
559 1210 729 1274 multi,
769 1211 858 1277 qui
881 1209 986 1260 hoc
1008 1220 1291 1275 negarent3
1328 1210 1424 1261 sed
1455 1219 1677 1263 temere.

158 1283 352 1332 Nititur
396 1283 538 1332 enim
579 1298 638 1330 ea
681 1297 766 1330 res
803 1281 1112 1330 testimonio
1162 1281 1359 1331 Donati
1403 1282 1443 1348 ᾗ.
1483 1287 1566 1333 20.
1597 1287 1678 1333 37.

162 1353 325 1401 Servii
361 1352 426 1402 ad
459 1351 568 1403 Ecl.
602 1353 674 1414 II,
717 1357 758 1402 1.
800 1359 851 1399 et
888 1353 964 1402 15.
1035 1350 1287 1401 Martialis
1317 1354 1392 1416 V,
1443 1357 1520 1403 16.
1564 1354 1678 1416 VII,

158 1427 238 1473 26.
274 1425 408 1485 VIII,
446 1423 525 1473 56.
561 1419 765 1487 Apulei.
785 1420 1010 1487 Apolog.
1030 1438 1080 1487 p.
1106 1427 1224 1474 279.
1259 1420 1510 1472 Elmenh.
1544 1425 1679 1472 Pro-

158 1499 288 1556 pert.
311 1493 375 1556 II,
425 1495 507 1556 34,
542 1497 610 1542 73
637 1508 740 1559 sq.;
781 1500 833 1540 et
866 1491 978 1557 ipse
1005 1493 1254 1541 Horatius
1289 1490 1529 1559 quodam
1555 1491 1678 1542 loco

156 1560 337 1626 Epistt.
387 1561 494 1611 huc
538 1561 828 1627 respexisse
883 1560 1108 1613 videtur.
1193 1564 1343 1624 Quae
1386 1579 1557 1629 quum
1610 1563 1680 1612 ita

158 1631 287 1693 sint,
325 1632 416 1697 qui
449 1641 721 1696 negarunt,
759 1639 846 1680 aut
875 1630 1076 1680 horum
1102 1632 1554 1695 testimoniorum,
1592 1641 1681 1682 aut

159 1699 375 1748 illorum
405 1709 715 1767 temporum
735 1717 1063 1768 morumque
1085 1711 1234 1751 erant
1255 1703 1434 1766 ignari.
1473 1701 1679 1765 Quodsi

162 1770 276 1835 quis
317 1769 473 1818 etiam
520 1771 738 1835 cognitis
781 1770 926 1820 hisce
957 1787 1154 1837 negare
1190 1771 1447 1836 voluerit,
1503 1772 1682 1822 videat

161 1839 226 1900 is,
289 1837 417 1904 quid
461 1837 552 1887 fiat
602 1841 767 1889 veteri
809 1841 1039 1894 historia.
1127 1842 1457 1892 Testimonia
1484 1851 1680 1897 *autem

162 1916 301 1957 certa
333 1908 373 1956 si
413 1918 555 1973 sunt,
604 1908 787 1960 haberi
820 1910 1023 1961 debent
1055 1921 1224 1977 certa,
1279 1921 1333 1962 et
1370 1929 1432 1963 ex
1460 1913 1521 1962 iis
1550 1929 1678 1962 con-

159 1976 422 2026 stituenda
454 1987 529 2027 est
565 1978 805 2040 historia3
845 1981 995 2049 quod
1028 1984 1119 2050 qui
1158 1981 1410 2047 noluerit,
1448 1981 1680 2048 figmen-

160 2054 276 2095 tum
319 2047 494 2112 potius
537 2049 731 2114 ingenii
769 2052 874 2115 sui,
935 2062 1080 2102 certe
1122 2052 1444 2120 antiquitatis
1497 2070 1680 2103 veram

160 2116 402 2165 indolem
442 2134 552 2167 non
597 2119 886 2186 explicabit.
957 2125 1150 2190 Neque
1193 2140 1322 2173 vero
1370 2124 1424 2172 in
1460 2123 1571 2173 ulla
1602 2141 1679 2188 re,

162 2202 297 2252 quae
343 2186 409 2235 ad
443 2189 806 2255 antiquitatem
845 2191 1215 2242 illustrandam
1244 2191 1397 2257 facit,
1457 2192 1581 2243 licet
1619 2211 1680 2243 ea

160 2263 366 2304 tantum
399 2256 748 2324 depromere,
809 2277 945 2328 quae
974 2255 1341 2329 exspectemus
1375 2272 1427 2312 et
1461 2272 1679 2330 exopte-

159 2340 308 2387 mUS,
378 2343 577 2392 quaeve
617 2339 759 2392 grata
798 2332 902 2380 sint
947 2342 999 2382 et
1048 2350 1172 2383 cum
1233 2334 1293 2383 iis
1345 2334 1678 2394 conveniant,

161 2410 297 2462 quae
339 2407 723 2466 praeconcepta
765 2402 1023 2466 opinione
1062 2403 1221 2453 nobis
1251 2402 1524 2463 finximus;
1582 2403 1680 2453 sed

163 2480 332 2529 quum
356 2464 410 2514 id
429 2483 597 2517 unum
630 2485 783 2532 agere
809 2470 1116 2538 debeamus,
1152 2482 1213 2523 ut
1230 2474 1508 2523 veritatem
1532 2474 1679 2523 inve-

160 2533 392 2598 niamus,
446 2544 572 2585 tunc
619 2555 836 2605 quoque
884 2540 1066 2592 officio
1104 2543 1290 2593 deesse
1336 2560 1449 2594 non
1489 2560 1680 2610 possu-

159 2618 307 2663 mus,
375 2606 588 2671 quando
632 2608 764 2657 haec
811 2611 986 2660 minus
1030 2623 1174 2677 grata
1217 2613 1430 2664 videtur
1475 2613 1679 2664 exoriri.

162 2672 324 2734 Quod
346 2683 523 2723 autem
546 2676 669 2726 inde
690 2678 742 2725 in
761 2680 962 2744 Virgilii
982 2699 1162 2733 mores
1184 2683 1468 2746 redundat,
1493 2683 1679 2733 etiam-

160 2742 202 2789 si
234 2741 404 2791 vitiosi
437 2744 843 2809 quodammodo
874 2748 1086 2813 suerint,
1123 2770 1236 2803 non
1269 2762 1347 2803 est
1378 2752 1678 2804 celandum.

157 2813 294 2860 Nam
327 2812 368 2860 si
402 2810 648 2878 fuissent,
686 2832 796 2864 non
826 2826 934 2868 tam
965 2821 1125 2887 ipsius
1157 2824 1252 2873 viri
1286 2821 1469 2890 culpa,
1517 2839 1679 2889 quam

160 2888 470 2947 temporum
515 2884 788 2950 iniquitate
816 2886 1037 2939 fuissent
1068 2893 1340 2960 inquinati.
1411 2893 1679 2943 Memine-
1736 2893 1743 2900 ’

160 2949 324 2999 rimus
378 2950 470 3000 illo
525 2969 654 3002 aevo
703 2956 975 3007 Romanos
1024 2957 1144 3010 iam¹
1177 2963 1388 3029 pridem
1442 2980 1469 3012 a
1509 2963 1679 3030 prisca
