1768 3320
177 221 287 288 24⁶-

177 365 270 414 Me
298 360 413 412 sine
431 360 542 412 sola
562 361 728 414 vides,

508 236 563 286 P.
601 234 959 290 VIRGILII
1004 233 1385 286 MARONIS

801 361 885 412 Ah
906 370 960 411 te
985 377 1056 411 ne
1075 358 1276 426 frigora
1295 359 1535 411 laedant!

178 433 264 485 Ah
285 432 383 482 tibi
401 449 471 482 ne
493 441 706 482 teneras
735 431 927 498 glacies
951 439 1098 481 secet
1120 448 1304 499 aspera
1325 431 1553 498 plantas!

178 503 297 567 Ibo,
328 511 396 567 et,
423 502 730 555 Chalcidico
755 519 894 570 quae
913 510 1038 551 sunt
1053 501 1189 551 mihi
1217 501 1432 552 condita
1451 519 1612 553 versu
1645 505 1715 557 50

181 573 455 636 Carmina,
498 574 726 640 pastoris
748 572 911 623 Siculi
932 570 1266 622 modulabor
1287 589 1466 625 avena.

182 645 407 697 Certum
429 653 508 693 est
528 644 582 693 in
602 644 766 707 silviS,
804 643 947 693 inter
967 641 1178 708 spelaea
1199 636 1464 692 ferarum'

177 714 339 768 Malle
360 714 469 781 pati
492 715 804 779 tenerisque
825 729 981 762 meos
1003 712 1243 762 incidere
1265 729 1479 762 amores

180 783 500 837 Arboribus:
540 792 783 834 crescent
808 782 952 844 illae3
993 783 1261 846 crescetis,
1301 799 1528 834 amores,

179 858 393 907 Interea
413 854 587 904 mixtis
607 853 846 904 lustrabo
866 851 1109 903 Maenala
1125 852 1415 920 Nymphis;

1647 828 1716 907 55

180 929 287 978 Aut
311 941 458 975 acres
476 925 718 974 venabor
739 939 922 991 apros3
959 939 1074 973 non
1095 940 1186 974 me
1209 923 1318 973 ulla
1335 923 1597 974 vetabunt

179 997 399 1062 Frigora
418 995 738 1045 Parthenios
760 994 979 1044 canibus
1001 993 1335 1044 circumdare
1356 994 1531 1047 saltus,

181 1069 297 1119 Iam
326 1065 463 1115 mihi
480 1083 580 1133 per
595 1081 759 1134 rupes
779 1064 972 1115 videor
991 1063 1253 1132 lucosque
1274 1065 1513 1116 sonantis

228 1182 276 1222 49
300 1186 339 1219 A
366 1185 455 1219 mihi
480 1197 557 1219 non
579 1194 607 1219 t.
636 1182 772 1220 Alcuin.
791 1184 983 1218 Grammat.

181 1232 304 1267 Heius.
353 1234 417 1266 Est
435 1231 585 1274 Χαλκίς.

181 1278 401 1314 moderabor
428 1279 566 1314 Zulich.

1077 1183 1126 1220 50
1151 1183 1359 1219 calchidieo
1375 1183 1525 1227 Medic„
1557 1184 1623 1220 sed
1644 1185 1716 1220 vid.

681 1232 727 1268 51
753 1230 958 1266 meditabor
980 1230 1051 1264 duo
1072 1237 1144 1265 vet.
1165 1243 1244 1265 cum
1262 1232 1371 1266 Goth.
1390 1244 1445 1278 pr.
1466 1239 1503 1266 et
1519 1233 1716 1278 Lengnich.

678 1280 726 1315 53
748 1279 932 1313 'incedere
958 1278 1050 1312 Gud.

1152 1276 1201 1315 54
1230 1288 1403 1314 crescunt
1434 1281 1525 1314 illae
1550 1281 1716 1316 Parrhas.

182 1335 347 1361 crescent
363 1327 440 1360 illis
460 1340 480 1361 a
498 1339 545 1360 m.
561 1339 616 1372 pr.
638 1339 726 1360 unus
742 1325 886 1360 Moreti.
918 1326 1008 1360 illae
1025 1333 1208 1367 crescent,
1233 1328 1407 1362 crescens
1423 1328 1600 1363 Rottend.
1632 1341 1717 1363 cro-

182 1382 307 1408 scente
325 1374 394 1408 illa
413 1375 544 1408 Donat.
569 1375 614 1408 ad
633 1376 718 1409 Ter.
742 1374 852 1408 Andr.
871 1374 930 1415 111,
952 1374 987 1410 3.

182 1422 369 1455 Burmann.
381 1447 391 1463 ‚
415 1422 479 1455 sed
498 1423 622 1456 mixtis·
640 1422 857 1467 exquisitius.
883 1420 967 1466 (vid.
985 1422 1029 1462 Q.
1045 1420 1090 1454 V.
1108 1421 1208 1463 XVI,
1230 1421 1262 1455 1.
1294 1423 1351 1456 W
1344 1422 1391 1467 r.)

874 1469 921 1504 56
954 1465 1141 1502 necabunt
1164 1467 1265 1502 Leid.
1295 1481 1350 1514 pr.

182 1468 253 1502 reti
277 1475 431 1514 quartus.
474 1469 634 1516 {ymplzis
649 1469 778 1504 Medic.

1083 1373 1131 1409 55
1157 1374 1294 1407 mixtas
1312 1380 1450 1419 septem
1472 1381 1599 1409 octove
1621 1375 1718 1420 apud

1423 1421 1615 1457 lustrabor
1632 1424 1718 1457 Mo-

1393 1465 1586 1516 ne'gabunc
1613 1469 1717 1505 alius.

181 1516 229 1553 58
248 1529 321 1564 per
340 1516 445 1550 lucos
464 1517 596 1551 videor
618 1529 802 1564 rupesque
819 1515 911 1551 alter
929 1515 1100 1550 Rottend.
1125 1514 1320 1561 (sonantes
1333 1516 1463 1550 Medic.
1492 1519 1547 1552 W
1544 1516 1590 1563 r.)

184 1630 256 1664 aut
287 1629 389 1677 quot
420 1637 562 1664 versus
594 1624 711 1664 Gallo
738 1622 916 1663 debean-
973 1636 1088 1662 nunc
1145 1622 1280 1662 omnia
1326 1622 1406 1663 ista
1461 1631 1716 1679 aspernatur.

184 1689 280 1732 tur,
312 1695 430 1722 nemo
453 1683 615 1723 dixerit.
664 1682 921 1722 Fontaninus

182 1740 278 1780 hist.
298 1740 377 1779 litt.
396 1739 569 1793 Aquilei.
592 1755 680 1794 pag.
702 1741 756 1784 35
772 1754 923 1780 novem

181 1811 311 1851 usque
338 1798 392 1837 ad
425 1813 484 1839 vs,
510 1799 565 1843 54
599 1800 704 1839 Galli
721 1812 804 1838 esse
821 1813 922 1838 con-

183 1856 392 1896 tendebat.

243 1915 311 1958 50.
345 1915 579 1955 Chalcidico
596 1930 714 1956 versu
728 1946 740 1966 ,
775 1914 818 1955 h.
836 1915 922 1954 Eu'-

183 1972 393 2027 phorionis
412 2004 422 2024 ,
460 1974 544 2014 sive
578 1974 705 2013 latine
743 1974 922 2025 reddito,

185 2034 268 2072 sive
311 2032 535 2071 imitatione
591 2046 780 2085 expresso
818 2030 924 2087 (hoc

185 2090 349 2143 quidem
367 2091 522 2130 Probus
539 2091 695 2130 firmat:
727 2091 924 2144 „Eupho-

185 2149 347 2187 riou—
367 2150 479 2188 cuius
506 2149 548 2188 in
576 2149 789 2189 scribendo
809 2150 922 2189 colo-

184 2220 272 2246 rem
288 2214 485 2258 sequutus
512 2208 678 2248 videtur
702 2206 896 2262 Gallus“)
909 2238 919 2258 ‚

186 2271 227 2303 et
254 2265 419 2317 quidem
457 2266 508 2304 de
536 2266 722 2320 Apolline
755 2267 920 2319 Gryneo

186 2323 350 2375 eiusque
373 2324 563 2364 oraculo:
602 2340 643 2365 v.
670 2338 757 2378 sup.
779 2324 845 2374 VI,
866 2328 922 2367 72

187 2387 227 2419 et
254 2382 352 2421 Exc.
380 2383 432 2421 ad
463 2396 495 2421 e.
522 2383 548 2422 l.
608 2383 787 2436 Respicit
819 2382 862 2422 h.
894 2383 921 2421 l.

187 2439 384 2488 Quinctil.
413 2440 476 2491 X,
499 2443 545 2491 1,
569 2441 646 2492 56,
679 2441 770 2493 qui,
810 2440 923 2493 quod

187 2497 415 2537 Chalcidico
472 2512 596 2538 versu
661 2499 923 2538 conditorum

187 2556 413 2595 carminum
438 2557 684 2596 mentionem
708 2558 806 2596 facit
832 2556 923 2596 Ma-

185 2627 255 2664 ro,
293 2613 389 2652 inde
420 2615 589 2667 colligit,
620 2615 923 2668 Euphorionem

187 2671 225 2710 ei
243 2671 364 2710 fuisse
381 2673 611 2725 probatum.
661 2673 746 2711 Iam
767 2686 811 2711 ea
830 2687 922 2712 car-

186 2729 298 2768 mina
353 2729 488 2769 fistula
536 2743 679 2769 canere
729 2731 921 2770 instituit.

189 2787 348 2840 Egregie
367 2794 504 2827 autem
520 2789 662 2828 misere
690 2789 861 2827 cruciati
881 2795 923 2827 et

186 2846 232 2886 in
255 2858 392 2885 omnes
420 2852 557 2900 partes
584 2846 694 2899 rapti
712 2846 835 2885 animi
855 2846 922 2885 in-

188 2905 418 2943 constantia
473 2905 728 2957 exprimitur.
804 2903 924 2943 Nunc

131 2987 135 2992 -
188 2961 297 3001 enim
325 2975 365 3002 v.
395 2962 451 3006 52
479 2961 522 3001 in
551 2961 812 3001 solitudinem
839 2975 923 3000 sese

189 3019 338 3060 abdere
367 3020 608 3071 constituit3
643 3033 744 3059 mox
767 3019 922 3069 venari,

979 1681 1048 1725 53.
1072 1683 1191 1733 pati,
1231 1695 1410 1722 amores:
1450 1683 1477 1723 l.
1507 1684 1657 1724 durare
1676 1690 1719 1724 et

978 1740 1132 1780 vivere.
1191 1740 1259 1779 Sic
1283 1743 1381 1792 pati
1403 1741 1586 1782 absolute
1605 1743 1717 1796 posi-

978 1803 1082 1837 tum.
1111 1798 1196 1838 vid.
1220 1798 1274 1837 ad
1292 1799 1442 1839 Lucan.
1464 1801 1512 1851 V,
1537 1804 1622 1843 313
1650 1801 1719 1840 di·-

980 1871 1044 1894 see
1068 1858 1153 1895 sine
1171 1859 1296 1896 armis
1309 1872 1432 1910 posse
1441 1861 1561 1910 pali,
1593 1859 1718 1899 alios-

982 1927 1073 1967 que.
1124 1914 1192 1958 54.
1220 1924 1393 1954 crescent
1408 1917 1532 1966 illae;
1565 1932 1718 1957 cresce—

982 1975 1034 2011 τὰς
1062 1988 1232 2013 amores.
1284 1972 1366 2014 hoc
1389 1988 1489 2015 vero
1503 2006 1515 2026 ‚
1553 1976 1593 2015 si‘
1619 1975 1719 2029 quid

982 2031 1094 2071 aliud
1111 2062 1123 2082 ,
1166 2031 1385 2085 Virgiliana
1419 2033 1615 2087 elegantia
1651 2035 1718 2074 di-

979 2104 1116 2142 gnum.
1185 2090 1384 2144 Compara
1428 2092 1550 2133 Ovid.
1590 2093 1717 2147 Epist.

979 2149 1039 2199 V,
1063 2151 1132 2191 23.
1162 2147 1220 2191 24
1259 2151 1315 2188 Ec
1348 2159 1547 2204 quantum
1574 2153 1717 2203 trunci,

979 2215 1138 2245 tantum
1186 2222 1278 2246 mea
1317 2210 1485 2247 nomina
1519 2218 1712 2249 crescunt.

983 2266 1151 2304 Crescite
1168 2295 1179 2315 ,
1214 2275 1252 2304 et
1266 2268 1311 2305 in
1328 2267 1465 2306 titulos
1482 2270 1634 2320 surgite
1651 2283 1718 2307 re-

980 2332 1047 2362 cta
1066 2324 1202 2362 meos!

1038 2381 1107 2425 55.
1148 2383 1286 2420 mixtis
1308 2403 1368 2412 -—-
1398 2382 1609 2435 NJmphis
1639 2398 1716 2437 pro

979 2439 1157 2492 vulgari:
1186 2440 1416 2493 permixtus
1434 2439 1644 2494 Nymphis,
1665 2443 1716 2482 cf.

979 2498 1110 2537 Bentl.
1143 2498 1195 2536 ad
1221 2498 1366 2538 Horat.
1396 2498 1473 2538 Od.
1500 2499 1566 2550 IV,
1590 2502 1627 2550 1,
1646 2503 1715 2543 22.

980 2571 1093 2594 aeres
1128 2562 1264 2594 autem
1299 2556 1463 2609 proprie
1503 2557 1553 2596 de
1586 2559 1716 2612 apris5

978 2613 1021 2653 h.
1045 2614 1224 2664 animosi,
1254 2614 1461 2666 iracundi,
1492 2615 1715 2670 θυμώόεις,

980 2672 1142 2725 θερμοί.
1191 2672 1458 2711 Parthenium
1481 2703 1492 2723 ‚
1534 2681 1716 2714 montem

979 2729 1200 2779 Arcadiae,
1233 2730 1334 2768 bene
1352 2739 1574 2783 memorat,
1604 2747 1717 2773 nunc

978 2787 1116 2840 ipsein
1134 2786 1308 2827 Arcadia
1320 2791 1579 2830 constitutus.
1609 2790 1716 2830 Ante

981 2846 1119 2884 oculos
1145 2844 1213 2884 hic
1242 2846 1356 2885 locus
1384 2854 1471 2887 erat
1489 2848 1714 2888 Claudiano

981 2903 1031 2942 de
1052 2904 1100 2942 R.
1117 2903 1228 2942 Pros.
1250 2904 1297 2955 II,
1322 2903 1416 2947 148.
1477 2906 1544 2949 58.
1578 2908 1715 2946 lucos-

980 2976 1056 3014 que
1081 2964 1260 3000 sonantis
1273 2992 1284 3012 ,
1326 2970 1561 3003 resonantes
1585 2966 1670 3005 sive
1691 2978 1714 3003 a

979 3020 1135 3059 latratu
1161 3032 1309 3060 canum
1350 3032 1397 3060 ae
1430 3023 1605 3063 clamore
1637 3035 1712 3063 ve-
