1768 3320
172 189 276 237 260
666 178 1099 231 EXCURSUS
1137 178 1211 233 IV

168 315 316 368 pulcro
330 321 491 366 pectore
507 314 624 366 virgo
643 311 757 351 Pube
779 319 892 349 tenus
902 325 918 359 ,·
945 317 1153 362 postrema
1169 308 1343 346 immani
1361 320 1524 358 corpore
1536 307 1702 358 pistrix,

173 372 432 425 Delphinum
461 372 618 410 caudas
648 378 757 409 utero
784 370 1000 407 commissa
1027 367 1217 418 luporum
1226 381 1242 415 ;
1284 372 1325 404 et
1353 364 1438 407 432
1470 364 1653 416 Scyllam
1670 372 1708 403 et

174 431 369 470 caeruleis
388 429 556 468 canibus
577 429 810 468 resonantia
828 441 934 464 saxa
942 441 959 475 ,⁶
993 425 1087 464 add.
1112 425 1212 464 Ciris
1232 423 1288 467 58
1310 437 1395 475 sqq.
1416 425 1472 465 79
1490 435 1548 475 sq.

289 499 468 539 Multum
496 499 638 546 absum
674 497 724 537 ab
758 511 804 536 eo
825 496 990 535 consilio
1003 525 1014 546 ,
1054 500 1104 534 ut
1123 493 1301 533 fabulam
1320 492 1369 530 de
1387 492 1520 545 Scylla
1537 504 1612 530 seu·
1627 505 1706 545 po—

161 552 255 599 'tius
281 559 439 598 fabulas
466 570 686 607 recoquere
715 555 859 605 velim3
901 568 996 594 nam
1025 566 1194 604 magnus
1222 564 1363 589 earum
1388 563 1582 589 numerus
1609 550 1706 588 fuit:

172 618 267 657 vide
291 617 357 656 vel
381 615 526 655 Athen.
546 614 630 664 VH,
653 628 692 667 p.
715 616 812 655 297.
840 618 878 650 et
904 612 1014 650 Cirin
1035 611 1089 653 55
1115 623 1199 662 sqq.
1228 622 1305 647 nec
1326 608 1491 647 omnino
1510 607 1559 646 de
1588 608 1707 661 Scyl-

172 677 234 715 lae
254 677 387 714 forma
403 675 568 722 laboro,
599 685 744 711 verum
766 671 816 708 de
847 684 893 708 eo
914 675 1099 718 tantum,
1142 681 1222 720 qua
1252 667 1383 719 specie
1403 666 1518 704 Maro
1549 666 1706 719 Scyllae

173 734 345 787 speciem
363 732 473 785 apud
492 731 671 769 animum
691 743 810 774 suum
831 728 1007 767 finxerit.
1068 725 1209 765 Videri
1238 720 1345 763 'enim
1361 729 1494 778 potest
1515 738 1538 762 a
1561 735 1602 763 se
1617 724 1705 777 ipso

175 792 389 841 dissidere,
430 804 523 828 cum
552 789 678 827 altero
707 788 797 826 loco
822 801 943 824 canes
970 786 1174 834 marinas,
1224 783 1350 822 altero
1379 784 1499 834 lupos
1527 784 1707 821 marinos

174 865 268 889 cum
295 848 551 900 delphinibus
577 850 887 894 commemoret,
930 844 1000 896 qui
1019 842 1225 895 quomodo
1248 855 1299 880 ex
1319 842 1403 880 eius
1425 841 1517 881 alvo
1535 840 1706 894 prodie-

173 909 256 947 rint
276 921 359 946 una
379 920 516 945 omnes
529 936 539 956 ,
571 904 686 943 haud
703 904 816 942 facile
843 903 955 941 dictu
972 915 1055 940 esse
1080 901 1256 940 videtur.

287 976 410 1030 Apud
429 976 674 1024 Homerum,
707 988 730 1011 a
757 987 837 1025 quo
864 973 1043 1025 primum
1074 970 1230 1023 Scyllae
1260 969 1431 1022 speciem
1463 968 1707 1009 declaratam

172 1035 385 1084 habemus,
425 1033 612 1087 mythum
642 1032 808 1071 omnino
840 1030 1123 1083 simpliciorem
1150 1035 1190 1067 et
1218 1028 1278 1067 rei
1297 1028 1562 1067 declarandae
1583 1030 1706 1081 magis

173 1099 486 1133 consentaneum
513 1091 699 1131 videmus
728 1090 806 1129 Od.
822 1107 863 1143 μ,
885 1089 939 1132 85
952 1113 1009 1117 ——
1027 1091 1122 1130 100.
1182 1087 1380 1139 Scopulus
1400 1092 1459 1125 est
1472 1117 1483 1136 ,
1514 1100 1609 1125 cum
1630 1101 1706 1125 an-

171 1159 258 1202 tro,
298 1151 412 1191 cuius
438 1150 566 1189 fundo
598 1150 667 1188 illa
692 1149 884 1199 incubat3
925 1143 1051 1195 πόδε-ς
1087 1141 1274 1186 δυώδεκα
1294 1141 1443 1194 πάντες
1462 1142 1589 1197 ὄῖωροι
1611 1142 1706 1199 (ob-

172 1224 291 1249 scuro
312 1207 447 1263 sensu)
475 1209 512 1247 ei
532 1208 776 1247 tribuuntur
807 1221 846 1246 v.
866 1209 921 1248 89
935 1236 945 1256 ,
978 1206 1120 1243 saltem
1138 1204 1208 1243 illa
1229 1203 1401 1256 pedibus
1420 1203 1501 1242 suis
1522 1203 1706 1242 insistere

171 1268 330 1320 nequit,
371 1268 508 1319 itaque
540 1267 674 1305 medio
707 1272 868 1304 tantum
906 1277 1076 1316 corpore
1113 1276 1164 1300 ex
1190 1268 1310 1300 antro
1342 1261 1548 1314 prominet
1575 1268 1617 1300 et
1635 1275 1706 1300 sex

172 1341 245 1366 sua
273 1326 403 1379 capita
432 1326 510 1364 late
541 1325 690 1374 exerit,
731 1330 779 1363 ut
808 1323 1009 1376 piscetur,
1048 1321 1158 1360 unde
1187 1321 1322 1371 vivat,
1352 1320 1507 1359 belluas
1528 1320 1706 1377 marinas

176 1381 386 1436 Δελφῖνοῖς
413 1399 457 1425 τε
487 1380 617 1430 κύνας
648 1398 690 1423 τε
710 1382 779 1423 καὶ
807 1382 947 1422 εἶ’ποθι
970 1382 1106 1434 μεῖζον
1127 1378 1239 1434 ἕλῃσι
1261 1380 1410 1430 Κῆτος.
1470 1378 1563 1417 Vox
1579 1392 1705 1431 porro

172 1445 257 1481 eius
275 1449 335 1481 est
354 1442 483 1494 qualis
512 1441 638 1481 catuli
660 1455 700 1481 v.
723 1443 779 1483 86
809 1443 884 1495 τῆς
902 1437 996 1494 ἤτοι
1022 1435 1143 1491 φωνή
1163 1436 1260 1492 μὲν,
1289 1434 1363 1491 ὅση
1389 1432 1593 1486 σκύλακος
1614 1452 1704 1479 νεο-

171 1504 309 1556 γιλῆς,
346 1501 520 1542 Γίνεται.

287 1558 502 1597 Mutarunt
528 1558 664 1611 itaque
695 1556 898 1609 sequiores
931 1561 1076 1608 poetae
1100 1554 1300 1604 fabulam,
1333 1559 1372 1592 et
1391 1552 1549 1592 ‘canum
1568 1568 1706 1593 vocem

168 1619 517 1669 piscationemque
539 1617 823 1668 delphinorum
841 1623 877 1653 et
892 1629 1042 1652 canum
1062 1613 1113 1651 ad
1132 1612 1304 1666 speciem
1323 1612 1478 1664 Scyllae
1500 1625 1705 1651 exornan—
1748 1650 1750 1652 .

172 1676 267 1714 dam
299 1675 622 1714 transtulerunt:
654 1673 823 1712 ademtis
848 1673 1050 1726 capitibus
1072 1685 1155 1710 sex.
1215 1671 1294 1709 Pro
1315 1669 1378 1709 his
1408 1670 1514 1709 enim
1534 1684 1705 1723 superne

172 1734 324 1786 species
347 1739 408 1771 est
433 1733 590 1786 puellae
604 1763 613 1780 ,
646 1745 749 1783 quae
768 1737 903 1769 tamen
920 1730 1086 1769 inferius
1107 1743 1255 1782 corpus
1276 1735 1554 1768 monstrosum
1570 1728 1704 1768 habet.

172 1791 294 1831 Ovid.
318 1791 415 1830 Met.
445 1791 554 1841 XIII,
588 1793 672 1832 732
713 1790 797 1828 Illa
816 1789 925 1842 seris
946 1798 1080 1827 atram
1111 1786 1279 1826 canibus
1298 1788 1549 1839 succingitur
1564 1783 1705 1827 album

180 1851 367 1901 Virginis
390 1863 461 1887 ora
479 1863 635 1900 gerens.
667 1848 813 1886 Tibull.
837 1848 903 1897 ΙΙΙ,
925 1845 966 1897 4,
989 1849 1044 1888 89
1078 1846 1264 1898 Scyllave
1290 1847 1520 1897 virgineam
1538 1845 1706 1884 canibus

172 1907 591 1958 succinctafiguram.
658 1906 728 1945 Est
746 1905 846 1944 adeo
865 1906 1001 1944 sabula
1016 1904 1117 1942 haec
1139 1917 1189 1941 ex
1206 1916 1257 1942 ¹eo
1277 1916 1432 1955 genere,
1462 1904 1504 1942 in
1527 1917 1608 1955 quo
1637 1917 1705 1943 ar-

170 1965 326 2004 tificum
342 1965 500 2017 ingenia
515 1964 728 2017 pristinam
744 1964 917 2002 monstri
933 1964 1104 2002 formam
1118 1962 1162 2000 in
1176 1961 1460 2002 iucundiorem
1478 1968 1703 2017 mutarunt.

286 2035 333 2073 In
350 2033 414 2072 his
443 2048 490 2073 ac
519 2034 714 2073 similibus
738 2033 840 2072 nihil
868 2039 928 2072 est
944 2063 954 2082 ‚
985 2033 1096 2085 quod
1116 2032 1296 2071 haereas.
1355 2032 1509 2072 Verum
1528 2031 1703 2071 djfficul-

170 2098 297 2131 tatem
322 2093 454 2131 facere
479 2099 614 2146 potest
634 2106 678 2130 ea
701 2092 872 2146 species,
903 2105 983 2143 qua
1004 2092 1047 2130 in
1066 2097 1248 2130 extrema
1277 2091 1459 2143 corporis
1478 2096 1596 2143 parte
1614 2090 1703 2128 del-

164 2151 336 2202 phines,
377 2152 470 2202 lupi
494 2159 531 2189 et
565 2166 705 2201 canes,
746 2164 830 2189 una
855 2150 1053 2188 commissi
1086 2155 1126 2187 et
1144 2149 1353 2188 coniuncti
1375 2148 1596 2201 finguntur.
1656 2148 1704 2187 In

132 2253 135 2255 ,
170 2221 311 2248 versu:
335 2217 543 2260 postrema
579 2210 754 2247 immani
779 2223 940 2260 corpore
957 2210 1106 2260 pislrix
1125 2208 1382 2259 Delphinum
1413 2207 1570 2246 caudas
1594 2215 1703 2255 utero

170 2269 385 2305 commissa
400 2268 590 2318 luporum
618 2267 851 2319 ambiguum
880 2273 960 2316 est,
990 2273 1133 2305 utrum
1166 2266 1235 2304 sit:
1265 2265 1430 2318 pistrix,
1462 2278 1563 2317 quae
1589 2279 1703 2304 com—

169 2324 311 2363 missas
331 2323 455 2363 habet
475 2325 715 2376 delphinum
735 2325 893 2363 caudas
920 2333 1029 2362 utero
1056 2325 1268 2375 luporum,
1309 2338 1362 2362 an
1390 2324 1579 2375 luporum
1599 2338 1702 2362 cau-

169 2385 247 2420 das
276 2382 517 2434 delphinum
544 2391 666 2421 utero.
728 2383 925 2422 Neutram
956 2382 1127 2435 speciem
1159 2382 1274 2420 facile
1300 2381 1425 2433 fingat
1455 2381 1529 2420 sibi
1560 2382 1702 2433 aliquis

170 2440 324 2479 animo:
355 2440 536 2493 inprimis
555 2441 586 2478 si
605 2441 813 2492 vulgarem
830 2441 985 2492 Scyllae
1003 2441 1176 2479 formam
1196 2440 1239 2478 in
1270 2439 1411 2492 priscis
1428 2440 1716 2490 monumentis

169 2504 348 2554 reputet,
389 2499 432 2537 in
460 2498 605 2550 quibus
635 2512 681 2536 ea
708 2499 749 2537 in
783 2497 1021 2551 delphinum
1057 2498 1205 2536 caudas
1241 2497 1408 2547 desinit,
1453 2497 1620 2536 canibus
1650 2511 1702 2536 ex

169 2562 284 2595 utero
314 2556 457 2594 subtus
486 2556 795 2609 prodeuntibus.
863 2557 1003 2607 Itaque
1031 2556 1196 2594 tertiam
1215 2555 1390 2606 aliquam
1416 2555 1615 2594 rationem
1634 2555 1700 2594 in—

168 2627 325 2666 gressus
344 2628 432 2653 sum
453 2614 495 2652 in
514 2614 629 2652 Notis
653 2615 705 2653 ad.
729 2629 761 2654 e.
782 2615 822 2664 l.‚
853 2620 901 2652 ut
930 2614 1001 2652 sit:
1032 2616 1247 2652 commissa
1273 2613 1430 2666 enudus
1449 2614 1699 2665 delphinum,

168 2671 320 2711 habens
350 2671 498 2710 caudas
528 2671 769 2724 delphinum
800 2672 1052 2722 commissas,
1096 2671 1356 2720 coniunctas,
1388 2684 1482 2709 cum
1501 2680 1609 2710 utero
1631 2673 1700 2710 lu-

165 2745 333 2784 porum,
367 2730 559 2781 luporum
582 2731 710 2768 uteris
736 2745 765 2770 s.
786 2730 1044 2783 corporibUS,
1076 2742 1177 2781 quae
1196 2728 1304 2767 inter
1323 2729 1436 2767 binas
1460 2729 1699 2782 delphinum

169 2787 318 2826 caudas
337 2800 389 2825 ex
410 2787 501 2826 alvo
521 2788 764 2839 prominent.
824 2790 948 2827 Recte
973 2786 1074 2825 haec
1092 2800 1131 2825 se
1150 2786 1321 2836 habent,
1352 2787 1474 2826 modo
1496 2800 1548 2826 ex
1565 2787 1699 2840 pluri-

167 2845 244 2885 bus
264 2845 418 2898 Scyllae
438 2845 578 2884 formis
598 2858 685 2883 eam
702 2852 836 2884 teneas
853 2876 864 2896 ,
896 2858 998 2897 quae
1020 2845 1174 2897 Virgilii
1204 2844 1339 2883 animo
1356 2845 1571 2884 insederat.

283 2903 331 2942 In
349 2903 536 2955 antiquae
560 2903 709 2942 scilicet
731 2904 830 2942 artis
864 2903 1053 2956 operibus
1074 2917 1158 2942 non
1187 2916 1270 2941 una
1289 2903 1444 2955 Scyllae
1466 2904 1600 2943 forma
1625 2917 1696 2942 oc-
