<?xml version="1.0" encoding="UTF-8"?>
<!DOCTYPE html PUBLIC "-//W3C//DTD XHTML 1.0 Transitional//EN"
    "http://www.w3.org/TR/xhtml1/DTD/xhtml1-transitional.dtd">
<html xmlns="http://www.w3.org/1999/xhtml" xml:lang="en" lang="en">
 <head>
  <title>
</title>
<meta http-equiv="Content-Type" content="text/html;charset=utf-8" />
  <meta name='ocr-system' content='tesseract 3.04.00' />
  <meta name='ocr-capabilities' content='ocr_page ocr_carea ocr_par ocr_line ocrx_word'/>
</head>
<body>
  <div class='ocr_page' id='page_1' title='image "./publiusvirgilius01virguoft_0250.png"; bbox 0 0 1768 3320; ppageno 0'>
   <div class='ocr_carea' id='block_1_1' title="bbox 227 165 1426 229">
    <p class='ocr_par' dir='ltr' id='par_1_1' title="bbox 227 165 1426 229">
     <span class='ocr_line' id='line_1_1' title="bbox 227 165 1426 229; baseline -0.008 0"><span class='ocrx_word' id='word_1_1' title='bbox 227 181 294 229; x_wconf 73' lang='lat'>82</span> <span class='ocrx_word' id='word_1_2' title='bbox 551 177 606 226; x_wconf 90' lang='lat' dir='ltr'>P.</span> <span class='ocrx_word' id='word_1_3' title='bbox 643 176 1001 227; x_wconf 86' lang='lat' dir='ltr'>VIRGILII·</span> <span class='ocrx_word' id='word_1_4' title='bbox 1039 165 1426 222; x_wconf 77' lang='lat' dir='ltr'><strong>MARONIS</strong></span> 
     </span>
    </p>
   </div>
   <div class='ocr_carea' id='block_1_2' title="bbox 223 297 1744 739">
    <p class='ocr_par' dir='ltr' id='par_1_2' title="bbox 225 297 1444 364">
     <span class='ocr_line' id='line_1_2' title="bbox 225 297 1444 364; baseline -0.006 -12"><span class='ocrx_word' id='word_1_5' title='bbox 225 306 292 353; x_wconf 89' lang='lat' dir='ltr'>At</span> <span class='ocrx_word' id='word_1_6' title='bbox 308 319 526 352; x_wconf 88' lang='lat' dir='ltr'>mecum</span> <span class='ocrx_word' id='word_1_7' title='bbox 540 302 734 364; x_wconf 88' lang='lat' dir='ltr'>raucis,</span> <span class='ocrx_word' id='word_1_8' title='bbox 771 310 858 349; x_wconf 87' lang='lat' dir='ltr'>tua</span> <span class='ocrx_word' id='word_1_9' title='bbox 878 298 1008 348; x_wconf 90' lang='lat' dir='ltr'>dum</span> <span class='ocrx_word' id='word_1_10' title='bbox 1026 298 1240 363; x_wconf 83' lang='lat' dir='ltr'>vestigia</span> <span class='ocrx_word' id='word_1_11' title='bbox 1259 297 1444 361; x_wconf 87' lang='lat' dir='ltr'>lustro,</span> 
     </span>
    </p>

    <p class='ocr_par' dir='ltr' id='par_1_3' title="bbox 227 366 1450 422">
     <span class='ocr_line' id='line_1_3' title="bbox 227 366 1450 422; baseline -0.003 0"><span class='ocrx_word' id='word_1_12' title='bbox 227 371 351 422; x_wconf 92' lang='lat' dir='ltr'>Sole</span> <span class='ocrx_word' id='word_1_13' title='bbox 368 371 466 421; x_wconf 91' lang='lat' dir='ltr'>sub</span> <span class='ocrx_word' id='word_1_14' title='bbox 484 371 692 421; x_wconf 80' lang='lat' dir='ltr'>ardenti</span> <span class='ocrx_word' id='word_1_15' title='bbox 711 377 963 420; x_wconf 83' lang='lat' dir='ltr'>resonant</span> <span class='ocrx_word' id='word_1_16' title='bbox 982 368 1191 417; x_wconf 81' lang='lat' dir='ltr'>arbusta</span> <span class='ocrx_word' id='word_1_17' title='bbox 1211 366 1416 418; x_wconf 80' lang='lat' dir='ltr'>cicadis.</span> <span class='ocrx_word' id='word_1_18' title='bbox 1444 404 1450 410; x_wconf 85' lang='lat'>-</span> 
     </span>
    </p>

    <p class='ocr_par' dir='ltr' id='par_1_4' title="bbox 223 436 1486 505">
     <span class='ocr_line' id='line_1_4' title="bbox 223 436 1486 505; baseline -0.006 -12"><span class='ocrx_word' id='word_1_19' title='bbox 223 446 419 493; x_wconf 83' lang='lat' dir='ltr'>Nonne</span> <span class='ocrx_word' id='word_1_20' title='bbox 436 440 537 492; x_wconf 88' lang='lat' dir='ltr'>suit</span> <span class='ocrx_word' id='word_1_21' title='bbox 555 442 734 505; x_wconf 85' lang='lat' dir='ltr'>satius,</span> <span class='ocrx_word' id='word_1_22' title='bbox 772 439 944 488; x_wconf 84' lang='lat' dir='ltr'>tristes</span> <span class='ocrx_word' id='word_1_23' title='bbox 961 436 1298 501; x_wconf 74' lang='lat' dir='ltr'>Amaryllidis</span> <span class='ocrx_word' id='word_1_24' title='bbox 1316 437 1430 486; x_wconf 58' lang='lat' dir='ltr'>iras,</span> <span class='ocrx_word' id='word_1_25' title='bbox 1442 445 1486 484; x_wconf 45' lang='grc' dir='ltr'>ἐκ,</span> 
     </span>
    </p>

    <p class='ocr_par' dir='ltr' id='par_1_5' title="bbox 223 505 1744 739">
     <span class='ocr_line' id='line_1_5' title="bbox 224 505 1743 579; baseline -0.005 -17"><span class='ocrx_word' id='word_1_26' title='bbox 224 515 398 579; x_wconf 84' lang='lat' dir='ltr'>Atque</span> <span class='ocrx_word' id='word_1_27' title='bbox 417 512 645 579; x_wconf 83' lang='lat' dir='ltr'>superba</span> <span class='ocrx_word' id='word_1_28' title='bbox 664 511 770 577; x_wconf 84' lang='lat' dir='ltr'>pati</span> <span class='ocrx_word' id='word_1_29' title='bbox 789 507 1025 558; x_wconf 82' lang='lat' dir='ltr'>fastidia?</span> <span class='ocrx_word' id='word_1_30' title='bbox 1061 505 1580 569; x_wconf 73' lang='lat' dir='ltr'>nonneMenalqan?</span> <span class='ocrx_word' id='word_1_31' title='bbox 1679 508 1743 555; x_wconf 88' lang='lat'>15</span> 
     </span>
     <span class='ocr_line' id='line_1_6' title="bbox 223 596 1743 645; baseline -0.005 -6"><span class='ocrx_word' id='word_1_32' title='bbox 223 612 358 640; x_wconf 87' lang='lat' dir='ltr'>tantum</span> <span class='ocrx_word' id='word_1_33' title='bbox 379 605 565 639; x_wconf 88' lang='lat' dir='ltr'>scribendi.</span> <span class='ocrx_word' id='word_1_34' title='bbox 615 606 653 637; x_wconf 90' lang='lat' dir='ltr'>In</span> <span class='ocrx_word' id='word_1_35' title='bbox 671 603 798 637; x_wconf 88' lang='lat' dir='ltr'>talibus</span> <span class='ocrx_word' id='word_1_36' title='bbox 830 601 977 634; x_wconf 83' lang='lat' dir='ltr'>haerere</span> <span class='ocrx_word' id='word_1_37' title='bbox 1001 600 1092 633; x_wconf 81' lang='lat' dir='ltr'><strong>nihil</strong></span> <span class='ocrx_word' id='word_1_38' title='bbox 1123 600 1263 634; x_wconf 82' lang='lat' dir='ltr'>attinet.</span> <span class='ocrx_word' id='word_1_39' title='bbox 1289 600 1429 634; x_wconf 60' lang='lat' dir='ltr'>&#39;Porro</span> <span class='ocrx_word' id='word_1_40' title='bbox 1446 596 1517 632; x_wconf 58' lang='lat' dir='ltr'>³·aliiss</span> <span class='ocrx_word' id='word_1_41' title='bbox 1543 597 1743 645; x_wconf 77' lang='lat' dir='ltr'>serpillum,</span> 
     </span>
     <span class='ocr_line' id='line_1_7' title="bbox 225 646 1742 699; baseline -0.005 -13"><span class='ocrx_word' id='word_1_42' title='bbox 225 654 436 699; x_wconf 80' lang='lat' dir='ltr'>serpullum,</span> <span class='ocrx_word' id='word_1_43' title='bbox 453 653 664 698; x_wconf 75' lang='lat' dir='ltr'>serpellum3</span> <span class='ocrx_word' id='word_1_44' title='bbox 684 651 746 683; x_wconf 88' lang='lat' dir='ltr'>sed</span> <span class='ocrx_word' id='word_1_45' title='bbox 766 655 819 682; x_wconf 85' lang='lat' dir='ltr'>est</span> <span class='ocrx_word' id='word_1_46' title='bbox 838 647 1029 691; x_wconf 73' lang='grc' dir='ltr'><strong><em>ἕρπυλλον.</em></strong></span> <span class='ocrx_word' id='word_1_47' title='bbox 1048 648 1143 693; x_wconf 84' lang='lat' dir='ltr'>quod</span> <span class='ocrx_word' id='word_1_48' title='bbox 1152 648 1262 682; x_wconf 85' lang='lat' dir='ltr'>latine</span> <span class='ocrx_word' id='word_1_49' title='bbox 1280 647 1388 681; x_wconf 84' lang='lat' dir='ltr'><strong>scribi</strong></span> <span class='ocrx_word' id='word_1_50' title='bbox 1398 646 1521 683; x_wconf 75' lang='lat' dir='ltr'>debuit</span> <span class='ocrx_word' id='word_1_51' title='bbox 1530 646 1742 699; x_wconf 57' lang='lat' dir='ltr'>serpullum.</span> 
     </span>
     <span class='ocr_line' id='line_1_8' title="bbox 227 693 1744 739; baseline -0.005 -5"><span class='ocrx_word' id='word_1_52' title='bbox 227 701 271 736; x_wconf 75' lang='grc'>12</span> <span class='ocrx_word' id='word_1_53' title='bbox 293 703 348 734; x_wconf 87' lang='lat' dir='ltr'>Ac</span> <span class='ocrx_word' id='word_1_54' title='bbox 367 702 466 733; x_wconf 90' lang='lat' dir='ltr'>Rom.</span> <span class='ocrx_word' id='word_1_55' title='bbox 487 699 650 732; x_wconf 86' lang='lat' dir='ltr'>Heinsius</span> <span class='ocrx_word' id='word_1_56' title='bbox 670 697 823 730; x_wconf 84' lang='lat' dir='ltr'>malebat</span> <span class='ocrx_word' id='word_1_57' title='bbox 844 694 1079 739; x_wconf 82' lang='lat' dir='ltr'>distinguere:</span> <span class='ocrx_word' id='word_1_58' title='bbox 1105 699 1157 728; x_wconf 72' lang='lat' dir='ltr'>Ac</span> <span class='ocrx_word' id='word_1_59' title='bbox 1178 709 1253 738; x_wconf 86' lang='lat' dir='ltr'>me,</span> <span class='ocrx_word' id='word_1_60' title='bbox 1277 708 1358 728; x_wconf 78' lang='lat' dir='ltr'>cum.</span> <span class='ocrx_word' id='word_1_61' title='bbox 1381 694 1573 728; x_wconf 79' lang='lat' dir='ltr'>raucis.—</span> <span class='ocrx_word' id='word_1_62' title='bbox 1589 693 1744 739; x_wconf 30' lang='lat' dir='ltr'>,acacia-5,</span> 
     </span>
    </p>
   </div>
   <div class='ocr_carea' id='block_1_3' title="bbox 224 735 1744 835">
    <p class='ocr_par' dir='ltr' id='par_1_6' title="bbox 224 735 1744 835">
     <span class='ocr_line' id='line_1_9' title="bbox 225 735 1744 785; baseline -0.005 -5"><span class='ocrx_word' id='word_1_63' title='bbox 225 755 401 780; x_wconf 68' lang='lat' dir='ltr'>resonant</span> <span class='ocrx_word' id='word_1_64' title='bbox 417 745 569 779; x_wconf 74' lang='lat' dir='ltr'>arbusta</span> <span class='ocrx_word' id='word_1_65' title='bbox 590 752 627 778; x_wconf 91' lang='lat' dir='ltr'>ut</span> <span class='ocrx_word' id='word_1_66' title='bbox 643 744 715 778; x_wconf 90' lang='lat' dir='ltr'>Ecl.</span> <span class='ocrx_word' id='word_1_67' title='bbox 738 745 764 784; x_wconf 88' lang='grc' dir='ltr'>Ι,</span> <span class='ocrx_word' id='word_1_68' title='bbox 778 744 811 778; x_wconf 88' lang='lat'>5.</span> <span class='ocrx_word' id='word_1_69' title='bbox 896 740 939 777; x_wconf 82' lang='lat'>14</span> <span class='ocrx_word' id='word_1_70' title='bbox 963 743 1093 775; x_wconf 80' lang='lat' dir='ltr'>melius</span> <span class='ocrx_word' id='word_1_71' title='bbox 1113 741 1259 784; x_wconf 69' lang='lat' dir='ltr'>Zulich„</span> <span class='ocrx_word' id='word_1_72' title='bbox 1279 751 1328 775; x_wconf 72' lang='lat' dir='ltr'>exv</span> <span class='ocrx_word' id='word_1_73' title='bbox 1339 735 1648 785; x_wconf 58' lang='lat' dir='ltr'>interpretatione.</span> <span class='ocrx_word' id='word_1_74' title='bbox 1700 740 1744 775; x_wconf 83' lang='lat'>15</span> 
     </span>
     <span class='ocr_line' id='line_1_10' title="bbox 224 786 1743 835; baseline -0.005 -8"><span class='ocrx_word' id='word_1_75' title='bbox 224 794 421 828; x_wconf 84' lang='lat' dir='ltr'>Menalcan</span> <span class='ocrx_word' id='word_1_76' title='bbox 444 805 464 826; x_wconf 87' lang='lat' dir='ltr'>a</span> <span class='ocrx_word' id='word_1_77' title='bbox 484 792 599 826; x_wconf 87' lang='lat' dir='ltr'>Pierio</span> <span class='ocrx_word' id='word_1_78' title='bbox 620 804 661 824; x_wconf 86' lang='lat' dir='ltr'>ex</span> <span class='ocrx_word' id='word_1_79' title='bbox 680 790 821 835; x_wconf 88' lang='lat' dir='ltr'>optimis</span> <span class='ocrx_word' id='word_1_80' title='bbox 842 790 1147 831; x_wconf 75' lang='lat' dir='ltr'>commendatum„</span> <span class='ocrx_word' id='word_1_81' title='bbox 1173 802 1194 823; x_wconf 87' lang='lat' dir='ltr'>a</span> <span class='ocrx_word' id='word_1_82' title='bbox 1221 788 1411 823; x_wconf 63' lang='lat' dir='ltr'>Pulmanmss</span> <span class='ocrx_word' id='word_1_83' title='bbox 1428 786 1639 834; x_wconf 42' lang='lat' dir='ltr'>Come-elit&amp;</span> <span class='ocrx_word' id='word_1_84' title='bbox 1650 786 1743 833; x_wconf 66' lang='lat' dir='ltr'>3aliis</span> 
     </span>
    </p>
   </div>
   <div class='ocr_carea' id='block_1_4' title="bbox 224 832 1744 884">
    <p class='ocr_par' dir='ltr' id='par_1_7' title="bbox 224 832 1744 884">
     <span class='ocr_line' id='line_1_11' title="bbox 224 832 1744 884; baseline -0.004 -12"><span class='ocrx_word' id='word_1_85' title='bbox 224 847 424 884; x_wconf 81' lang='lat' dir='ltr'>receptum3</span> <span class='ocrx_word' id='word_1_86' title='bbox 449 839 508 872; x_wconf 79' lang='lat' dir='ltr'>alii</span> <span class='ocrx_word' id='word_1_87' title='bbox 532 839 747 872; x_wconf 79' lang='lat' dir='ltr'><em>Menalcam.</em></span> <span class='ocrx_word' id='word_1_88' title='bbox 797 838 836 870; x_wconf 87' lang='lat' dir='ltr'>In</span> <span class='ocrx_word' id='word_1_89' title='bbox 854 836 908 869; x_wconf 87' lang='lat' dir='ltr'>his</span> <span class='ocrx_word' id='word_1_90' title='bbox 927 836 1035 880; x_wconf 87' lang='lat' dir='ltr'>igitur</span> <span class='ocrx_word' id='word_1_91' title='bbox 1057 848 1182 880; x_wconf 83' lang='lat' dir='ltr'>graeca</span> <span class='ocrx_word' id='word_1_92' title='bbox 1204 835 1408 870; x_wconf 81' lang='lat' dir='ltr'>terminatio</span> <span class='ocrx_word' id='word_1_93' title='bbox 1428 845 1502 880; x_wconf 86' lang='lat' dir='ltr'>pro·</span> <span class='ocrx_word' id='word_1_94' title='bbox 1517 832 1744 879; x_wconf 80' lang='lat' dir='ltr'>exquisitiore</span> 
     </span>
    </p>
   </div>
   <div class='ocr_carea' id='block_1_5' title="bbox 225 886 680 921">
    <p class='ocr_par' dir='ltr' id='par_1_8' title="bbox 225 886 680 921">
     <span class='ocr_line' id='line_1_12' title="bbox 225 886 680 921; baseline -0.004 -1"><span class='ocrx_word' id='word_1_95' title='bbox 225 887 347 920; x_wconf 86' lang='lat' dir='ltr'>habita</span> <span class='ocrx_word' id='word_1_96' title='bbox 367 893 430 920; x_wconf 90' lang='lat' dir='ltr'>est.</span> <span class='ocrx_word' id='word_1_97' title='bbox 454 899 486 920; x_wconf 89' lang='lat' dir='ltr'>v.</span> <span class='ocrx_word' id='word_1_98' title='bbox 509 886 554 919; x_wconf 86' lang='lat' dir='ltr'>ad</span> <span class='ocrx_word' id='word_1_99' title='bbox 573 898 623 919; x_wconf 81' lang='lat' dir='ltr'>VS.</span> <span class='ocrx_word' id='word_1_100' title='bbox 649 887 680 921; x_wconf 90' lang='lat'>1.</span> 
     </span>
    </p>
   </div>
   <div class='ocr_carea' id='block_1_6' title="bbox 213 965 950 2973">
    <p class='ocr_par' dir='ltr' id='par_1_9' title="bbox 220 965 950 2057">
     <span class='ocr_line' id='line_1_13' title="bbox 225 965 948 1016; baseline -0.004 -9"><span class='ocrx_word' id='word_1_101' title='bbox 225 983 247 1007; x_wconf 89' lang='lat' dir='ltr'>a</span> <span class='ocrx_word' id='word_1_102' title='bbox 266 976 410 1007; x_wconf 84' lang='lat' dir='ltr'>natura</span> <span class='ocrx_word' id='word_1_103' title='bbox 424 968 482 1007; x_wconf 87' lang='lat' dir='ltr'>rei</span> <span class='ocrx_word' id='word_1_104' title='bbox 502 967 681 1016; x_wconf 83' lang='lat' dir='ltr'>ductum,</span> <span class='ocrx_word' id='word_1_105' title='bbox 702 980 777 1006; x_wconf 85' lang='lat' dir='ltr'>nec</span> <span class='ocrx_word' id='word_1_106' title='bbox 795 965 948 1016; x_wconf 81' lang='lat' dir='ltr'>definit,</span> 
     </span>
     <span class='ocr_line' id='line_1_14' title="bbox 223 1025 950 1076; baseline -0.004 -11"><span class='ocrx_word' id='word_1_107' title='bbox 223 1028 323 1066; x_wconf 87' lang='lat' dir='ltr'>bene</span> <span class='ocrx_word' id='word_1_108' title='bbox 342 1041 389 1065; x_wconf 89' lang='lat' dir='ltr'>an</span> <span class='ocrx_word' id='word_1_109' title='bbox 412 1027 534 1075; x_wconf 86' lang='lat' dir='ltr'>male,</span> <span class='ocrx_word' id='word_1_110' title='bbox 565 1025 685 1064; x_wconf 84' lang='lat' dir='ltr'>modo</span> <span class='ocrx_word' id='word_1_111' title='bbox 703 1025 881 1076; x_wconf 84' lang='lat' dir='ltr'>graviter</span> <span class='ocrx_word' id='word_1_112' title='bbox 903 1038 950 1062; x_wconf 85' lang='lat' dir='ltr'>ac</span> 
     </span>
     <span class='ocr_line' id='line_1_15' title="bbox 223 1082 949 1125; baseline -0.007 -1"><span class='ocrx_word' id='word_1_113' title='bbox 223 1085 353 1125; x_wconf 78' lang='lat' dir='ltr'>valde.</span> <span class='ocrx_word' id='word_1_114' title='bbox 411 1084 543 1122; x_wconf 81' lang='lat' dir='ltr'>Simile</span> <span class='ocrx_word' id='word_1_115' title='bbox 568 1083 745 1122; x_wconf 75' lang='lat' dir='ltr'>edulium</span> <span class='ocrx_word' id='word_1_116' title='bbox 772 1096 853 1120; x_wconf 87' lang='lat' dir='ltr'>esse</span> <span class='ocrx_word' id='word_1_117' title='bbox 882 1082 949 1121; x_wconf 84' lang='lat' dir='ltr'>vi—</span> 
     </span>
     <span class='ocr_line' id='line_1_16' title="bbox 225 1140 948 1192; baseline -0.007 -11"><span class='ocrx_word' id='word_1_118' title='bbox 225 1144 343 1181; x_wconf 71' lang='lat' dir='ltr'>detur</span> <span class='ocrx_word' id='word_1_119' title='bbox 361 1150 528 1180; x_wconf 78' lang='lat' dir='ltr'>moreto:</span> <span class='ocrx_word' id='word_1_120' title='bbox 553 1141 663 1192; x_wconf 80' lang='lat' dir='ltr'>quod</span> <span class='ocrx_word' id='word_1_121' title='bbox 681 1141 855 1179; x_wconf 82' lang='lat' dir='ltr'>carmine</span> <span class='ocrx_word' id='word_1_122' title='bbox 874 1140 948 1177; x_wconf 86' lang='lat' dir='ltr'>de-</span> 
     </span>
     <span class='ocr_line' id='line_1_17' title="bbox 224 1199 945 1253; baseline -0.004 -14"><span class='ocrx_word' id='word_1_123' title='bbox 224 1201 416 1253; x_wconf 86' lang='lat' dir='ltr'>scriptum</span> <span class='ocrx_word' id='word_1_124' title='bbox 441 1199 645 1238; x_wconf 83' lang='lat' dir='ltr'>habemus.</span> <span class='ocrx_word' id='word_1_125' title='bbox 694 1199 811 1237; x_wconf 84' lang='lat' dir='ltr'>Allia</span> <span class='ocrx_word' id='word_1_126' title='bbox 847 1212 945 1237; x_wconf 87' lang='lat' dir='ltr'>vero</span> 
     </span>
     <span class='ocr_line' id='line_1_18' title="bbox 222 1256 947 1310; baseline -0.004 -14"><span class='ocrx_word' id='word_1_127' title='bbox 222 1259 511 1310; x_wconf 66' lang='lat' dir='ltr'>seypyllmuque</span> <span class='ocrx_word' id='word_1_128' title='bbox 545 1263 821 1295; x_wconf 83' lang='lat' dir='ltr'>memorantur</span> <span class='ocrx_word' id='word_1_129' title='bbox 850 1256 947 1294; x_wconf 89' lang='lat' dir='ltr'>sim—</span> 
     </span>
     <span class='ocr_line' id='line_1_19' title="bbox 221 1314 947 1368; baseline -0.003 -14"><span class='ocrx_word' id='word_1_130' title='bbox 221 1315 396 1368; x_wconf 83' lang='lat' dir='ltr'>pliciter,</span> <span class='ocrx_word' id='word_1_131' title='bbox 435 1316 527 1366; x_wconf 81' lang='lat' dir='ltr'>quia</span> <span class='ocrx_word' id='word_1_132' title='bbox 559 1315 701 1353; x_wconf 85' lang='lat' dir='ltr'>talium</span> <span class='ocrx_word' id='word_1_133' title='bbox 736 1314 947 1353; x_wconf 88' lang='lat' dir='ltr'>hominum</span> 
     </span>
     <span class='ocr_line' id='line_1_20' title="bbox 220 1372 947 1424; baseline -0.001 -13"><span class='ocrx_word' id='word_1_134' title='bbox 220 1373 263 1411; x_wconf 90' lang='lat' dir='ltr'>in</span> <span class='ocrx_word' id='word_1_135' title='bbox 296 1373 372 1410; x_wconf 87' lang='lat' dir='ltr'>illis</span> <span class='ocrx_word' id='word_1_136' title='bbox 398 1373 516 1411; x_wconf 87' lang='lat' dir='ltr'>terris</span> <span class='ocrx_word' id='word_1_137' title='bbox 545 1373 803 1424; x_wconf 85' lang='lat' dir='ltr'>quotidianus</span> <span class='ocrx_word' id='word_1_138' title='bbox 835 1372 947 1411; x_wconf 88' lang='lat' dir='ltr'>cibus</span> 
     </span>
     <span class='ocr_line' id='line_1_21' title="bbox 221 1430 946 1481; baseline 0.001 -13"><span class='ocrx_word' id='word_1_139' title='bbox 221 1436 356 1480; x_wconf 73' lang='lat' dir='ltr'>erant,</span> <span class='ocrx_word' id='word_1_140' title='bbox 386 1444 499 1480; x_wconf 86' lang='lat' dir='ltr'>nam,</span> <span class='ocrx_word' id='word_1_141' title='bbox 531 1430 641 1481; x_wconf 82' lang='lat' dir='ltr'>quod</span> <span class='ocrx_word' id='word_1_142' title='bbox 658 1431 748 1469; x_wconf 86' lang='lat' dir='ltr'>ideo</span> <span class='ocrx_word' id='word_1_143' title='bbox 769 1430 946 1469; x_wconf 88' lang='lat' dir='ltr'>mandu-</span> 
     </span>
     <span class='ocr_line' id='line_1_22' title="bbox 221 1487 947 1540; baseline 0 -14"><span class='ocrx_word' id='word_1_144' title='bbox 221 1502 326 1526; x_wconf 85' lang='lat' dir='ltr'>casse</span> <span class='ocrx_word' id='word_1_145' title='bbox 345 1487 480 1537; x_wconf 84' lang='lat' dir='ltr'>aiunt,</span> <span class='ocrx_word' id='word_1_146' title='bbox 511 1494 559 1526; x_wconf 90' lang='lat' dir='ltr'>ut</span> <span class='ocrx_word' id='word_1_147' title='bbox 588 1488 722 1527; x_wconf 88' lang='lat' dir='ltr'>odoris</span> <span class='ocrx_word' id='word_1_148' title='bbox 746 1489 947 1540; x_wconf 84' lang='lat' dir='ltr'>gravitate</span> 
     </span>
     <span class='ocr_line' id='line_1_23' title="bbox 220 1547 948 1599; baseline 0.001 -15"><span class='ocrx_word' id='word_1_149' title='bbox 220 1552 421 1599; x_wconf 79' lang='lat' dir='ltr'>serpentes</span> <span class='ocrx_word' id='word_1_150' title='bbox 456 1552 497 1584; x_wconf 89' lang='lat' dir='ltr'>et</span> <span class='ocrx_word' id='word_1_151' title='bbox 541 1547 716 1598; x_wconf 86' lang='lat' dir='ltr'>scorpios</span> <span class='ocrx_word' id='word_1_152' title='bbox 760 1548 948 1599; x_wconf 83' lang='lat' dir='ltr'>fugarent</span> 
     </span>
     <span class='ocr_line' id='line_1_24' title="bbox 223 1603 945 1657; baseline 0 -15"><span class='ocrx_word' id='word_1_153' title='bbox 223 1603 278 1657; x_wconf 88' lang='lat' dir='ltr'>(v.</span> <span class='ocrx_word' id='word_1_154' title='bbox 297 1604 396 1642; x_wconf 91' lang='lat' dir='ltr'>Plin.</span> <span class='ocrx_word' id='word_1_155' title='bbox 416 1604 546 1643; x_wconf 82' lang='lat' dir='ltr'>Valer.</span> <span class='ocrx_word' id='word_1_156' title='bbox 575 1604 641 1653; x_wconf 83' lang='lat' dir='ltr'>IV,</span> <span class='ocrx_word' id='word_1_157' title='bbox 661 1608 728 1654; x_wconf 82' lang='lat'>37,</span> <span class='ocrx_word' id='word_1_158' title='bbox 759 1611 799 1643; x_wconf 90' lang='lat' dir='ltr'>et</span> <span class='ocrx_word' id='word_1_159' title='bbox 815 1605 945 1643; x_wconf 89' lang='lat' dir='ltr'>Ursin.</span> 
     </span>
     <span class='ocr_line' id='line_1_25' title="bbox 220 1660 947 1716; baseline 0.003 -17"><span class='ocrx_word' id='word_1_160' title='bbox 220 1662 262 1699; x_wconf 86' lang='lat' dir='ltr'>in</span> <span class='ocrx_word' id='word_1_161' title='bbox 280 1661 386 1712; x_wconf 82' lang='lat' dir='ltr'>Virg.</span> <span class='ocrx_word' id='word_1_162' title='bbox 415 1662 503 1700; x_wconf 87' lang='lat' dir='ltr'>coll.</span> <span class='ocrx_word' id='word_1_163' title='bbox 530 1661 640 1700; x_wconf 80' lang='lat' dir='ltr'>adh.</span> <span class='ocrx_word' id='word_1_164' title='bbox 668 1660 725 1716; x_wconf 87' lang='grc'>1.),</span> <span class='ocrx_word' id='word_1_165' title='bbox 762 1662 806 1700; x_wconf 88' lang='lat' dir='ltr'>id</span> <span class='ocrx_word' id='word_1_166' title='bbox 833 1676 947 1712; x_wconf 89' lang='lat' dir='ltr'>vero,</span> 
     </span>
     <span class='ocr_line' id='line_1_26' title="bbox 221 1719 946 1771; baseline 0.003 -15"><span class='ocrx_word' id='word_1_167' title='bbox 221 1732 272 1756; x_wconf 89' lang='lat' dir='ltr'>ne</span> <span class='ocrx_word' id='word_1_168' title='bbox 297 1719 495 1758; x_wconf 83' lang='lat' dir='ltr'>subtiliter</span> <span class='ocrx_word' id='word_1_169' title='bbox 525 1720 667 1771; x_wconf 83' lang='lat' dir='ltr'>magis,</span> <span class='ocrx_word' id='word_1_170' title='bbox 700 1734 821 1771; x_wconf 85' lang='lat' dir='ltr'>quam</span> <span class='ocrx_word' id='word_1_171' title='bbox 850 1734 946 1760; x_wconf 84' lang='lat' dir='ltr'>vere</span> 
     </span>
     <span class='ocr_line' id='line_1_27' title="bbox 223 1776 947 1830; baseline 0.003 -16"><span class='ocrx_word' id='word_1_172' title='bbox 223 1776 377 1815; x_wconf 81' lang='lat' dir='ltr'>dictum</span> <span class='ocrx_word' id='word_1_173' title='bbox 402 1777 474 1827; x_wconf 81' lang='lat' dir='ltr'>sit,</span> <span class='ocrx_word' id='word_1_174' title='bbox 512 1791 665 1816; x_wconf 82' lang='lat' dir='ltr'>vereor.</span> <span class='ocrx_word' id='word_1_175' title='bbox 721 1779 947 1830; x_wconf 75' lang='lat' dir='ltr'>Setpyllum</span> 
     </span>
     <span class='ocr_line' id='line_1_28' title="bbox 222 1835 947 1885; baseline 0.004 -14"><span class='ocrx_word' id='word_1_176' title='bbox 222 1847 304 1872; x_wconf 90' lang='lat' dir='ltr'>esse</span> <span class='ocrx_word' id='word_1_177' title='bbox 322 1840 506 1872; x_wconf 83' lang='lat' dir='ltr'>nostrum</span> <span class='ocrx_word' id='word_1_178' title='bbox 521 1835 711 1885; x_wconf 80' lang='lat' dir='ltr'>Quendel,</span> <span class='ocrx_word' id='word_1_179' title='bbox 725 1837 947 1874; x_wconf 67' lang='lat' dir='ltr'>Felclkiim-</span> 
     </span>
     <span class='ocr_line' id='line_1_29' title="bbox 222 1892 947 1944; baseline 0.007 -16"><span class='ocrx_word' id='word_1_180' title='bbox 222 1893 315 1941; x_wconf 81' lang='lat' dir='ltr'>mel,</span> <span class='ocrx_word' id='word_1_181' title='bbox 347 1892 484 1930; x_wconf 78' lang='lat' dir='ltr'>wilcler</span> <span class='ocrx_word' id='word_1_182' title='bbox 506 1893 718 1944; x_wconf 65' lang='lat' dir='ltr'>Yszmian,</span> <span class='ocrx_word' id='word_1_183' title='bbox 748 1893 947 1933; x_wconf 86' lang='lat' dir='ltr'>Martinus</span> 
     </span>
     <span class='ocr_line' id='line_1_30' title="bbox 222 1949 947 2003; baseline 0.006 -16"><span class='ocrx_word' id='word_1_184' title='bbox 222 1949 276 1988; x_wconf 83' lang='lat' dir='ltr'>ad</span> <span class='ocrx_word' id='word_1_185' title='bbox 304 1950 443 2002; x_wconf 84' lang='lat' dir='ltr'>Georg.</span> <span class='ocrx_word' id='word_1_186' title='bbox 471 1950 535 1999; x_wconf 84' lang='lat' dir='ltr'>IV,</span> <span class='ocrx_word' id='word_1_187' title='bbox 571 1953 625 1992; x_wconf 79' lang='lat'>30</span> <span class='ocrx_word' id='word_1_188' title='bbox 654 1951 794 2003; x_wconf 83' lang='lat' dir='ltr'>docet3</span> <span class='ocrx_word' id='word_1_189' title='bbox 826 1952 947 1992; x_wconf 87' lang='lat' dir='ltr'>dubi-</span> 
     </span>
     <span class='ocr_line' id='line_1_31' title="bbox 221 2007 802 2057; baseline 0.01 -13"><span class='ocrx_word' id='word_1_190' title='bbox 221 2013 313 2046; x_wconf 90' lang='lat' dir='ltr'>tant</span> <span class='ocrx_word' id='word_1_191' title='bbox 331 2007 415 2057; x_wconf 77' lang='lat' dir='ltr'>alii,</span> <span class='ocrx_word' id='word_1_192' title='bbox 446 2021 498 2045; x_wconf 87' lang='lat' dir='ltr'>an</span> <span class='ocrx_word' id='word_1_193' title='bbox 516 2007 719 2047; x_wconf 80' lang='lat' dir='ltr'>diversum</span> <span class='ocrx_word' id='word_1_194' title='bbox 739 2011 802 2050; x_wconf 84' lang='lat' dir='ltr'>sit.</span> 
     </span>
    </p>

    <p class='ocr_par' dir='ltr' id='par_1_10' title="bbox 213 2065 948 2973">
     <span class='ocr_line' id='line_1_32' title="bbox 282 2065 948 2107; baseline 0.009 -5"><span class='ocrx_word' id='word_1_195' title='bbox 282 2068 346 2106; x_wconf 79' lang='lat'>12.</span> <span class='ocrx_word' id='word_1_196' title='bbox 374 2065 549 2103; x_wconf 81' lang='lat' dir='ltr'>Arbusta</span> <span class='ocrx_word' id='word_1_197' title='bbox 583 2077 766 2106; x_wconf 79' lang='lat' dir='ltr'>resonant</span> <span class='ocrx_word' id='word_1_198' title='bbox 795 2069 948 2107; x_wconf 79' lang='lat' dir='ltr'>cicadis</span> 
     </span>
     <span class='ocr_line' id='line_1_33' title="bbox 221 2121 947 2175; baseline 0.01 -16"><span class='ocrx_word' id='word_1_199' title='bbox 221 2136 375 2160; x_wconf 84' lang='lat' dir='ltr'>meeum</span> <span class='ocrx_word' id='word_1_200' title='bbox 392 2121 433 2161; x_wconf 88' lang='lat' dir='ltr'>h.</span> <span class='ocrx_word' id='word_1_201' title='bbox 451 2137 514 2161; x_wconf 88' lang='lat' dir='ltr'>me</span> <span class='ocrx_word' id='word_1_202' title='bbox 535 2130 743 2175; x_wconf 86' lang='lat' dir='ltr'>cantante,</span> <span class='ocrx_word' id='word_1_203' title='bbox 770 2126 847 2165; x_wconf 88' lang='lat' dir='ltr'>illis</span> <span class='ocrx_word' id='word_1_204' title='bbox 864 2141 947 2166; x_wconf 88' lang='lat' dir='ltr'>una</span> 
     </span>
     <span class='ocr_line' id='line_1_34' title="bbox 221 2179 946 2223; baseline 0.007 -5"><span class='ocrx_word' id='word_1_205' title='bbox 221 2179 493 2219; x_wconf 85' lang='lat' dir='ltr'>stridentibus.</span> <span class='ocrx_word' id='word_1_206' title='bbox 522 2181 556 2219; x_wconf 92' lang='lat' dir='ltr'>N</span> <span class='ocrx_word' id='word_1_207' title='bbox 559 2195 622 2219; x_wconf 86' lang='lat' dir='ltr'>am</span> <span class='ocrx_word' id='word_1_208' title='bbox 639 2183 697 2221; x_wconf 89' lang='lat' dir='ltr'>ita</span> <span class='ocrx_word' id='word_1_209' title='bbox 706 2198 861 2223; x_wconf 84' lang='lat' dir='ltr'>mecum</span> <span class='ocrx_word' id='word_1_210' title='bbox 878 2199 946 2223; x_wconf 86' lang='lat' dir='ltr'>ac-</span> 
     </span>
     <span class='ocr_line' id='line_1_35' title="bbox 221 2238 944 2293; baseline 0.01 -18"><span class='ocrx_word' id='word_1_211' title='bbox 221 2238 351 2289; x_wconf 86' lang='lat' dir='ltr'>cipere</span> <span class='ocrx_word' id='word_1_212' title='bbox 385 2238 497 2276; x_wconf 80' lang='lat' dir='ltr'>iubet</span> <span class='ocrx_word' id='word_1_213' title='bbox 533 2240 639 2278; x_wconf 78' lang='lat' dir='ltr'>ratio</span> <span class='ocrx_word' id='word_1_214' title='bbox 676 2243 944 2293; x_wconf 86' lang='lat' dir='ltr'>grammatica,</span> 
     </span>
     <span class='ocr_line' id='line_1_36' title="bbox 221 2294 940 2351; baseline 0.014 -18"><span class='ocrx_word' id='word_1_215' title='bbox 221 2308 342 2346; x_wconf 90' lang='lat' dir='ltr'>quam</span> <span class='ocrx_word' id='word_1_216' title='bbox 368 2294 434 2333; x_wconf 91' lang='lat' dir='ltr'>hic</span> <span class='ocrx_word' id='word_1_217' title='bbox 461 2296 681 2337; x_wconf 80' lang='lat' dir='ltr'>illustrabo.</span> <span class='ocrx_word' id='word_1_218' title='bbox 731 2300 799 2339; x_wconf 88' lang='lat' dir='ltr'>Ge.</span> <span class='ocrx_word' id='word_1_219' title='bbox 828 2301 857 2351; x_wconf 91' lang='lat' dir='ltr'>I,</span> <span class='ocrx_word' id='word_1_220' title='bbox 888 2301 940 2343; x_wconf 83' lang='lat'>41</span> 
     </span>
     <span class='ocr_line' id='line_1_37' title="bbox 220 2354 941 2405; baseline 0.011 -16"><span class='ocrx_word' id='word_1_221' title='bbox 220 2354 468 2405; x_wconf 75' lang='lat' dir='ltr'>[gnarosque</span> <span class='ocrx_word' id='word_1_222' title='bbox 485 2356 575 2392; x_wconf 68' lang='lat' dir='ltr'>viae</span> <span class='ocrx_word' id='word_1_223' title='bbox 601 2370 756 2395; x_wconf 83' lang='lat' dir='ltr'>mecum</span> <span class='ocrx_word' id='word_1_224' title='bbox 773 2361 941 2396; x_wconf 77' lang='lat' dir='ltr'>misera-</span> 
     </span>
     <span class='ocr_line' id='line_1_38' title="bbox 220 2417 942 2467; baseline 0.011 -20"><span class='ocrx_word' id='word_1_225' title='bbox 220 2417 283 2447; x_wconf 79' lang='lat' dir='ltr'>tus</span> <span class='ocrx_word' id='word_1_226' title='bbox 319 2419 515 2461; x_wconf 76' lang='lat' dir='ltr'>agrestes:</span> <span class='ocrx_word' id='word_1_227' title='bbox 551 2426 729 2464; x_wconf 88' lang='lat' dir='ltr'>mecum,</span> <span class='ocrx_word' id='word_1_228' title='bbox 781 2417 850 2467; x_wconf 85' lang='lat' dir='ltr'>qui</span> <span class='ocrx_word' id='word_1_229' title='bbox 876 2430 942 2455; x_wconf 89' lang='lat' dir='ltr'>eos</span> 
     </span>
     <span class='ocr_line' id='line_1_39' title="bbox 219 2467 942 2527; baseline 0.011 -23"><span class='ocrx_word' id='word_1_230' title='bbox 219 2467 385 2506; x_wconf 85' lang='lat' dir='ltr'>miseror</span> <span class='ocrx_word' id='word_1_231' title='bbox 394 2468 487 2519; x_wconf 89' lang='lat' dir='ltr'>ipse.</span> <span class='ocrx_word' id='word_1_232' title='bbox 499 2469 567 2508; x_wconf 87' lang='lat' dir='ltr'>Ge.</span> <span class='ocrx_word' id='word_1_233' title='bbox 579 2471 664 2520; x_wconf 80' lang='lat'>11‚8</span> <span class='ocrx_word' id='word_1_234' title='bbox 684 2482 812 2511; x_wconf 77' lang='lat' dir='ltr'>musto</span> <span class='ocrx_word' id='word_1_235' title='bbox 832 2476 942 2527; x_wconf 77' lang='lat' dir='ltr'>tinge</span> 
     </span>
     <span class='ocr_line' id='line_1_40' title="bbox 219 2532 944 2583; baseline 0.015 -22"><span class='ocrx_word' id='word_1_236' title='bbox 219 2539 319 2564; x_wconf 79' lang='lat' dir='ltr'>novo</span> <span class='ocrx_word' id='word_1_237' title='bbox 336 2540 490 2564; x_wconf 87' lang='lat' dir='ltr'>mecum</span> <span class='ocrx_word' id='word_1_238' title='bbox 506 2541 620 2565; x_wconf 80' lang='lat' dir='ltr'>crura</span> <span class='ocrx_word' id='word_1_239' title='bbox 632 2558 642 2577; x_wconf 96' lang='lat'>,</span> <span class='ocrx_word' id='word_1_240' title='bbox 665 2543 841 2581; x_wconf 87' lang='lat' dir='ltr'>meeum,</span> <span class='ocrx_word' id='word_1_241' title='bbox 874 2532 944 2583; x_wconf 88' lang='lat' dir='ltr'>qui</span> 
     </span>
     <span class='ocr_line' id='line_1_41' title="bbox 219 2582 941 2635; baseline 0.012 -15"><span class='ocrx_word' id='word_1_242' title='bbox 219 2588 260 2621; x_wconf 90' lang='lat' dir='ltr'>et</span> <span class='ocrx_word' id='word_1_243' title='bbox 275 2582 358 2635; x_wconf 91' lang='lat' dir='ltr'>ipse</span> <span class='ocrx_word' id='word_1_244' title='bbox 385 2583 515 2635; x_wconf 84' lang='lat' dir='ltr'>tingo,</span> <span class='ocrx_word' id='word_1_245' title='bbox 555 2586 662 2624; x_wconf 88' lang='lat' dir='ltr'>calco</span> <span class='ocrx_word' id='word_1_246' title='bbox 690 2601 800 2627; x_wconf 89' lang='lat' dir='ltr'>uvas.</span> <span class='ocrx_word' id='word_1_247' title='bbox 843 2588 941 2629; x_wconf 85' lang='lat' dir='ltr'>Aen.</span> 
     </span>
     <span class='ocr_line' id='line_1_42' title="bbox 217 2635 943 2694; baseline 0.017 -20"><span class='ocrx_word' id='word_1_248' title='bbox 217 2635 255 2688; x_wconf 81' lang='grc' dir='ltr'>Γ,</span> <span class='ocrx_word' id='word_1_249' title='bbox 276 2641 358 2683; x_wconf 87' lang='lat'>675</span> <span class='ocrx_word' id='word_1_250' title='bbox 408 2641 488 2678; x_wconf 81' lang='lat' dir='ltr'>Sed</span> <span class='ocrx_word' id='word_1_251' title='bbox 507 2656 657 2694; x_wconf 73' lang='lat' dir='ltr'>magno</span> <span class='ocrx_word' id='word_1_252' title='bbox 673 2650 834 2684; x_wconf 82' lang='lat' dir='ltr'>Aeneae</span> <span class='ocrx_word' id='word_1_253' title='bbox 856 2663 943 2685; x_wconf 86' lang='lat' dir='ltr'>me-</span> 
     </span>
     <span class='ocr_line' id='line_1_43' title="bbox 217 2705 943 2754; baseline 0.014 -20"><span class='ocrx_word' id='word_1_254' title='bbox 217 2711 309 2735; x_wconf 85' lang='lat' dir='ltr'>cum</span> <span class='ocrx_word' id='word_1_255' title='bbox 329 2705 508 2735; x_wconf 81' lang='lat' dir='ltr'>teneatur</span> <span class='ocrx_word' id='word_1_256' title='bbox 522 2714 665 2739; x_wconf 84' lang='lat' dir='ltr'>amore.</span> <span class='ocrx_word' id='word_1_257' title='bbox 694 2716 861 2754; x_wconf 87' lang='lat' dir='ltr'>mecum,</span> <span class='ocrx_word' id='word_1_258' title='bbox 888 2705 943 2743; x_wconf 90' lang='lat' dir='ltr'>si-</span> 
     </span>
     <span class='ocr_line' id='line_1_44' title="bbox 216 2755 941 2807; baseline 0.014 -15"><span class='ocrx_word' id='word_1_259' title='bbox 216 2755 324 2804; x_wconf 89' lang='lat' dir='ltr'>mul,</span> <span class='ocrx_word' id='word_1_260' title='bbox 353 2761 402 2793; x_wconf 86' lang='lat' dir='ltr'>ut</span> <span class='ocrx_word' id='word_1_261' title='bbox 430 2768 500 2807; x_wconf 89' lang='lat' dir='ltr'>ego</span> <span class='ocrx_word' id='word_1_262' title='bbox 520 2757 602 2796; x_wconf 85' lang='lat' dir='ltr'>eius</span> <span class='ocrx_word' id='word_1_263' title='bbox 629 2771 763 2798; x_wconf 86' lang='lat' dir='ltr'>amore</span> <span class='ocrx_word' id='word_1_264' title='bbox 791 2767 941 2802; x_wconf 88' lang='lat' dir='ltr'>teneor.</span> 
     </span>
     <span class='ocr_line' id='line_1_45' title="bbox 213 2810 943 2867; baseline 0.012 -17"><span class='ocrx_word' id='word_1_265' title='bbox 213 2810 435 2851; x_wconf 84' lang='lat' dir='ltr'>Meminisse</span> <span class='ocrx_word' id='word_1_266' title='bbox 461 2813 653 2852; x_wconf 84' lang='lat' dir='ltr'>debebam</span> <span class='ocrx_word' id='word_1_267' title='bbox 668 2815 785 2867; x_wconf 87' lang='lat' dir='ltr'>haec,</span> <span class='ocrx_word' id='word_1_268' title='bbox 817 2820 869 2857; x_wconf 77' lang='lat' dir='ltr'>acl</span> <span class='ocrx_word' id='word_1_269' title='bbox 879 2821 943 2858; x_wconf 92' lang='lat' dir='ltr'>lo-</span> 
     </span>
     <span class='ocr_line' id='line_1_46' title="bbox 217 2869 936 2927; baseline 0.01 -19"><span class='ocrx_word' id='word_1_270' title='bbox 217 2882 310 2909; x_wconf 87' lang='lat' dir='ltr'>cum</span> <span class='ocrx_word' id='word_1_271' title='bbox 329 2869 428 2910; x_wconf 83' lang='lat' dir='ltr'>Aen.</span> <span class='ocrx_word' id='word_1_272' title='bbox 438 2870 503 2920; x_wconf 95' lang='lat' dir='ltr'>IV,</span> <span class='ocrx_word' id='word_1_273' title='bbox 527 2872 608 2914; x_wconf 89' lang='lat'>115</span> <span class='ocrx_word' id='word_1_274' title='bbox 629 2875 936 2927; x_wconf 78' lang='lat' dir='ltr'>expediendum,</span> 
     </span>
     <span class='ocr_line' id='line_1_47' title="bbox 213 2927 939 2973; baseline 0.01 -7"><span class='ocrx_word' id='word_1_275' title='bbox 213 2927 286 2966; x_wconf 89' lang='lat' dir='ltr'>ubi</span> <span class='ocrx_word' id='word_1_276' title='bbox 313 2927 413 2968; x_wconf 90' lang='lat' dir='ltr'>Iuno</span> <span class='ocrx_word' id='word_1_277' title='bbox 449 2928 501 2967; x_wconf 82' lang='lat' dir='ltr'>ad</span> <span class='ocrx_word' id='word_1_278' title='bbox 528 2927 739 2970; x_wconf 84' lang='lat' dir='ltr'>Venerem:</span> <span class='ocrx_word' id='word_1_279' title='bbox 786 2948 939 2973; x_wconf 84' lang='lat' dir='ltr'>mecum</span> 
     </span>
    </p>
   </div>
   <div class='ocr_carea' id='block_1_7' title="bbox 731 881 1744 930">
    <p class='ocr_par' dir='ltr' id='par_1_11' title="bbox 731 881 1744 930">
     <span class='ocr_line' id='line_1_48' title="bbox 731 881 1744 930; baseline -0.002 -14"><span class='ocrx_word' id='word_1_280' title='bbox 731 886 844 929; x_wconf 83' lang='lat' dir='ltr'>(Rom.</span> <span class='ocrx_word' id='word_1_281' title='bbox 867 895 1047 930; x_wconf 79' lang='lat' dir='ltr'>superva,</span> <span class='ocrx_word' id='word_1_282' title='bbox 1079 882 1124 916; x_wconf 89' lang='lat' dir='ltr'>de</span> <span class='ocrx_word' id='word_1_283' title='bbox 1156 896 1224 929; x_wconf 88' lang='lat' dir='ltr'>qua</span> <span class='ocrx_word' id='word_1_284' title='bbox 1253 882 1431 917; x_wconf 87' lang='lat' dir='ltr'>scribendi</span> <span class='ocrx_word' id='word_1_285' title='bbox 1456 881 1595 927; x_wconf 76' lang='lat' dir='ltr'>ratione</span> <span class='ocrx_word' id='word_1_286' title='bbox 1613 892 1744 915; x_wconf 84' lang='lat' dir='ltr'>consu-</span> 
     </span>
    </p>
   </div>
   <div class='ocr_carea' id='block_1_8' title="bbox 997 962 1744 2980">
    <p class='ocr_par' dir='ltr' id='par_1_12' title="bbox 997 962 1744 2980">
     <span class='ocr_line' id='line_1_49' title="bbox 1006 962 1744 1018; baseline -0.003 -14"><span class='ocrx_word' id='word_1_287' title='bbox 1006 968 1078 1004; x_wconf 77' lang='lat' dir='ltr'>eric</span> <span class='ocrx_word' id='word_1_288' title='bbox 1096 968 1168 1004; x_wconf 81' lang='lat' dir='ltr'>isle</span> <span class='ocrx_word' id='word_1_289' title='bbox 1188 966 1324 1018; x_wconf 82' lang='lat' dir='ltr'>labor:</span> <span class='ocrx_word' id='word_1_290' title='bbox 1358 965 1436 1006; x_wconf 86' lang='lat' dir='ltr'>erit</span> <span class='ocrx_word' id='word_1_291' title='bbox 1452 963 1661 1016; x_wconf 38' lang='lat' dir='ltr'>tibillfabor</span> <span class='ocrx_word' id='word_1_292' title='bbox 1676 962 1744 1002; x_wconf 89' lang='lat' dir='ltr'>hic</span> 
     </span>
     <span class='ocr_line' id='line_1_50' title="bbox 1005 1016 1736 1077; baseline -0.003 -14"><span class='ocrx_word' id='word_1_293' title='bbox 1005 1038 1089 1063; x_wconf 86' lang='lat' dir='ltr'>una</span> <span class='ocrx_word' id='word_1_294' title='bbox 1106 1039 1286 1076; x_wconf 83' lang='lat' dir='ltr'>mecum3</span> <span class='ocrx_word' id='word_1_295' title='bbox 1315 1038 1380 1063; x_wconf 92' lang='lat' dir='ltr'>me</span> <span class='ocrx_word' id='word_1_296' title='bbox 1405 1019 1492 1077; x_wconf 64' lang='lat' dir='ltr'>una</span> <span class='ocrx_word' id='word_1_297' title='bbox 1518 1016 1655 1077; x_wconf 54' lang='lat' dir='ltr'>&#39;tecm‘n</span> <span class='ocrx_word' id='word_1_298' title='bbox 1682 1022 1736 1061; x_wconf 78' lang='lat' dir='ltr'>al-</span> 
     </span>
     <span class='ocr_line' id='line_1_51' title="bbox 1004 1079 1744 1130; baseline -0.005 -9"><span class='ocrx_word' id='word_1_299' title='bbox 1004 1083 1230 1130; x_wconf 80' lang='lat' dir='ltr'>laborante.</span> <span class='ocrx_word' id='word_1_300' title='bbox 1288 1083 1336 1123; x_wconf 89' lang='lat' dir='ltr'>In</span> <span class='ocrx_word' id='word_1_301' title='bbox 1354 1079 1662 1124; x_wconf 49' lang='lat' dir='ltr'>aliis-locine&amp;</span> <span class='ocrx_word' id='word_1_302' title='bbox 1681 1085 1744 1118; x_wconf 84' lang='lat' dir='ltr'>est</span> 
     </span>
     <span class='ocr_line' id='line_1_52' title="bbox 1005 1139 1741 1194; baseline -0.001 -16"><span class='ocrx_word' id='word_1_303' title='bbox 1005 1141 1204 1194; x_wconf 82' lang='lat' dir='ltr'>apertior,</span> <span class='ocrx_word' id='word_1_304' title='bbox 1233 1147 1283 1181; x_wconf 90' lang='lat' dir='ltr'>ut</span> <span class='ocrx_word' id='word_1_305' title='bbox 1319 1140 1458 1180; x_wconf 81' lang='lat' dir='ltr'>statim</span> <span class='ocrx_word' id='word_1_306' title='bbox 1475 1139 1546 1178; x_wconf 76' lang='lat' dir='ltr'>infi</span> <span class='ocrx_word' id='word_1_307' title='bbox 1584 1143 1657 1190; x_wconf 25' lang='grc' dir='ltr'><em>ἠὲ...</em></span> <span class='ocrx_word' id='word_1_308' title='bbox 1673 1141 1741 1180; x_wconf 85' lang='grc'>81.</span> 
     </span>
     <span class='ocr_line' id='line_1_53' title="bbox 1005 1196 1743 1237; baseline -0.004 0"><span class='ocrx_word' id='word_1_309' title='bbox 1005 1201 1175 1237; x_wconf 82' lang='lat' dir='ltr'>Mecum</span> <span class='ocrx_word' id='word_1_310' title='bbox 1201 1214 1285 1237; x_wconf 82' lang='lat' dir='ltr'>una</span> <span class='ocrx_word' id='word_1_311' title='bbox 1318 1201 1362 1237; x_wconf 75' lang='lat' dir='ltr'>iu</span> <span class='ocrx_word' id='word_1_312' title='bbox 1400 1198 1514 1237; x_wconf 77' lang='lat' dir='ltr'>silvis</span> <span class='ocrx_word' id='word_1_313' title='bbox 1539 1196 1743 1235; x_wconf 63' lang='lat' dir='ltr'>imitabere</span> 
     </span>
     <span class='ocr_line' id='line_1_54' title="bbox 1005 1254 1742 1307; baseline -0.001 -13"><span class='ocrx_word' id='word_1_314' title='bbox 1005 1259 1129 1295; x_wconf 81' lang='lat' dir='ltr'>Pana</span> <span class='ocrx_word' id='word_1_315' title='bbox 1148 1257 1348 1307; x_wconf 82' lang='lat' dir='ltr'>canendo,</span> <span class='ocrx_word' id='word_1_316' title='bbox 1379 1270 1467 1295; x_wconf 88' lang='lat' dir='ltr'>una.</span> <span class='ocrx_word' id='word_1_317' title='bbox 1481 1257 1653 1304; x_wconf 83' lang='lat' dir='ltr'>mecum,</span> <span class='ocrx_word' id='word_1_318' title='bbox 1672 1254 1742 1306; x_wconf 86' lang='lat' dir='ltr'>qui</span> 
     </span>
     <span class='ocr_line' id='line_1_55' title="bbox 1002 1308 1741 1368; baseline -0.004 -15"><span class='ocrx_word' id='word_1_319' title='bbox 1002 1315 1087 1367; x_wconf 84' lang='lat' dir='ltr'>ipse</span> <span class='ocrx_word' id='word_1_320' title='bbox 1123 1315 1274 1354; x_wconf 83' lang='lat' dir='ltr'>imitor.</span> <span class='ocrx_word' id='word_1_321' title='bbox 1342 1313 1470 1368; x_wconf 80' lang='lat' dir='ltr'>Apud</span> <span class='ocrx_word' id='word_1_322' title='bbox 1503 1308 1649 1359; x_wconf 76' lang='lat' dir='ltr'>Horat.</span> <span class='ocrx_word' id='word_1_323' title='bbox 1683 1314 1741 1350; x_wconf 73' lang='lat' dir='ltr'>sic</span> 
     </span>
     <span class='ocr_line' id='line_1_56' title="bbox 1004 1370 1742 1425; baseline -0.003 -15"><span class='ocrx_word' id='word_1_324' title='bbox 1004 1374 1150 1425; x_wconf 74' lang='lat' dir='ltr'>collige</span> <span class='ocrx_word' id='word_1_325' title='bbox 1195 1386 1362 1412; x_wconf 86' lang='lat' dir='ltr'>mecum.</span> <span class='ocrx_word' id='word_1_326' title='bbox 1429 1371 1581 1410; x_wconf 84' lang='lat' dir='ltr'>Eodem</span> <span class='ocrx_word' id='word_1_327' title='bbox 1617 1370 1742 1424; x_wconf 85' lang='lat' dir='ltr'>igitur</span> 
     </span>
     <span class='ocr_line' id='line_1_57' title="bbox 1003 1429 1740 1470; baseline -0.007 0"><span class='ocrx_word' id='word_1_328' title='bbox 1003 1431 1127 1469; x_wconf 86' lang='lat' dir='ltr'>modo</span> <span class='ocrx_word' id='word_1_329' title='bbox 1165 1429 1206 1470; x_wconf 89' lang='lat' dir='ltr'>h.</span> <span class='ocrx_word' id='word_1_330' title='bbox 1233 1431 1260 1470; x_wconf 95' lang='grc'>1.</span> <span class='ocrx_word' id='word_1_331' title='bbox 1279 1430 1442 1469; x_wconf 76' lang='lat' dir='ltr'>arbusta</span> <span class='ocrx_word' id='word_1_332' title='bbox 1470 1436 1654 1467; x_wconf 77' lang='lat' dir='ltr'>resonant</span> <span class='ocrx_word' id='word_1_333' title='bbox 1679 1430 1740 1466; x_wconf 76' lang='lat' dir='ltr'>ci-</span> 
     </span>
     <span class='ocr_line' id='line_1_58' title="bbox 1005 1489 1738 1539; baseline -0.004 -12"><span class='ocrx_word' id='word_1_334' title='bbox 1005 1489 1119 1527; x_wconf 71' lang='lat' dir='ltr'>cadis</span> <span class='ocrx_word' id='word_1_335' title='bbox 1146 1503 1321 1539; x_wconf 84' lang='lat' dir='ltr'>mecum,</span> <span class='ocrx_word' id='word_1_336' title='bbox 1361 1501 1426 1526; x_wconf 89' lang='lat' dir='ltr'>me</span> <span class='ocrx_word' id='word_1_337' title='bbox 1453 1493 1642 1537; x_wconf 77' lang='lat' dir='ltr'>canente,</span> <span class='ocrx_word' id='word_1_338' title='bbox 1671 1499 1738 1524; x_wconf 90' lang='lat' dir='ltr'>re-</span> 
     </span>
     <span class='ocr_line' id='line_1_59' title="bbox 1005 1545 1738 1597; baseline -0.003 -12"><span class='ocrx_word' id='word_1_339' title='bbox 1005 1553 1153 1586; x_wconf 84' lang='lat' dir='ltr'>sonant</span> <span class='ocrx_word' id='word_1_340' title='bbox 1165 1547 1330 1586; x_wconf 83' lang='lat' dir='ltr'>arbusta</span> <span class='ocrx_word' id='word_1_341' title='bbox 1340 1553 1381 1585; x_wconf 90' lang='lat' dir='ltr'>et</span> <span class='ocrx_word' id='word_1_342' title='bbox 1391 1545 1537 1586; x_wconf 85' lang='lat' dir='ltr'>cicadis</span> <span class='ocrx_word' id='word_1_343' title='bbox 1544 1571 1547 1575; x_wconf 68' lang='lat'><em>›</em></span> <span class='ocrx_word' id='word_1_344' title='bbox 1554 1551 1738 1597; x_wconf 79' lang='lat' dir='ltr'>strepen-</span> 
     </span>
     <span class='ocr_line' id='line_1_60' title="bbox 1004 1601 1740 1657; baseline -0.004 -13"><span class='ocrx_word' id='word_1_345' title='bbox 1004 1605 1113 1644; x_wconf 83' lang='lat' dir='ltr'>tibus</span> <span class='ocrx_word' id='word_1_346' title='bbox 1133 1611 1174 1644; x_wconf 91' lang='lat' dir='ltr'>et</span> <span class='ocrx_word' id='word_1_347' title='bbox 1182 1619 1246 1643; x_wconf 88' lang='lat' dir='ltr'>me</span> <span class='ocrx_word' id='word_1_348' title='bbox 1259 1619 1342 1644; x_wconf 88' lang='lat' dir='ltr'>una</span> <span class='ocrx_word' id='word_1_349' title='bbox 1361 1610 1543 1655; x_wconf 79' lang='lat' dir='ltr'>canente.</span> <span class='ocrx_word' id='word_1_350' title='bbox 1575 1601 1647 1657; x_wconf 84' lang='lat' dir='ltr'>(At</span> <span class='ocrx_word' id='word_1_351' title='bbox 1658 1617 1740 1641; x_wconf 91' lang='lat' dir='ltr'>non</span> 
     </span>
     <span class='ocr_line' id='line_1_61' title="bbox 1006 1663 1738 1702; baseline -0.003 -1"><span class='ocrx_word' id='word_1_352' title='bbox 1006 1670 1066 1702; x_wconf 90' lang='lat' dir='ltr'>est</span> <span class='ocrx_word' id='word_1_353' title='bbox 1083 1663 1209 1702; x_wconf 83' lang='lat' dir='ltr'>idem:</span> <span class='ocrx_word' id='word_1_354' title='bbox 1238 1663 1402 1701; x_wconf 80' lang='lat' dir='ltr'>arbusta</span> <span class='ocrx_word' id='word_1_355' title='bbox 1420 1671 1605 1701; x_wconf 79' lang='lat' dir='ltr'>resonant</span> <span class='ocrx_word' id='word_1_356' title='bbox 1625 1663 1738 1699; x_wconf 82' lang='lat' dir='ltr'>cica—</span> 
     </span>
     <span class='ocr_line' id='line_1_62' title="bbox 1005 1718 1738 1771; baseline -0.003 -12"><span class='ocrx_word' id='word_1_357' title='bbox 1005 1722 1088 1771; x_wconf 78' lang='lat' dir='ltr'>dis,</span> <span class='ocrx_word' id='word_1_358' title='bbox 1120 1727 1178 1759; x_wconf 84' lang='lat' dir='ltr'>et:</span> <span class='ocrx_word' id='word_1_359' title='bbox 1209 1721 1372 1760; x_wconf 80' lang='lat' dir='ltr'>arbusta</span> <span class='ocrx_word' id='word_1_360' title='bbox 1400 1727 1596 1770; x_wconf 81' lang='lat' dir='ltr'>resonant.</span> <span class='ocrx_word' id='word_1_361' title='bbox 1615 1718 1738 1771; x_wconf 69' lang='lat' dir='ltr'>Cory-</span> 
     </span>
     <span class='ocr_line' id='line_1_63' title="bbox 1005 1766 1739 1836; baseline -0.001 -19"><span class='ocrx_word' id='word_1_362' title='bbox 1005 1780 1121 1818; x_wconf 78' lang='lat' dir='ltr'>donis</span> <span class='ocrx_word' id='word_1_363' title='bbox 1146 1788 1280 1818; x_wconf 84' lang='lat' dir='ltr'>cantu.</span> <span class='ocrx_word' id='word_1_364' title='bbox 1328 1779 1498 1818; x_wconf 88' lang='lat' dir='ltr'>Adiecta</span> <span class='ocrx_word' id='word_1_365' title='bbox 1522 1766 1632 1836; x_wconf 43' lang='lat' dir='ltr'>ha&amp;</span> <span class='ocrx_word' id='word_1_366' title='bbox 1641 1783 1739 1831; x_wconf 74' lang='lat' dir='ltr'>sunt</span> 
     </span>
     <span class='ocr_line' id='line_1_64' title="bbox 1004 1835 1739 1890; baseline -0.001 -15"><span class='ocrx_word' id='word_1_367' title='bbox 1004 1837 1198 1890; x_wconf 86' lang='lat' dir='ltr'>temporis</span> <span class='ocrx_word' id='word_1_368' title='bbox 1249 1837 1476 1888; x_wconf 82' lang='lat' dir='ltr'>accuratius</span> <span class='ocrx_word' id='word_1_369' title='bbox 1521 1835 1739 1875; x_wconf 84' lang='lat' dir='ltr'>definiendi</span> 
     </span>
     <span class='ocr_line' id='line_1_65' title="bbox 1006 1894 1737 1948; baseline -0.001 -14"><span class='ocrx_word' id='word_1_370' title='bbox 1006 1909 1145 1946; x_wconf 82' lang='lat' dir='ltr'>causa3</span> <span class='ocrx_word' id='word_1_371' title='bbox 1167 1909 1214 1933; x_wconf 85' lang='lat' dir='ltr'>ac</span> <span class='ocrx_word' id='word_1_372' title='bbox 1237 1910 1394 1934; x_wconf 85' lang='lat' dir='ltr'>mecum</span> <span class='ocrx_word' id='word_1_373' title='bbox 1412 1894 1634 1948; x_wconf 59' lang='lat' dir='ltr'>adtempus</span> <span class='ocrx_word' id='word_1_374' title='bbox 1644 1907 1737 1948; x_wconf 81' lang='lat' dir='ltr'>spe-</span> 
     </span>
     <span class='ocr_line' id='line_1_66' title="bbox 1006 1952 1737 2006; baseline -0.001 -14"><span class='ocrx_word' id='word_1_375' title='bbox 1006 1960 1112 1992; x_wconf 84' lang='lat' dir='ltr'>ctat:</span> <span class='ocrx_word' id='word_1_376' title='bbox 1130 1954 1236 1992; x_wconf 86' lang='lat' dir='ltr'>solae</span> <span class='ocrx_word' id='word_1_377' title='bbox 1254 1954 1362 1992; x_wconf 86' lang='lat' dir='ltr'>enim</span> <span class='ocrx_word' id='word_1_378' title='bbox 1380 1952 1546 1992; x_wconf 41' lang='lat' dir='ltr'>cicadae.</span> <span class='ocrx_word' id='word_1_379' title='bbox 1555 1958 1737 2006; x_wconf 84' lang='lat' dir='ltr'>tempore</span> 
     </span>
     <span class='ocr_line' id='line_1_67' title="bbox 1003 2011 1735 2063; baseline 0 -13"><span class='ocrx_word' id='word_1_380' title='bbox 1003 2012 1238 2061; x_wconf 85' lang='lat' dir='ltr'>meridiano,</span> <span class='ocrx_word' id='word_1_381' title='bbox 1271 2012 1320 2050; x_wconf 89' lang='lat' dir='ltr'>ab</span> <span class='ocrx_word' id='word_1_382' title='bbox 1341 2011 1631 2063; x_wconf 75' lang='lat' dir='ltr'>horaquanta,</span> <span class='ocrx_word' id='word_1_383' title='bbox 1653 2011 1679 2050; x_wconf 91' lang='lat' dir='ltr'>i.</span> <span class='ocrx_word' id='word_1_384' title='bbox 1701 2024 1735 2050; x_wconf 84' lang='lat' dir='ltr'>e.</span> 
     </span>
     <span class='ocr_line' id='line_1_68' title="bbox 1003 2070 1734 2121; baseline -0.001 -13"><span class='ocrx_word' id='word_1_385' title='bbox 1003 2077 1145 2109; x_wconf 78' lang='lat' dir='ltr'>nostra</span> <span class='ocrx_word' id='word_1_386' title='bbox 1162 2070 1328 2120; x_wconf 87' lang='lat' dir='ltr'>decima,</span> <span class='ocrx_word' id='word_1_387' title='bbox 1360 2070 1429 2109; x_wconf 86' lang='lat' dir='ltr'>Ge.</span> <span class='ocrx_word' id='word_1_388' title='bbox 1448 2070 1512 2120; x_wconf 67' lang='lat' dir='ltr'>III,</span> <span class='ocrx_word' id='word_1_389' title='bbox 1544 2070 1734 2121; x_wconf 72' lang='lat' dir='ltr'>327---sq.‚</span> 
     </span>
     <span class='ocr_line' id='line_1_69' title="bbox 1006 2127 1734 2180; baseline -0.001 -13"><span class='ocrx_word' id='word_1_390' title='bbox 1006 2128 1147 2168; x_wconf 84' lang='lat' dir='ltr'>ceteris</span> <span class='ocrx_word' id='word_1_391' title='bbox 1166 2128 1401 2167; x_wconf 80' lang='lat' dir='ltr'>animalibus</span> <span class='ocrx_word' id='word_1_392' title='bbox 1428 2127 1734 2180; x_wconf 80' lang='lat' dir='ltr'>quiescentibus,</span> 
     </span>
     <span class='ocr_line' id='line_1_70' title="bbox 1005 2186 1736 2239; baseline 0.001 -14"><span class='ocrx_word' id='word_1_393' title='bbox 1005 2192 1169 2225; x_wconf 81' lang='lat' dir='ltr'>canunt.</span> <span class='ocrx_word' id='word_1_394' title='bbox 1229 2186 1438 2225; x_wconf 84' lang='lat' dir='ltr'>Sententia</span> <span class='ocrx_word' id='word_1_395' title='bbox 1475 2187 1598 2239; x_wconf 78' lang='lat' dir='ltr'>igitur</span> <span class='ocrx_word' id='word_1_396' title='bbox 1633 2186 1736 2226; x_wconf 81' lang='lat' dir='ltr'>haec</span> 
     </span>
     <span class='ocr_line' id='line_1_71' title="bbox 1004 2245 1734 2297; baseline 0.003 -15"><span class='ocrx_word' id='word_1_397' title='bbox 1004 2251 1064 2283; x_wconf 83' lang='lat' dir='ltr'>est</span> <span class='ocrx_word' id='word_1_398' title='bbox 1079 2261 1087 2283; x_wconf 88' lang='lat'>:</span> <span class='ocrx_word' id='word_1_399' title='bbox 1107 2259 1152 2282; x_wconf 91' lang='lat' dir='ltr'>eo</span> <span class='ocrx_word' id='word_1_400' title='bbox 1168 2251 1349 2297; x_wconf 89' lang='lat' dir='ltr'>tempore</span> <span class='ocrx_word' id='word_1_401' title='bbox 1368 2259 1480 2295; x_wconf 87' lang='lat' dir='ltr'>cano,</span> <span class='ocrx_word' id='word_1_402' title='bbox 1493 2259 1573 2296; x_wconf 91' lang='lat' dir='ltr'>quo</span> <span class='ocrx_word' id='word_1_403' title='bbox 1587 2245 1734 2291; x_wconf 83' lang='lat' dir='ltr'>cicadis</span> 
     </span>
     <span class='ocr_line' id='line_1_72' title="bbox 1003 2303 1734 2352; baseline 0.003 -12"><span class='ocrx_word' id='word_1_404' title='bbox 1003 2303 1169 2341; x_wconf 88' lang='lat' dir='ltr'>arbusta</span> <span class='ocrx_word' id='word_1_405' title='bbox 1188 2309 1398 2342; x_wconf 71' lang='lat' dir='ltr'>resonant..</span> <span class='ocrx_word' id='word_1_406' title='bbox 1431 2303 1572 2352; x_wconf 79' lang='lat' dir='ltr'>Qnum</span> <span class='ocrx_word' id='word_1_407' title='bbox 1582 2331 1586 2335; x_wconf 92' lang='lat'><em>-</em></span> <span class='ocrx_word' id='word_1_408' title='bbox 1596 2309 1734 2343; x_wconf 84' lang='lat' dir='ltr'>autem</span> 
     </span>
     <span class='ocr_line' id='line_1_73' title="bbox 1001 2360 1733 2413; baseline 0 -13"><span class='ocrx_word' id='word_1_409' title='bbox 1001 2360 1080 2400; x_wconf 87' lang='lat' dir='ltr'>hoc</span> <span class='ocrx_word' id='word_1_410' title='bbox 1088 2361 1220 2413; x_wconf 88' lang='lat' dir='ltr'>ipsum</span> <span class='ocrx_word' id='word_1_411' title='bbox 1236 2369 1421 2399; x_wconf 76' lang='lat' dir='ltr'>resonant</span> <span class='ocrx_word' id='word_1_412' title='bbox 1438 2360 1609 2401; x_wconf 62' lang='lat' dir='ltr'>arbusta</span> <span class='ocrx_word' id='word_1_413' title='bbox 1619 2364 1733 2404; x_wconf 79' lang='lat' dir='ltr'>cica-</span> 
     </span>
     <span class='ocr_line' id='line_1_74' title="bbox 998 2418 1733 2470; baseline 0.001 -13"><span class='ocrx_word' id='word_1_414' title='bbox 998 2419 1062 2458; x_wconf 74' lang='lat' dir='ltr'>dis</span> <span class='ocrx_word' id='word_1_415' title='bbox 1069 2418 1177 2457; x_wconf 76' lang='lat' dir='ltr'>idem</span> <span class='ocrx_word' id='word_1_416' title='bbox 1196 2420 1258 2469; x_wconf 86' lang='lat' dir='ltr'>sit,</span> <span class='ocrx_word' id='word_1_417' title='bbox 1279 2419 1390 2470; x_wconf 85' lang='lat' dir='ltr'>quod</span> <span class='ocrx_word' id='word_1_418' title='bbox 1406 2419 1573 2458; x_wconf 67' lang='lat' dir='ltr'>cicadae</span> <span class='ocrx_word' id='word_1_419' title='bbox 1582 2428 1733 2458; x_wconf 72' lang='lat' dir='ltr'>canum</span> 
     </span>
     <span class='ocr_line' id='line_1_75' title="bbox 1000 2477 1732 2527; baseline 0.001 -12"><span class='ocrx_word' id='word_1_420' title='bbox 1000 2477 1202 2515; x_wconf 78' lang='lat' dir='ltr'>arboribus</span> <span class='ocrx_word' id='word_1_421' title='bbox 1236 2477 1468 2527; x_wconf 70' lang='lat' dir='ltr'>insidentes,</span> <span class='ocrx_word' id='word_1_422' title='bbox 1500 2491 1584 2516; x_wconf 87' lang='lat' dir='ltr'>non</span> <span class='ocrx_word' id='word_1_423' title='bbox 1612 2478 1732 2516; x_wconf 85' lang='lat' dir='ltr'>debet</span> 
     </span>
     <span class='ocr_line' id='line_1_76' title="bbox 1000 2535 1732 2574; baseline 0.001 -1"><span class='ocrx_word' id='word_1_424' title='bbox 1000 2535 1201 2573; x_wconf 85' lang='lat' dir='ltr'>offendere</span> <span class='ocrx_word' id='word_1_425' title='bbox 1228 2548 1274 2572; x_wconf 89' lang='lat' dir='ltr'>ea</span> <span class='ocrx_word' id='word_1_426' title='bbox 1305 2541 1513 2574; x_wconf 81' lang='lat' dir='ltr'>structura</span> <span class='ocrx_word' id='word_1_427' title='bbox 1530 2551 1539 2574; x_wconf 93' lang='lat'>:</span> <span class='ocrx_word' id='word_1_428' title='bbox 1575 2550 1732 2574; x_wconf 82' lang='lat' dir='ltr'>mecum</span> 
     </span>
     <span class='ocr_line' id='line_1_77' title="bbox 998 2593 1730 2633; baseline 0.003 -2"><span class='ocrx_word' id='word_1_429' title='bbox 998 2601 1182 2631; x_wconf 79' lang='lat' dir='ltr'>resonant</span> <span class='ocrx_word' id='word_1_430' title='bbox 1194 2593 1357 2631; x_wconf 82' lang='lat' dir='ltr'>arbusta</span> <span class='ocrx_word' id='word_1_431' title='bbox 1365 2593 1518 2631; x_wconf 64' lang='lat' dir='ltr'>cicadis</span> <span class='ocrx_word' id='word_1_432' title='bbox 1533 2610 1544 2631; x_wconf 91' lang='grc'>.·</span> <span class='ocrx_word' id='word_1_433' title='bbox 1564 2593 1636 2632; x_wconf 86' lang='lat' dir='ltr'>sed</span> <span class='ocrx_word' id='word_1_434' title='bbox 1647 2594 1730 2633; x_wconf 82' lang='lat' dir='ltr'>sola</span> 
     </span>
     <span class='ocr_line' id='line_1_78' title="bbox 1000 2650 1730 2704; baseline 0.003 -15"><span class='ocrx_word' id='word_1_435' title='bbox 1000 2664 1052 2689; x_wconf 77' lang='lat' dir='ltr'>ex</span> <span class='ocrx_word' id='word_1_436' title='bbox 1075 2650 1138 2689; x_wconf 84' lang='lat' dir='ltr'>his</span> <span class='ocrx_word' id='word_1_437' title='bbox 1155 2650 1376 2704; x_wconf 85' lang='lat' dir='ltr'>repetenda</span> <span class='ocrx_word' id='word_1_438' title='bbox 1395 2657 1456 2689; x_wconf 88' lang='lat' dir='ltr'>est</span> <span class='ocrx_word' id='word_1_439' title='bbox 1466 2652 1638 2691; x_wconf 84' lang='lat' dir='ltr'>canendi</span> <span class='ocrx_word' id='word_1_440' title='bbox 1651 2666 1730 2690; x_wconf 89' lang='lat' dir='ltr'>no-</span> 
     </span>
     <span class='ocr_line' id='line_1_79' title="bbox 999 2708 1729 2749; baseline 0.004 -3"><span class='ocrx_word' id='word_1_441' title='bbox 999 2708 1078 2747; x_wconf 81' lang='lat' dir='ltr'>tio:</span> <span class='ocrx_word' id='word_1_442' title='bbox 1100 2723 1255 2747; x_wconf 84' lang='lat' dir='ltr'>mecum</span> <span class='ocrx_word' id='word_1_443' title='bbox 1275 2718 1426 2747; x_wconf 74' lang='lat' dir='ltr'>canunt</span> <span class='ocrx_word' id='word_1_444' title='bbox 1441 2710 1622 2749; x_wconf 80' lang='lat' dir='ltr'>cicadae.</span> <span class='ocrx_word' id='word_1_445' title='bbox 1653 2710 1729 2748; x_wconf 86' lang='lat' dir='ltr'>Ce-</span> 
     </span>
     <span class='ocr_line' id='line_1_80' title="bbox 998 2765 1728 2817; baseline 0.004 -13"><span class='ocrx_word' id='word_1_446' title='bbox 998 2772 1133 2805; x_wconf 86' lang='lat' dir='ltr'>terum</span> <span class='ocrx_word' id='word_1_447' title='bbox 1151 2765 1252 2806; x_wconf 84' lang='lat' dir='ltr'>nihil</span> <span class='ocrx_word' id='word_1_448' title='bbox 1260 2779 1430 2817; x_wconf 89' lang='lat' dir='ltr'>necesse,</span> <span class='ocrx_word' id='word_1_449' title='bbox 1440 2768 1648 2807; x_wconf 83' lang='lat' dir='ltr'>maritatas</span> <span class='ocrx_word' id='word_1_450' title='bbox 1659 2781 1728 2807; x_wconf 85' lang='lat' dir='ltr'>ar—</span> 
     </span>
     <span class='ocr_line' id='line_1_81' title="bbox 998 2823 1727 2875; baseline 0.004 -14"><span class='ocrx_word' id='word_1_451' title='bbox 998 2823 1127 2873; x_wconf 87' lang='lat' dir='ltr'>bores,</span> <span class='ocrx_word' id='word_1_452' title='bbox 1145 2830 1195 2863; x_wconf 89' lang='lat' dir='ltr'>ut</span> <span class='ocrx_word' id='word_1_453' title='bbox 1212 2824 1356 2863; x_wconf 80' lang='lat' dir='ltr'>sta-tuit</span> <span class='ocrx_word' id='word_1_454' title='bbox 1373 2825 1547 2875; x_wconf 84' lang='lat' dir='ltr'>Vossius,</span> <span class='ocrx_word' id='word_1_455' title='bbox 1566 2826 1640 2865; x_wconf 86' lang='lat' dir='ltr'>sub</span> <span class='ocrx_word' id='word_1_456' title='bbox 1659 2840 1727 2864; x_wconf 86' lang='lat' dir='ltr'>ar—</span> 
     </span>
     <span class='ocr_line' id='line_1_82' title="bbox 997 2881 1726 2937; baseline 0.004 -18"><span class='ocrx_word' id='word_1_457' title='bbox 997 2881 1211 2921; x_wconf 87' lang='lat' dir='ltr'>bustorum</span> <span class='ocrx_word' id='word_1_458' title='bbox 1227 2883 1388 2921; x_wconf 84' lang='lat' dir='ltr'>nomine</span> <span class='ocrx_word' id='word_1_459' title='bbox 1404 2882 1581 2936; x_wconf 88' lang='lat' dir='ltr'>intelligi.</span> <span class='ocrx_word' id='word_1_460' title='bbox 1613 2885 1684 2924; x_wconf 88' lang='lat' dir='ltr'><em>W</em></span> <span class='ocrx_word' id='word_1_461' title='bbox 1676 2882 1726 2937; x_wconf 90' lang='lat' dir='ltr'>r.)</span> 
     </span>
     <span class='ocr_line' id='line_1_83' title="bbox 999 2939 1726 2980; baseline 0.003 -2"><span class='ocrx_word' id='word_1_462' title='bbox 999 2939 1062 2980; x_wconf 88' lang='lat'>15.</span> <span class='ocrx_word' id='word_1_463' title='bbox 1105 2954 1232 2979; x_wconf 84' lang='lat' dir='ltr'>nonne</span> <span class='ocrx_word' id='word_1_464' title='bbox 1278 2941 1536 2979; x_wconf 80' lang='lat' dir='ltr'>Menalcan?</span> <span class='ocrx_word' id='word_1_465' title='bbox 1591 2954 1726 2980; x_wconf 86' lang='lat' dir='ltr'>nonne</span> 
     </span>
    </p>
   </div>
  </div>
 </body>
</html>
