1768 3320
0 0 70 153 F

336 201 764 280 noco-mcii
807 202 974 252 Em..
1010 202 1051 262 1,
1085 205 1314 256 58—-66

1506 214 1619 271 73,

58 332 221 394 Ante,
254 301 539 397 pererratis
557 326 844 377 amborum
861 325 1083 391 finihm,
1122 328 1265 378 exsul

58 401 166 450 Aut
177 397 385 450 Ararim
399 397 627 448 Parthus
644 397 817 461 bibet,
855 406 944 447 aut
962 398 1247 447 Germania
1266 398 1490 463 Tigrim:

60 471 236 532 Quam
250 476 439 518 nostro
456 467 593 518 illius
608 466 816 517 labatur
829 475 1051 534 pectore
1067 466 1259 519 vultus,

58 553 117 588 11.
154 540 223 588 At
237 554 339 588 nos
357 537 485 588 hinc
502 536 587 587 alii
602 537 824 587 sitientis
838 536 1037 587 ibimus
1052 534 1235 596 Afros;

1509 540 1576 588 65

57 610 184 659 Pars
202 607 470 674 Scythiam
486 616 540 659 et
553 606 804 675 rapidum
823 608 1013 659 Cretae
1028 607 1308 658 veniemus
1326 605 1526 670 Oaxen,

128 705 211 754 66.
249 701 444 753 Omni

103 803 153 843 63
172 806 356 852 Ingeniose
366 806 527 841 tentabat
542 807 592 840 Io.
603 805 788 840 Schrader.
812 809 892 841 Aut
903 805 1023 840 Albim
1032 805 1196 847 Parthis,
1218 803 1373 849 Παρθὶς
1387 814 1454 849 pro
1470 804 1577 848 Παρ-

56 851 165 899 θαή.
212 854 291 900 (sed
308 853 379 888 vid.
396 854 483 887 Not.
510 853 605 897 Wr.)

708 850 756 890 64
779 854 904 886 cultus
934 852 1024 887 coni.
1053 851 1108 886 vir
1136 852 1261 886 doctus
1284 852 1379 896 apud
1394 853 1577 884 Burmann.

57 901 107 939 66
130 902 176 937 al.
195 903 323 936 Oaxen
355 901 466 947 (quod
483 899 624 941 reduxi5
651 899 723 934 vid.
747 901 793 942 Q.
810 901 857 935 V.
875 901 935 943 111,
959 899 1115 942 1.;male
1128 897 1440 944 OaoeemHeynius.
1468 898 1578 942 Wr.),

116 999 186 1041 62.
215 997 433 1035 Peren-acis
455 995 664 1034 amborum
677 995 788 1045 fini-

57 1054 153 1105 bus,
182 1054 237 1093 ad
253 1060 444 1093 ornatum
460 1059 635 1107 spectat:
663 1053 724 1092 ita
738 1059 788 1093 ut

58 1113 162 1152 alter
186 1112 351 1151 alterius
375 1111 475 1150 fines
501 1112 785 1165 pei-erraverit,

58 1171 114 1211 ad
140 1169 308 1209 alterius
329 1169 442 1208 sedes
464 1170 715 1222 pervenerit3
743 1169 786 1208 h.

58 1234 179 1268 antea
202 1226 346 1267 Parthi
365 1227 597 1280 migrabunt
620 1227 665 1267 in
683 1228 787 1266 Ger-

57 1286 255 1337 maniam,
285 1291 327 1324 et
343 1286 534 1324 Germani
558 1285 671 1324 sedes
686 1285 788 1324 Par-

57 1344 227 1388 thorum
248 1344 527 1397 occupabunt3
557 1343 679 1395 quod,
710 1343 788 1382 nisi

56 1403 175 1443 victis
189 1407 232 1441 et
257 1402 432 1441 subactis
457 1401 669 1451 Romanis,
699 1400 788 1440 fieri

59 1475 143 1501 non
158 1466 334 1514 poterat.
380 1460 513 1498 Exsul
526 1459 595 1498 hic
610 1473 694 1498 non
710 1473 787 1498 ur-

57 1519 256 1572 gendum3
284 1517 413 1570 simpl.
432 1517 542 1570 apud
556 1523 710 1570 poetas,
739 1522 789 1556 ut

57 1591 146 1630 sup.
173 1575 203 1619 4
214 1576 410 1629 sugisnS‚
457 1575 527 1626 qui
565 1575 618 1614 ad
640 1575 788 1613 alienas

56 1642 188 1675 terras
212 1633 496 1687 proficiscitur.
555 1633 621 1672 Sic
638 1633 682 1672 in
698 1633 788 1672 illo:

53 1694 217 1746 paviae
233 1693 324 1745 quis
339 1691 456 1729 exsul
469 1705 510 1729 se
532 1705 689 1744 quoque
702 1690 788 1743 su-

54 1751 150 1804 git?
209 1746 369 1803 (exsul,
417 1748 487 1801 qui
513 1749 598 1788 solo
631 1748 788 1802 patriae

56 1813 217 1848 mutato
252 1806 378 1857 vivit3
424 1807 589 1859 proprie
625 1808 788 1846 locutus

58 1873 121 1906 est
141 1865 342 1918 Virgilius.
385 1864 535 1919 IVclz.)
597 1867 664 1908 63.
701 1865 790 1903 Aut

57 1925 225 1965 Amr-im
249 1922 429 1962 Parthas
461 1921 573 1962 hibet.
631 1923 790 1975 Repre-

57 1981 298 2023 henduntur
313 1979 427 2030 haec,
446 1986 487 2018 et
502 1980 660 2030 merito,
679 1987 790 2019 tam-

60 2054 184 2093 quam
207 2039 335 2078 aliena
360 2052 385 2076 a
397 2044 609 2091 pastorum
632 2051 790 2078 memo-

58 2099 131 2148 ria,
159 2097 337 2146 nomina,
364 2096 562 2149 nimisque
577 2097 694 2149 longe
715 2110 791 2149 pe—

58 2157 149 2196 tita.
207 2155 288 2194 Sed
318 2154 484 2194 recessit
517 2155 703 2207 Virgilius
738 2154 789 2193 ab

60 2214 228 2265 antiqua
251 2211 505 2265 simplicitate
531 2213 575 2251 in
596 2212 789 2262 moribus,

0 2294 4 2306 ι
60 2286 162 2324 quos
176 2270 406 2324 pastoribus
421 2270 669 2309 suistribuit.
684 2270 789 2308 Por-

58 2343 108 2370 ro
140 2329 363 2368 Germania
393 2333 435 2366 et
461 2327 573 2367 Arar
610 2328 685 2367 sibi
720 2341 790 2367 re-

0 2415 3 2419 >
59 2387 258 2441 spondere
305 2386 526 2436 debebant3
581 2385 650 2424 hic
688 2399 788 2425 vero

60 2445 212 2484 Galliae
229 2444 379 2483 fluvius
397 2450 478 2493 est,
518 2443 588 2496 qui
611 2444 656 2482 in
672 2443 789 2482 Rho-

61 2503 213 2542 danum
239 2515 281 2541 se
305 2501 500 2554 immittit.
558 2502 791 2540 Desendunt

59 2567 221 2614 poetam
246 2560 323 2613 sic,
382 2566 432 2599 ut
465 2559 622 2609 dicant,
682 2559 790 2598 hanc

60 2618 189 2671 ipsam
202 2618 386 2657 locorum
400 2618 652 2656 inscientiam
666 2617 789 2657 indo-

62 2682 175 2715 ctum
189 2675 395 2715 servulum
412 2689 497 2714 non
513 2676 615 2714 male
634 2675 788 2715 decere.

62 2734 167 2771 Sane
192 2733 354 2784 quidem
379 2733 551 2786 populos
578 2734 714 2773 Gallos
748 2740 790 2772 et

63 2790 284 2829 Germanos
306 2791 465 2844 vulgari
500 2805 683 2830 sermone
707 2792 791 2831 fere

64 2847 276 2896 confundi,
306 2855 477 2888 constat.
505 2863 547 2888 v.
570 2850 789 2889 Burmann.

63 2905 105 2944 h.
122 2906 163 2954 1.,
190 2905 288 2943 item
300 2905 483 2945 Ruaeum
500 2913 542 2945 et
557 2907 790 2947 Martinam.

64 2962 116 3003 Et
139 2963 187 3001 fit
215 2961 296 3001 hoc
331 2963 469 3002 eadem
506 2965 588 3003 sere
620 2965 791 3015 ratione,

845 1009 925 1047 qua
942 995 1091 1047 Tigris,
1124 993 1195 1047 qui
1211 993 1459 1033 Parthorum
1475 994 1577 1033 fines

844 1053 962 1103 facit,
991 1052 1238 1092 Parthorum
1266 1052 1418 1091 fluvius
1437 1052 1577 1104 ap'pel-

842 1111 967 1151 latur.
1027 1109 1209 1165 (omnia,
1251 1111 1285 1149 si
1311 1110 1413 1162 quid
1441 1110 1575 1159 video,

842 1169 946 1208 bene
973 1181 1015 1207 se
1042 1168 1217 1219 habent;
1272 1182 1390 1218 nam,
1450 1181 1577 1220 quum

843 1226 946 1266 haec
969 1227 1295 1279 praecessissent:
1347 1238 1575 1279 „perer-—

844 1285 978 1324 ratis
1007 1285 1220 1324 amborum
1237 1284 1426 1334 finibus,“
1456 1283 1577 1323 etiam

821 1343 997 1382 ‘Galliae
1041 1343 1194 1382 flumen
1244 1348 1356 1381 recte
1414 1347 1577 1394 poterat

845 1401 1162 1440 commemorari.
1236 1399 1445 1438 Sententia
1476 1399 1578 1438 haec

845 1465 924 1498 est:
968 1458 1111 1498 Parthi
1155 1458 1373 1512 pererratis
1406 1457 1576 1496 Germa—

844 1518 934 1556 niae
984 1517 1133 1556 finibus
1190 1516 1236 1555 in
1277 1515 1448 1555 Galliam
1501 1529 1576 1554 ve·-

844 1575 978 1625 nient,
1019 1574 1210 1613 Germani
1234 1573 1454 1626 pererratis
1475 1574 1576 1612 Par-

842 1633 1013 1672 thorum
1032 1633 1180 1672 finibus
1202 1632 1255 1670 ad
1278 1631 1440 1684 Tigrim.
1470 1631 1577 1670 Hinc

844 1692 967 1730 etiam
989 1696 1123 1744 patet,
1170 1689 1271 1742 quid
1310 1689 1578 1728 tribuendum

844 1750 898 1788 sit
923 1748 1140 1788 Schraderi
1175 1748 1450 1797 coniecturae,
1494 1747 1577 1785 Al-

844 1807 946 1857 bim,
993 1808 1177 1860 ignotum
1211 1805 1445 1858 ceteroquin
1475 1805 1579 1843 istoc

844 1873 1028 1918 tempore
1054 1864 1246 1904 Romanis
1280 1864 1452 1913 flumen,
1498 1877 1576 1915 pro

844 1926 971 1963 Anni
996 1923 1215 1963 inferentis.
1274 1922 1327 1961 Et
1351 1922 1385 1960 si
1402 1920 1506 1973 quid
1518 1927 1578 1959 est

845 1988 1077 2035 praeterea,
1136 1980 1247 2033 quod
1281 1979 1473 2020 videatur
1509 1992 1577 2018 re—

845 2039 1045 2093 prehendi
1084 2052 1200 2092 posse
1218 2069 1229 2088 ,
1305 2037 1348 2077 id
1383 2038 1428 2076 in
1470 2037 1578 2076 Nota

848 2098 901 2137 ad
964 2111 1023 2138 VS.
1072 2100 1140 2139 67.
1196 2096 1405 2135 defensum
1460 2095 1577 2134 vide-

846 2156 921 2196 bis.
976 2157 1047 2197 JV
1040 2153 1095 2209 r.)

905 2213 973 2256 65.
1003 2213 1159 2253 Ibimus
1178 2211 1316 2263 Ast-08,
1347 2211 1488 2250 elisum
1506 2212 1573 2257 in,-

847 2271 958 2323 quod
973 2272 1017 2310 in
1027 2271 1139 2324 epico
1156 2269 1332 2308 carmine
1349 2269 1491 2308 melius
1503 2268 1578 2306 fie-

846 2336 933 2379 ret,
987 2328 1204 2368 Homerico
1246 2341 1372 2366 more.
1426 2328 1504 2366 alic·
1537 2332 1579 2364 et

843 2402 966 2439 pars,
1007 2402 1083 2440 pro
1112 2385 1179 2424 alii
1205 2391 1247 2423 et
1273 2385 1350 2424 alii.
1379 2399 1420 2424 v.
1439 2385 1577 2423 Burm.

848 2451 890 2484 et
904 2445 982 2484 alii.
1000 2445 1203 2497 Musgrav.
1224 2443 1277 2482 ad
1288 2443 1421 2496 Eurip.
1432 2441 1577 2481 Bacch.

846 2502 933 2545 407
949 2512 986 2541 et
1001 2516 1061 2533 -“
1075 2511 1112 2541 ει
1130 2514 1213 2540 esse
1237 2515 1314 2554 pro
1343 2509 1416 2539 aut
1431 2523 1490 2531 —-
1506 2508 1578 2538 αιιι

845 2561 1074 2599 contendit:
1128 2558 1239 2611 quod
1262 2572 1358 2598 sane
1381 2559 1430 2597 fit
1447 2558 1578 2596 inter-

846 2619 962 2669 dum3
980 2617 1250 2666 etsiAen.VII‚
1275 2617 1359 2660 675
1376 2616 1580 2654 Homolen

852 2676 1082 2730 Ollzrynque
1119 2676 1298 2714 nivalem
1332 2676 1579 2727 Linquentes

845 2733 929 2774 huc
945 2749 1030 2774 non
1044 2735 1229 2773 reseram.
1258 2736 1314 2771 At
1331 2731 1373 2770 h.
1391 2732 1419 2770 1.
1438 2737 1514 2769 est:
1539 2736 1579 2767 et

846 2806 940 2845 pars
958 2792 1164 2832 veniemus
1183 2790 1237 2829 ad
1255 2791 1410 2829 Oaxem
1426 2795 1466 2827 et
1485 2801 1578 2840 pars

848 2851 902 2889 ad
918 2851 1146 2890 Britannos.
1195 2846 1269 2902 (De
1294 2849 1372 2885 alii
1395 2868 1455 2876 -—
1476 2858 1579 2896 pars

848 2931 905 2939 —
933 2917 970 2946 et
986 2930 1044 2938 —·
1059 2916 1096 2946 et
1116 2907 1209 2946 vide
1229 2906 1280 2954 Q.
1300 2905 1347 2943 V.
1373 2901 1576 2948 XXXIIII,

852 2969 888 3007 1.
934 2968 1005 3006 W
999 2964 1053 3019 r.)
1115 2968 1181 3007 66.
1223 2963 1413 3014 rapidum
1443 2959 1577 2996 Cretcae
