1734 3320
176 233 280 283 652
518 232 574 282 Ρ.
610 231 966 285 VIRGILII
999 230 1380 282 MARONIS

245 360 315 408 At
334 365 511 407 mater
530 358 770 408 sonitum
795 356 1033 407 thalamo
1057 357 1155 407 sub
1177 355 1416 407 fluminis
1436 356 1526 407 alti

177 428 369 480 Sensit.
410 445 529 478 eam
551 428 754 478 circum
773 427 977 478 Milesia
999 427 1198 478 vellera
1218 426 1498 495 Nymphae

177 498 505 566 Carpebant,
541 498 680 564 hyali
702 507 881 548 saturo
906 496 1080 548 fucata
1103 498 1308 561 colore,
1606 497 1709 548 335

173 572 515 637 Drymoque,
540 569 890 636 Xanthoque,
921 568 1216 636 Ligeaque,
1245 565 1721 633 Phyllodoceque,-

246 667 362 716 334.
402 665 616 714 SENsir:
691 665 807 714 335.
847 677 1086 724 GOLORE3

220 782 291 818 333
331 781 515 815 thalamos
543 779 635 813 alter
658 781 801 826 Menag.
860 780 1025 815 thalamo
1064 782 1226 815 sonitum
1257 780 1383 812 Franc-
1480 777 1552 815 334
1585 779 1709 813 Sentit

173 836 261 863 vett.
292 829 429 874 aliquot
459 828 554 874 apud
583 827 747 862 Pieriam.
796 827 954 862 Melesia
983 828 1134 862 Gudian.
1190 826 1348 860 verbera
1373 826 1502 860 Medic.
1532 839 1552 859 a
1580 839 1624 859 m.
1652 837 1707 871 pr.

176 876 246 921 (est
266 889 307 910 ea
327 876 427 921 prior
448 875 569 909 lectio.
602 875 697 919 Wr.)
793 875 863 910 335
889 884 1018 920 satyro
1038 877 1140 909 Rom.
1166 880 1203 907 et
1229 880 1304 907 tres
1325 873 1419 919 apud
1438 875 1574 915 Burm.‚
1600 879 1637 907 et
1658 873 1708 907 sic

174 926 272 957 Serv.
288 936 328 956 ac
339 923 539 968 Philargyr.
565 922 636 956 vid.
657 923 702 956 ad
723 924 854 966 Georg.
877 924 917 965 ΙΙ,
943 924 1024 958 197.
1074 924 1215 963 vitreo,
1249 921 1382 963 viridi,
1405 921 1540 963 hilari,
1566 932 1587 954 a
1612 932 1707 954 non-

173 970 278 1003 nullis
298 970 429 1003 lectum
447 970 559 1003 fuisse
581 982 600 1003 e
617 970 729 1004 Cerda
750 969 943 1014 colligitur.
973 971 1168 1017 phaucata
1187 968 1296 1002 Goth.
1317 980 1372 1014 pr·
1451 968 1523 1004 336
1544 969 1572 1002 Ε
1591 969 1707 1002 Grae-

174 1029 235 1052 co:
259 1014 403 1062 Δρυμιό
428 1028 490 1061 τε,
518 1015 666 1055 Ξανθοό
694 1028 756 1061 τε,
782 1014 916 1062 Alyzia?
942 1028 1003 1062 τε,
1032 1013 1251 1061 Φυλλοδόκη
1278 1026 1329 1050 τε.
1373 1016 1521 1058 Brimo,
1551 1019 1705 1060 Drumo,

174 1064 238 1109 (sic
258 1064 386 1098 Medic.
416 1064 513 1109 Wr.)
540 1069 675 1099 Dremo
697 1064 768 1099 vid.
789 1065 884 1108 apud
905 1066 1022 1099 Burm.
1073 1064 1228 1098 Xantho
1246 1063 1329 1104 alii,
1357 1069 1394 1096 et
1411 1065 1547 1109 Legea.
1586 1063 1636 1108 (et
1655 1062 1707 1097 sic

171 1112 300 1146 Medic.
319 1111 494 1157 Fogginio
509 1139 519 1154 ,
545 1112 608 1146 sed
627 1114 745 1159 Ligea
766 1111 914 1145 Heinsio
935 1119 1036 1146 teste.
1084 1115 1131 1146 At
1149 1113 1177 1145 F
1180 1110 1315 1156 ogginii
1333 1109 1573 1144 testimonium
1593 1110 1707 1144 firmat

171 1159 394 1205 Freytagius.
434 1160 529 1204 Wr.)
579 1160 870 1205 Phyllidoceque
895 1159 1019 1193 Heius.
1049 1158 1212 1204 reposuit
1240 1171 1259 1192 e
1276 1170 1331 1204 pr.
1347 1157 1496 1191 Mentel.
1526 1164 1563 1191 et
1578 1169 1707 1191 novem

173 1207 269 1248 aliis;
295 1207 401 1251 vulgo
437 1207 754 1253 Phyllodoceque,
791 1207 887 1252 quod
914 1213 1032 1240 tuetur
1058 1208 1159 1240 Rom.
1180 1205 1310 1239 Medic.
1331 1204 1412 1246 alii,
1446 1204 1531 1238 item
1547 1205 1704 1240 Macrob.

171 1257 242 1289 Sat.
264 1256 309 1297 V,
336 1256 391 1296 17,
417 1266 501 1297 nec,
533 1266 594 1288 cur
619 1255 827 1288 mutandum
853 1254 979 1296 fuerit,
1015 1254 1141 1288 video:
1174 1266 1254 1287 nam
1279 1248 1500 1298 Φυλλοδόκη
1531 1253 1707 1286 rationem

170 1302 282 1335 habet
302 1302 578 1347 grammaticam3
605 1298 817 1346 Φυλλιδόκη
837 1301 870 1335 ei
890 1302 1109 1336 adversatur.
1157 1300 1334 1336 Sex-ibitur
1354 1299 1463 1334 etiam
1481 1300 1705 1342 Philledoce,

170 1350 375 1392 Philidice,
400 1350 626 1393 Phillidoce,
652 1350 877 1395 Phylcdoce.

170 1446 282 1485 unde
313 1446 422 1485 idem
458 1441 632 1498 Νόμιος.
666 1447 715 1485 cs.
746 1446 910 1485 Pindar.

169 1505 196 1544 l.
226 1519 259 1544 c.
321 1507 418 1547 329.
447 1504 590 1557 filicis
638 1506 766 1544 silvas
787 1535 798 1554 ,
843 1519 912 1544 ar—

170 1563 294 1603 busta
345 1563 655 1602 fructiferarum
704 1564 911 1602 arborum.

170 1624 268 1664 330.
300 1624 512 1660 inimicum
542 1624 707 1674 ignem;
741 1622 812 1661 diu
831 1636 910 1661 no-

167 1686 327 1730 tatum,
358 1679 471 1719 hunc
498 1693 580 1718 esse
611 1677 656 1722 τό
682 1677 806 1734 δήϊον
826 1683 909 1734 πῦρ

169 1739 282 1793 apud
308 1739 474 1778 Homer.
510 1745 552 1777 et
587 1738 693 1778 alibi.
734 1739 909 1789 interfice

168 1800 321 1848 messis,
341 1797 479 1850 perde.
510 1798 798 1836 Lucretianum
818 1811 909 1836 ver-

168 1855 281 1895 bum.
310 1858 507 1907 perimere
523 1886 532 1903 ,
578 1870 743 1904 necare,
786 1856 829 1894 in
851 1856 908 1894 si-

167 1915 255 1954 mili
285 1914 477 1953 iunctura
511 1914 651 1952 dixere
680 1915 800 1953 ctiam
831 1914 908 1953 alii.

171 1971 269 2027 (Sed
300 1972 444 2011 herbas
473 1987 647 2011 arescere
682 1981 719 2010 et
748 1975 765 2010 i
773 1981 826 2010 nt
835 1987 908 2010 er-

156 2031 274 2084 fici
311 2045 363 2070 ex
407 2031 587 2070 Ciceron.
630 2031 908 2070 Oeconomicis

168 2090 286 2129 affert
317 2090 492 2140 Nonius,
533 2089 726 2128 laudatus
757 2090 807 2128 ab
829 2090 908 2128 Ur-

167 2149 267 2188 sino.
292 2147 411 2204 W·.)
458 2151 555 2190 331.
579 2157 672 2187 sala
692 2155 786 2201 post
803 2163 909 2186 mes-

166 2222 228 2246 ses
256 2213 297 2246 et
335 2221 428 2246 cum
460 2206 610 2246 vitibus
642 2207 783 2246 iuncta
816 2221 908 2246 cum

165 2266 346 2306 Martino
369 2266 477 2305 dices
500 2279 583 2304 esse
605 2266 771 2304 arbores
790 2271 908 2305 satas.

165 2326 328 2375 molire,
369 2325 509 2375 vibra,
546 2324 676 2376 iacta,
717 2332 765 2364 ut
792 2325 904 2363 exci-

167 2383 321 2422 dantur
338 2383 453 2422 vites.

225 2444 308 2484 333
328 2455 412 2494 sqq.
444 2440 697 2480 Adumbrata
722 2440 824 2479 haec
853 2454 905 2479 ex

164 2501 366 2550 Homero,
396 2500 466 2539 ubi
491 2499 629 2539 Thetis
656 2500 699 2537 in
717 2499 797 2538 imo
814 2514 904 2537 ma-

163 2559 220 2599 ris
247 2559 376 2597 fundo
407 2559 567 2598 luctum
590 2557 756 2596 Achillis
775 2558 903 2597 resci—

164 2618 240 2656 scit
260 2617 372 2656 Iliad.
385 2630 418 2667 6,
440 2618 495 2660 35
509 2631 565 2669 sq.
597 2619 786 2666 sonitum,
803 2630 905 2655 con—

162 2677 310 2726 susum,
334 2675 518 2714 nondum
539 2675 731 2714 disertam
748 2688 904 2725 vocem,

164 2749 244 2787 qua
293 2734 420 2773 filiurn
490 2747 704 2786 agnoscere
757 2739 903 2786 posset.

165 2794 281 2843 Quae
332 2799 559 2844 sequuntur
584 2823 593 2841 ,
658 2792 904 2830 adumbrata

163 2859 260 2892 sunt
284 2852 336 2890 ad
364 2851 494 2891 vitam
521 2851 748 2903 priscorum
768 2850 902 2888 homi‘-

162 2925 285 2962 num,
308 2910 503 2949 sedebant
521 2909 563 2948 in
583 2908 765 2948 thalamo
783 2909 902 2961 puel-

161 2970 247 3021 lae,
288 2969 405 3007 etiam
437 2968 591 3021 regiae,
633 2968 902 3006 assidentibus

163 3041 234 3067 seu
265 3027 479 3067 comitibus
504 3032 542 3066 et
570 3026 803 3079 aequalibus
832 3039 902 3065 seu

970 1445 1152 1495 famulis,
1192 1450 1241 1484 ut
1281 1458 1383 1498 opus
1414 1444 1597 1484 facerent
1634 1457 1706 1484 seu

970 1504 1105 1543 nendo
1137 1516 1207 1542 seu
1237 1503 1438 1554 texend03
1476 1517 1587 1543 nunc
1606 1503 1705 1542 dea-
1730 1512 1734 1517 ²

968 1563 1045 1603 bus
1063 1563 1307 1615 assignatum
1325 1575 1427 1615 opus
1439 1575 1460 1600 e
1474 1563 1567 1602 lana
1584 1575 1704 1615 prae-

970 1621 1238 1671 stantissima,
1270 1620 1445 1671 Milesia,
1475 1627 1524 1661 ut
1545 1622 1614 1660 Ge.
1637 1621 1703 1671 111,

970 1683 1055 1723 307
1085 1679 1288 1730 vidimus,
1338 1679 1473 1723 colore
1506 1679 1702 1720 caeruleo.

969 1737 1067 1781 334.
1106 1740 1270 1778 Vellera
1288 1737 1529 1789 carpebant,
1568 1738 1703 1777 lanam

969 1797 1175 1836 ducebant
1212 1797 1323 1847 fuso,
1373 1796 1535 1836 nebant.
1606 1797 1702 1840 335.

965 1856 1083 1907 hyali
1126 1856 1254 1893 colore
1272 1870 1288 1902 ;
1349 1854 1481 1894 voluit
1527 1855 1703 1894 colorem

966 1914 1181 1966 hyalinum
1223 1912 1451 1967 exprimere
1470 1944 1481 1963 ‚
1527 1913 1569 1952 11.
1599 1914 1704 1952 viri-

968 1972 1087 2022 dem,
1130 1971 1241 2011 vitro
1265 2001 1276 2021 ,
1312 1971 1520 2011 viridioris
1557 1971 1704 2017 coloris

965 2037 1088 2084 puta,
1130 2029 1310 2068 similem.
1351 2030 1522 2082 hyalus,
1563 2027 1702 2081 ὕαλος,

966 2102 1042 2142 pro
1066 2089 1201 2139 vitro,
1237 2101 1345 2127 nove
1378 2088 1561 2128 dictum:
1597 2089 1702 2127 forte

968 2148 1067 2187 dum
1097 2161 1287 2200 graecum
1328 2146 1501 2199 aliquem
1538 2153 1703 2200 poetam

968 2206 1214 2259 sequebatur
1251 2205 1473 2258 Virgilius,
1520 2220 1616 2244 nam
1651 2219 1703 2245 ex

966 2265 1055 2305 vita
1083 2264 1240 2318 vulgari
1269 2270 1310 2302 et
1337 2264 1518 2303 tabernis
1535 2264 1702 2303 instito-

962 2324 1055 2375 riis,
1087 2324 1119 2362 si
1144 2323 1211 2363 vel
1232 2323 1423 2374 maxime,
1457 2323 1568 2376 quod
1584 2323 1702 2375 igno-

961 2397 1010 2422 ro
1025 2413 1035 2433 ,
1066 2383 1185 2435 hyali
1203 2395 1287 2421 vox
1312 2382 1356 2420 in
1376 2382 1424 2420 iis
1446 2383 1702 2433 frequentata

961 2441 1105 2480 fuisset
1127 2471 1137 2491 ,
1188 2453 1276 2478 eam
1333 2455 1418 2480 non
1460 2440 1703 2493 adoptasset

961 2499 1088 2539 Maro.
1121 2499 1308 2538 Imitatus
1325 2498 1476 2539 Auson.
1495 2499 1593 2538 Mos.
1614 2497 1700 2541 418

965 2559 1177 2597 Caeruleos
1209 2572 1336 2608 nunc,
1377 2558 1518 2596 Rhene
1533 2588 1545 2607 ,
1588 2560 1701 2596 sinus

962 2617 1165 2670 hyaloque
1208 2618 1399 2673 virentem
1445 2615 1590 2654 Pande
1621 2630 1698 2666 pe-

957 2676 1095 2727 plum.
1139 2674 1266 2713 Simili
1288 2688 1389 2713 ausu
1410 2688 1433 2712 a
1453 2674 1614 2713 Lucret.
1631 2673 1698 2726 IV,

967 2736 1075 2775 1121
1110 2733 1340 2771 thalassina
1360 2735 1480 2772 vestis
1498 2732 1623 2782 dicta,
1657 2738 1701 2772 et

964 2792 1226 2832 θαλασσαίαν
1265 2791 1412 2843 μίτραν
1451 2791 1508 2830 sio
1546 2791 1698 2830 dictam

960 2856 1063 2903 puto
1081 2850 1191 2903 apud
1216 2849 1440 2903 Tryphiod.
1460 2852 1558 2892 333.
1593 2851 1699 2889 Sunt

959 2908 1084 2961 igitur
1102 2909 1252 2947 vellera
1254 2909 1424 2960 fucata,
1442 2909 1535 2947 lana
1554 2908 1696 2959 tincta,

960 2968 1089 3005 colore
1107 2967 1242 3020 hyali,
1273 2967 1387 3018 vitri,
1417 2966 1459 3006 h.
1478 2967 1612 3006 colore
1633 2966 1697 3007 vi-

961 3025 1062 3077 ridi,
1094 3034 1246 3076 saturo,
1279 3025 1321 3066 h.
1342 3039 1423 3079 quo
1441 3026 1528 3079 ipsa
1545 3025 1696 3066 vellera
