1768 3320
233 229 300 280 58
556 226 610 276 P.
648 224 1003 275 VIRGILII
1047 219 1417 270 MARONIS

230 357 313 406 De
334 351 487 403 coelo
507 360 667 401 tactas
698 349 921 399 memini
945 346 1254 414 praedicere
1286 356 1527 413 quercus«.

233 423 344 475 Sed
364 431 563 486 tamen,
601 421 697 470 iste
722 419 852 470 deus
874 418 964 486 qui
989 418 1074 481 sit,
1114 415 1203 480 da,
1243 416 1446 482 Tityre,
1477 415 1652 468 nobis,

236 518 516 571 18.*SAEPE
536 527 774 564 SINISTRA
792 525 929 563 cAvA
946 524 1230 559 PRAEDIXIT
1252 523 1319 560 AB
1340 525 1479 560 Iuor.
1500 515 1742 562 comma*

278 623 324 659 17
333 625 388 657 De
404 621 504 655 coelo
520 620 664 654 memini
682 627 802 652 tactas
816 619 953 661 Menag.
1020 616 1063 651 18
1086 615 1219 650 Versus
1236 614 1296 650 hic
1313 627 1334 649 a
1350 615 1614 658 vetustioribus,
1634 617 1742 651 etiam

231 681 252 704 a
271 668 388 702 multis
408 667 608 708 serioribus,
628 672 666 698 ut
687 678 707 698 a
724 664 863 706 nostris,
885 664 960 696 fere
980 663 1099 702 abest3
1126 661 1257 695 eiectus
1275 674 1295 695 a
1311 662 1491 708 Naugerio
1508 662 1545 696 in
1559 663 1638 697 Ald.
1657 670 1740 698 tert.

232 723 268 750 et
283 716 351 749 iam
364 722 444 748 ante
463 714 505 747 ab
523 712 689 757 Egnatio;
715 713 856 745 adsutus
878 717 912 743 et
932 710 1155 742 adumbratus
1177 721 1218 742 ex
1237 709 1309 743 Ecl.
1329 710 1395 752 IX,
1419 710 1475 746 15.
1500 723 1532 745 v.
1561 710 1684 744 Heius.
1705 718 1741 744 et

229 763 332 804 Pier.‚
349 761 386 795 in
404 760 500 796 cuius
518 760 608 794 binis
627 765 702 792 erat
721 757 863 792 dicebat
879 755 923 790 ab
938 757 1029 790 ilice.
1051 755 1169 789 omisit
1185 768 1323 789 versum
1342 768 1433 791 nunc
1452 757 1509 791 ed.
1532 758 1739 792 Parmensis.

229 811 275 845 Et
297 810 351 845 18.
378 809 432 845 19.
451 808 574 841 aberat
591 819 611 839 a
633 807 769 838 Monac.
794 807 828 840 2.
879 803 1019 848 (Merito
1039 802 1152 836 critici
1175 809 1211 836 et
1232 803 1448 849 antiquiores
1468 810 1505 838 et
1522 804 1740 839 recentiores

229 867 365 890 versum
387 856 439 891 18.
465 853 659 894 eiecerunt;
685 851 789 885 etiarn
819 863 838 884 a
866 850 1032 884 Parisinis
1062 849 1175 883 Codd.
1201 850 1303 883 abest
1331 851 1502 885 omnibus.
1549 852 1740 886 Praeterea

229 903 305 937 iure
325 908 422 936 taxat
437 900 631 946 Spohnius,
656 899 770 944 quod,
796 909 898 943 quum
925 897 1084 942 proximo
1113 909 1163 931 vs.
1191 897 1445 942 praecessisset
1467 899 1684 945 praedicere
1703 906 1740 933 et

230 962 402 997 quercus,
436 947 552 981 statim
579 946 748 979 inferatur
771 945 958 992 praedixit
988 950 1024 978 et
1048 945 1132 978 ilex.
1172 944 1267 988 Wr.)
1363 947 1408 982 19
1435 946 1516 992 quis
1534 946 1584 980 sit
1602 952 1740 991 septem

229 996 339 1030 Godd.
356 1008 411 1040 ap.
421 994 542 1028 Heius.
557 1000 629 1026 tres
640 994 753 1026 Burm.
775 1004 850 1025 cum
869 992 976 1025 Goth.
995 1003 1050 1036 pr.
1097 991 1168 1025 Sed
1190 1004 1224 1025 v.
1243 990 1365 1025 Heius.
1386 992 1432 1026 ad
1448 992 1522 1027 Ecl.
1554 993 1597 1035 Π,
1626 994 1669 1029 19
1700 999 1737 1027 et

228 1044 358 1089 passim
375 1041 475 1076 alios.
521 1042 615 1087 (quis
632 1041 680 1074 sit
692 1039 841 1073 Parisini
865 1039 897 1074 8.
918 1040 972 1075 11.
998 1036 1052 1075 14.
1073 1038 1144 1072 vid.
1171 1040 1213 1080 Q.
1245 1040 1291 1075 V.
1319 1039 1439 1083 XXII,
1461 1041 1479 1076 1
1501 1046 1538 1074 et
1564 1037 1598 1076 4.
1639 1041 1736 1086 Wr.)

227 1126 274 1165 iis
293 1124 449 1164 accidit.
490 1122 677 1162 Debuisse
694 1136 734 1160 se
753 1121 860 1160 hanc
879 1135 947 1160 ca-

226 1183 447 1223 lamitatem
470 1180 703 1235 praevidere
734 1181 790 1218 ait
810 1193 862 1219 ex
880 1193 945 1218 ar-

184 1234 187 1238 *
225 1242 388 1281 boribus
419 1241 649 1291 frequenter
682 1238 847 1277 fulmine
881 1244 948 1276 ta-

227 1300 319 1338 ctis:
357 1298 467 1350 quod
484 1303 544 1336 est
558 1297 664 1335 inter
684 1302 852 1335 ostenta.
901 1296 948 1335 In

225 1356 439 1410 quercubus
453 1355 669 1405 ceterisque
679 1355 839 1393 Servius
859 1354 949 1393 alii-

224 1427 301 1467 que
319 1413 576 1452 Grammatici
599 1411 666 1451 hic
692 1418 945 1464 argutantur.

156 1465 161 1468 .
223 1473 341 1510 laeva
358 1486 486 1521 mens,
517 1470 698 1523 stupida,
728 1470 860 1509 tarda.
897 1477 947 1510 ut

220 1531 369 1569 iterum
384 1528 482 1568 Aen.
500 1529 554 1579 II·,
593 1527 649 1571 54
675 1530 711 1566 si
736 1543 847 1566 mens
866 1543 947 1566 non

222 1589 343 1627 laeva
355 1588 518 1639 fuisset.
575 1586 718 1625 Horat.
743 1586 832 1626 Art.
861 1589 940 1628 301

229 1646 266 1684 O
284 1659 357 1696 ego
376 1646 514 1683 laevus
541 1650 614 1683 etc.
642 1641 784 1683 confra
812 1645 948 1683 dexter

221 1703 444 1754 ingeniosus
462 1707 502 1740 et
514 1702 737 1740 dexteritas.
773 1705 837 1744 19.
851 1700 950 1756 (Sed

223 1770 380 1799 tamen:
432 1759 532 1798 haec
563 1760 734 1799 formula
769 1761 946 1799 declarat

222 1818 446 1870 graviorem
474 1818 784 1870 oppositionem,
824 1833 946 1870 quam

223 1876 391 1928 simplex
407 1875 477 1913 sed
492 1882 563 1914 aut
577 1884 720 1915 tamen.
750 1877 944 1930 Propter-

223 1946 270 1972 ea
297 1933 376 1972 hoc
404 1939 580 1972 utuntur
617 1939 726 1984 tum,
774 1941 824 1975 ut
851 1941 945 1988 post

222 1992 440 2043 longiorem
465 1992 782 2030 enunciationem
813 1993 944 2032 inser-

222 2056 307 2088 tam
324 2063 492 2098 sensum,
520 2049 588 2087 illa
605 2050 840 2103 interposita
861 2052 944 2090 dis-

222 2113 400 2146 tractum
425 2113 495 2145 aut
514 2107 791 2158 obscuratum,
822 2123 944 2148 revo-

223 2171 334 2214 cent3
353 2171 452 2214 tum,
479 2171 537 2214 ut,
566 2173 779 2218 postquam
797 2167 846 2205 ad
868 2168 944 2206 alia

224 2223 442 2262 deflexerat
452 2223 591 2273 oratio,
610 2223 670 2262 his
682 2225 820 2275 missis,
841 2225 944 2264 illud

221 2287 432 2333 urgeatur,
473 2281 583 2332 quod
610 2289 681 2321 aut
703 2283 832 2333 idem,
874 2284 944 2335 qui

222 2338 423 2390 loquitur,
462 2345 533 2377 aut
565 2340 663 2378 alius
702 2341 789 2392 quis
824 2347 942 2379 antea

223 2396 394 2437 dixerat.
436 2397 505 2447 Sp.
551 2397 693 2436 Similis
720 2398 816 2437 huic
830 2399 942 2437 locus

223 2455 291 2493 Ge.
314 2455 349 2503 I,
381 2456 467 2496 79.:
526 2456 639 2503 „Sed
659 2465 792 2493 tamen
819 2458 943 2495 alter-

221 2512 282 2551 nis
314 2512 437 2551 facilis
475 2512 647 2563 labor3‘<
694 2527 793 2565 quae
818 2516 943 2554 verba

219 2570 429 2610 referenda
455 2569 506 2608 ad
533 2583 591 2609 VS.
617 2574 683 2612 71.
733 2572 943 2611 Praeterea

221 2628 458 2676 tenendum,
505 2627 567 2665 his
605 2629 810 2679 particulis
832 2631 943 2683 iungi

219 2685 426 2726 interdum
442 2697 507 2723 res
525 2686 642 2737 plane
665 2686 858 2736 diversas,
893 2696 942 2728 ut

221 2744 291 2784 Ge.
302 2745 333 2794 I,
349 2743 461 2786 305.:
492 2743 600 2792 „Sed
609 2752 741 2781 tamen
758 2751 797 2782 et
818 2759 939 2797 quer-

220 2816 292 2841 nas
318 2800 480 2854 glandes
506 2806 595 2838 tum
621 2800 811 2853 stringere
834 2810 938 2841 tem-

219 2873 296 2914 pus
303 2862 339 2910 ;“
354 2859 414 2898 i.e.
425 2857 553 2896 hieme
561 2872 643 2897 non
655 2859 783 2898 solum
795 2861 938 2899 fruun—

220 2924 290 2957 tur
306 2922 425 2971 parto
444 2915 655 2969 agricolae,
696 2917 764 2955 sed
788 2932 938 2969 procu-

220 2981 315 3015 rant
339 2974 460 3014 etiam
485 2973 691 3025 quaedam.
750 2973 847 3015 Aen.
877 2976 938 3026 ΠΙ,

999 1120 1124 1164 ’541.;
1174 1122 1291 1172 „Sed
1310 1130 1445 1161 tamen
1461 1121 1571 1162 idem
1603 1120 1733 1177 (equi,

1004 1179 1153 1218 bellum
1169 1179 1462 1236 portendentes)
1493 1179 1588 1220 olim
1612 1195 1738 1221 curru

1005 1238 1219 1277 succedere
1247 1239 1372 1278 sueti:
1401 1240 1499 1292 Spes
1522 1245 1564 1278 et
1578 1239 1698 1292 pacis.
1712 1242 1736 1261 “

1004 1296 1131 1335 Porro
1150 1303 1298 1349 urgent
1313 1296 1390 1335 hae
1400 1291 1624 1350 particulae
1642 1311 1736 1336 sen-

1003 1354 1172 1393 tentiam
1213 1355 1294 1393 iam
1338 1361 1431 1393 ante
1479 1355 1735 1409 explicatam:

1005 1413 1085 1451 Cic.
1103 1412 1153 1451 de
1163 1412 1276 1452 Orat.
1290 1412 1336 1463 Π,
1357 1415 1424 1455 32.
1446 1413 1508 1453 ecl.
1529 1413 1734 1453 Schuetz.:

1004 1471 1112 1521 „sed
1127 1479 1260 1509 tamen
1277 1469 1489 1510 hominum
1508 1478 1570 1511 est
1592 1471 1735 1511 multi—

1002 1529 1126 1578 tudo,
1169 1543 1253 1567 non
1280 1529 1494 1568 criminum
1517 1529 1735 1581 infinita;“

1003 1600 1056 1626 sc.
1074 1587 1138 1625 uti
1158 1587 1313 1640 saepius
1330 1588 1411 1627 iam
1428 1587 1525 1627 dixi.
1554 1588 1735 1639 Denique

1003 1650 1088 1684 non
1107 1651 1168 1683 est
1185 1645 1539 1698 praetereundum,
1579 1647 1652 1685 sed
1665 1655 1733 1685 ta—

1003 1717 1096 1741 men
1109 1703 1317 1742 interdum
1337 1703 1508 1756 elliptice
1525 1704 1615 1755 dici,
1622 1703 1735 1743 hunc

1001 1761 1046 1800 in
1062 1761 1248 1800 modum:
1284 1762 1367 1800 Ecl.
1383 1762 1462 1812 IX,
1492 1762 1580 1805 55.:
1619 1792 1643 1812 „
1655 1763 1737 1800 Sed

1002 1827 1138 1857 tamen
1154 1820 1232 1858 ista
1247 1820 1341 1858 satis
1360 1820 1509 1859 reseret
1526 1820 1601 1859 tibi
1618 1833 1734 1873 saepe

1001 1877 1212 1916 Menalcas.
1222 1879 1246 1900 “
1274 1878 1299 1916 i.
1320 1891 1352 1917 e.
1375 1878 1448 1916 sed
1465 1892 1550 1917 non
1563 1878 1733 1918 frauda-

978 1935 1095 1981 >bere
1117 1935 1200 1986 his3
1245 1950 1340 1974 nam
1372 1936 1446 1975 etsi
1481 1949 1552 1988 ego
1583 1937 1732 1976 oblitus

1001 2008 1102 2043 sum,
1131 2000 1269 2033 tamen
1286 1994 1486 2033 Menalcas
1505 2007 1551 2032 ea
1569 1995 1646 2034 tibi
1662 2008 1731 2034 re-

1000 2053 1115 2091 seret.
1176 2052 1255 2091 Cic.
1294 2052 1344 2091 de
1377 2052 1491 2092 Orat.
1523 2052 1580 2103 Π,
1640 2052 1731 2096 35.:

1000 2123 1136 2162 „quae
1154 2110 1315 2162 quidem
1343 2109 1550 2160 omnibus,
1588 2111 1658 2162 qui
1685 2124 1731 2149 ea

999 2168 1254 2207 mediocriter
1279 2169 1402 2208 modo
1425 2168 1729 2219 considerarint,

999 2227 1135 2265 studio
1162 2225 1344 2265 adhibito
1371 2233 1412 2265 et
1431 2240 1528 2277 usu,
1567 2233 1730 2280 pertra-

1000 2291 1109 2323 ctata
1133 2298 1214 2323 esse
1238 2291 1426 2338 possunt3
1485 2284 1558 2322 sed
1595 2293 1730 2323 tamen

1000 2343 1155 2382 animus
1176 2343 1410 2382 referendus
1431 2348 1496 2381 est
1517 2342 1570 2380 ad
1594 2356 1640 2381 ea
1659 2357 1730 2381 ca-

999 2401 1139 2454 pita,“
1170 2398 1245 2440 etc.
1274 2402 1300 2440 i.
1318 2414 1350 2440 e.
1384 2401 1456 2439 sed
1484 2414 1729 2453 quamquam

998 2465 1248 2512 pertractata
1271 2472 1354 2497 esse
1372 2465 1564 2512 possunt,
1591 2465 1728 2498 tamen

1000 2517 1155 2556 animus
1188 2523 1261 2556 etc.
1285 2517 1381 2556 ibid.
1406 2517 1527 2570 paulo
1544 2517 1727 2556 inferius:

1000 2604 1025 2625 „
1036 2590 1120 2614 non
1135 2589 1299 2628 possum
1315 2575 1500 2627 equidem
1517 2588 1600 2613 non
1616 2575 1728 2627 inge-

998 2633 1064 2671 nio
1080 2634 1228 2685 primas
1246 2633 1481 2672 concedere:
1506 2633 1578 2670 secl
1593 2641 1728 2671 tamen

997 2690 1128 2743 ipsum
1151 2691 1354 2744 ingenium
1381 2691 1584 2743 diligentia
1606 2691 1727 2730 etiam

1000 2761 1051 2787 ex
1065 2749 1259 2788 tarditate
1275 2749 1457 2788 incitat.⁴‘
1475 2748 1632 2788 Nubem
1651 2762 1727 2787 ex-

1000 2807 1223 2859 emplorum
1257 2806 1341 2847 vid.
1379 2821 1441 2860 ap.
1482 2808 1644 2846 Santen.
1674 2807 1726 2845 ad

999 2865 1158 2904 Terent.
1175 2864 1304 2905 Maur.
1323 2878 1382 2905 vs.
1400 2863 1495 2908 754.
1517 2887 1567 2895 --
1607 2865 1664 2903 De
1683 2865 1726 2903 vi

997 2922 1183 2962 Pronom.
1211 2925 1283 2961 iste
1309 2923 1392 2962 vid.
1417 2923 1467 2971 Q.
1491 2923 1538 2962 V.
1564 2923 1724 2972 XVIIII,

1000 2981 1035 3020 1.
1071 2979 1182 3035 Wr.)
1212 2981 1288 3032 da,
1321 2980 1406 3031 ede,
1435 2979 1512 3031 dic,
1542 2981 1724 3031 edissere,
