1768 3320
1173 127 1230 170 l
1407 164 1412 172 .

306 222 404 270 AD
452 217 827 277 CARMlNA
866 217 1284 266 BUCOLICA
1477 222 1546 270 45

24 347 336 415 repentinae
367 345 589 412 quidem
626 362 685 395 ac
715 344 1022 410 inopinatae
1055 342 1371 407 deberetur,
1418 361 1543 394 eum

22 433 152 484 prae
171 416 390 466 caeteris
409 414 740 465 laudandum
764 414 862 463 sibi
878 421 1130 464 sumeret.
1570 416 1578 421 ’

160 557 276 606 Iam
295 564 451 606 antea
468 553 628 618 fama,
652 571 852 604 novam
872 554 1067 604 instare
1086 551 1279 602 mundi
1301 559 1545 614 aetatem,

25 625 417 691 exSibyllarum
436 626 687 676 vaticiniis
707 625 1025 676 obtinuerat.
1061 622 1393 675 Confirmata
1413 620 1547 670 haec

24 696 208 763 opinio
240 712 430 746 mense
468 695 625 759 lulio,
682 712 852 762 quum
886 694 1036 745 stella
1076 694 1288 753 crinita,
1334 691 1402 741 ad
1435 690 1545 741 Ecl.

22 768 107 818 IX.
146 775 599 829 commemorata,
650 766 990 832 apparuisset.
1074 767 1169 816 Ao,
1200 769 1318 815 710.
1353 760 1546 813 Vulca-

22 836 126 886 tius
138 853 362 902 aruspex
384 837 439 886 in
463 836 726 887 concione
752 835 976 887 dixerat:
1013 832 1327 899 „significari
1350 832 1547 882 exitum

21 907 155 978 noni
177 905 371 956 saeculi
395 915 448 956 et
480 907 779 972 ingressum
806 906 1026 967 decimi3
1064 904 1160 954 sed
1191 902 1342 971 quod
1374 902 1547 951 invitis

21 975 131 1027 Diis
150 985 354 1026 secreta
370 993 556 1026 rerum
578 977 981 1043 pronunciaret,
1017 975 1194 1024 statim
1214 990 1272 1024 se
1294 989 1408 1023 esse
1429 988 1547 1021 mo-

21 1047 313 1108 riturum;“
361 1056 415 1096 et
436 1046 684 1097 nondum
707 1045 855 1095 finita
879 1047 1121 1096 oratione
1150 1046 1204 1094 in
1228 1044 1340 1111 ipsa
1368 1043 1547 1092 conci-

23 1133 130 1175 one
165 1116 410 1168 concidit.
453 1121 742 1182 (Augustus
773 1117 827 1165 in
860 1115 892 1168 l.
918 1115 1159 1166 secundo
1189 1114 1257 1164 de
1281 1113 1546 1165 Memoria

23 1187 160 1236 vitae
178 1203 319 1238 suae.
357 1189 502 1239 Serv.
524 1187 591 1237 ad
610 1186 717 1238 Ecl.
740 1189 826 1247 IX,
844 1190 948 1251 47.)
997 1187 1133 1236 Hinc
1150 1183 1398 1252 profecto
1419 1191 1546 1247 erat,

24 1255 175 1325 quod
193 1273 339 1309 nunc
362 1257 564 1324 (paullo
599 1267 722 1324 post
741 1256 1029 1306 solennem
1050 1258 1203 1306 istam
1224 1254 1547 1321 comproba-

21 1329 229 1377 tionem
261 1335 315 1377 et
340 1333 582 1393 gravem)
620 1328 971 1393 opinarentur
999 1327 1232 1377 Romani
1260 1326 1367 1374 iam
1398 1340 1547 1374 acce-

25 1397 154 1447 dere
174 1414 372 1446 novam
393 1397 587 1446 mundi
619 1406 875 1461 aetatem,
915 1414 943 1446 e
979 1397 1142 1446 rebus
1168 1395 1470 1445 tristissimis
1495 1402 1549 1442 et

25 1467 171 1535 quasi
194 1483 256 1516 ex
279 1465 461 1516 inferis
482 1476 707 1534 repente
727 1466 794 1516 ad
817 1484 1093 1516 summum
1111 1465 1378 1531 fastigium
1398 1463 1547 1514 laeti-

22 1539 127 1586 tiae
154 1553 279 1603 per
303 1536 686 1587 Pollionem
710 1537 940 1587 maxime
965 1546 1017 1586 et
1038 1536 1350 1587 Pollione
1374 1537 1547 1586 Con-

24 1606 127 1657 sul
144 1623 173 1656 e
206 1608 390 1659 evecti.
459 1610 648 1674 Itaque
674 1605 814 1656 filius
835 1608 883 1656 ei
906 1607 1011 1656 hoc
1030 1608 1146 1674 ipso
1171 1615 1422 1672 tempore
1452 1621 1548 1654 na-

22 1687 108 1727 tus
151 1677 300 1744 quasi
346 1677 557 1742 signum
604 1678 731 1726 novi
777 1694 963 1727 rerum
1010 1677 1211 1726 ordinis
1251 1675 1547 1726 videbatur.

21 1747 280 1799 Asconius
290 1747 558 1798 Pedianus
581 1748 718 1812 (sine
734 1747 900 1797 dubio
921 1749 976 1797 in
987 1746 1074 1799 lib.
1093 1747 1160 1797 de
1176 1746 1548 1796 obtrectatori-

21 1818 124 1868 bus
135 1816 359 1883 Virgilii)
379 1835 406 1867 a
428 1817 580 1868 Gallo
603 1817 881 1882 (Pollionis
901 1816 1037 1884 filio)
1055 1835 1112 1868 se
1137 1816 1344 1868 audisse
1363 1813 1547 1877 refert,

23 1887 163 1937 hanc
185 1886 440 1952 Eclogam
461 1888 516 1936 in
543 1888 816 1938 honorem
844 1905 1003 1938 suum
1033 1887 1245 1953 factam.
1310 1885 1547 1937 Macrob.

27 1960 234 2010 Saturn.
263 1960 356 2022 ΠΙ,
379 1964 426 2010 7.
463 1957 531 2008 de
568 1958 767 2008 eodem
798 1958 1053 2008 Pollionis
1086 1958 1199 2008 filio
1228 1959 1548 2023 interpreta-

24 2038 125 2080 tur.
195 2028 295 2079 Hic
314 2028 471 2093 igitur
493 2038 571 2078 est
599 2028 687 2079 ille
720 2045 883 2095 puer,
922 2046 1088 2096 quem
1125 2027 1360 2079 celebrat
1377 2027 1548 2091 Virgi-

26 2098 149 2163 lius,
184 2115 366 2165 neque
391 2098 653 2163 ChristuS,
690 2099 745 2148 in
784 2116 950 2166 quem
977 2099 1283 2149 vaticinium
1315 2114 1432 2147 esse
1451 2113 1549 2147 vo·

25 2167 268 2231 luerunt,
304 2185 487 2235 neque
513 2167 652 2219 filius
674 2169 893 2235 quidam
916 2170 1212 2229 Octaviani;
1250 2184 1365 2217 non
1402 2167 1548 2217 enim

28 2248 108 2288 est
124 2237 264 2288 ullus
294 2239 342 2288 ei
372 2238 479 2288 hoc
509 2247 758 2305 tempore
798 2248 979 2301 natus;
1026 2238 1157 2289 Iulia
1189 2238 1299 2289 filia
1331 2255 1409 2289 ao,
1430 2240 1547 2289 715.

29 2308 253 2359 demum
283 2325 474 2358 mense
492 2308 657 2376 Aprili
683 2318 772 2359 aut
783 2310 940 2361 Maio,
964 2341 1025 2348 —
1053 2310 1212 2377 Atqui
1232 2325 1367 2359 uxor
1386 2309 1548 2358 Octa-

27 2379 165 2428 viani
212 2378 426 2443 gravida
460 2388 642 2428 tamen
658 2385 681 2430 ?
736 2380 988 2429 Potuitne
1030 2380 1216 2430 coniici
1265 2396 1294 2429 a
1328 2377 1547 2443 Virgilio

26 2465 260 2516 puerum
302 2447 546 2502 futurum
589 2455 739 2500 esse?
780 2482 850 2489 —
892 2454 959 2500 At
986 2451 1223 2516 primum
1268 2448 1325 2499 id
1362 2447 1550 2498 fuisset

27 2519 256 2568 maxime
288 2518 607 2581 ridiculum;
662 2528 779 2568 tum
815 2520 1133 2570 Octavianus
1170 2536 1284 2570 non
1326 2518 1548 2568 dilectus

32 2597 143 2638 erat
174 2588 311 2638 adeo
334 2630 347 2652 ‚
396 2605 499 2638 nec
526 2588 770 2654 Virgilius
800 2589 1017 2639 humilis
1051 2599 1104 2640 et
1134 2590 1247 2640 vilis
1278 2588 1547 2649 adulator;

33 2674 195 2724 quam
212 2659 396 2725 inepte
413 2675 579 2725 porro
598 2658 827 2709 Pollioni
852 2659 1074 2710 dicasset
1107 2676 1323 2710 carmen
1347 2659 1403 2707 in
1435 2657 1548 2707 lau-

34 2727 163 2776 dem
207 2730 367 2794 pueri·
388 2729 679 2780 Octaviano
708 2729 1012 2780 nondum
1051 2731 1193 2780 nati
1224 2738 1277 2780 et
1313 2727 1547 2777 fortassis

32 2813 104 2845 ne
138 2798 383 2847 nascituri
424 2799 671 2865 quidem3
708 2799 941 2866 denique
976 2802 1157 2850 omnia
1183 2799 1420 2850 fatentur
1446 2814 1547 2863 pu-

36 2882 191 2915 erum
219 2867 327 2915 iam
356 2884 498 2918 esse
537 2878 793 2933 natum,
841 2869 990 2936 quod
1022 2887 1146 2920 cum
1173 2870 1283 2921 aliis
1329 2866 1547 2934 quibus-

37 2934 162 2985 dam
185 2935 531 2999 neglexerunt
560 2937 655 2989 alii.
