1734 3320
173 159 275 208 418

502 156 558 206 Ρ.
594 155 959 207 VIRGILII
993 155 1372 206 MARONIS

172 280 448 333 Laudibus
467 280 649 331 Italiae
671 290 904 344 certent3
942 297 1056 330 non
1074 283 1259 331 Bactra
1273 321 1285 345 ‚
1324 297 1506 350 neque
1529 282 1668 347 Indi,

173 356 423 420 Totaque
441 349 677 401 turiferis
698 351 961 402 Panchaia
985 352 1196 419 pinguis
1222 353 1410 404 arenis,

171 426 315 473 Haec
343 422 461 472 loca
481 438 597 471 non
618 422 755 471 tauri
773 423 1035 488 spirantes
1056 422 1274 472 naribus
1294 423 1478 488 ignem

1604 427 1703 475 140

170 496 448 544 Invertere
469 493 590 542 satis
613 492 842 541 inmanis
870 491 1122 542 dentibus
1142 491 1328 557 hydri3

170 567 283 615 Nec
312 563 475 629 galcis
499 562 789 630 densisque
809 563 984 612 virum
1008 578 1160 627 seges
1182 563 1396 613 horruit
1411 561 1598 614 hastis:

174 634 284 684 Sed
303 632 553 699 gravidae
575 630 757 697 fruges
782 641 835 682 et
853 631 1047 682 Bacchi
1070 634 1325 683 Massicus
1347 632 1552 682 humor

171 704 483 771 Inplevere3
520 711 713 752 tenent
735 702 887 753 oleae
911 711 1265 771 armentaque
1287 703 1438 755 laeta.

244 778 356 827 141.
393 775 716 836 INVERTERE,

218 893 287 928 138
322 898 469 925 certant
493 889 595 924 Leid.
624 902 644 923 a
673 901 719 923 m.
746 901 815 923 see.
866 901 936 923 nec
965 889 1057 924 Indi
1080 896 1233 936 quatuor
1269 902 1346 925 cum
1377 891 1520 925 Donato
1547 888 1594 923 ad
1617 888 1702 922 Ter.

168 939 311 974 Phorm.
334 940 376 980 ΙΙ,
405 940 436 981 1,
465 937 521 972 14.

618 932 687 972 '139
710 937 817 970 Putes
841 948 919 970 esse
942 939 1094 971 Tomoe.
1143 938 1214 972 Sed
1237 939 1376 972 variant
1395 945 1523 984 poetae
1551 936 1616 970 has
1637 946 1703 970 co·-

168 986 271 1032 pulas
290 985 411 1020 multis
434 985 548 1018 modis
560 1011 569 1027 ‚
595 991 635 1017 ut
651 983 744 1017 nihil
762 990 840 1017 tuto
866 990 1023 1018 statuere
1042 985 1172 1029 possis.
1208 985 1292 1030 (vid.
1303 988 1356 1028 ‘Q.
1375 987 1420 1021 V.
1439 985 1617 1026 XXXVI,
1646 984 1701 1018 10.

174 1036 226 1069 W
226 1035 271 1078 r.)
368 1032 436 1067 140
462 1033 541 1066 Nec
560 1032 584 1065 l.
602 1031 734 1065 Medic.
754 1043 776 1064 a
800 1043 847 1065 m.
876 1043 947 1065 sec.
984 1033 1165 1078 spirantis·
1181 1033 1326 1066 Mentel.
1349 1033 1431 1067 duo.
1539 1030 1604 1067 141
1631 1031 1702 1064 im-

168 1092 296 1115 manes
316 1086 399 1113 ante
418 1079 553 1120 Heius„
578 1078 681 1113 male.
715 1079 867 1112 immani
886 1079 997 1112 Goth.
1017 1091 1072 1124 pr.
1094 1080 1228 1125 hydris
1245 1079 1375 1114 Medic.
1410 1079 1489 1126 (sed
1514 1078 1637 1112 ultima
1651 1077 1702 1110 li-

167 1134 245 1161 tera
264 1133 448 1171 expuncta.
497 1127 661 1159 Ceterum
681 1127 775 1159 satis
794 1125 968 1160 dentibus
983 1125 1129 1160 Dativus
1157 1133 1225 1169 est,
1247 1134 1287 1161 ut
1303 1135 1400 1162 recte
1419 1132 1579 1161 statuunt
1593 1127 1700 1160 Voss.

169 1182 205 1208 et
216 1174 365 1214 Iacobs.;
387 1186 494 1219 quare
514 1184 648 1207 comma
664 1180 747 1219 post
757 1175 954 1207 Invertere
974 1173 1118 1214 sustuli3
1141 1174 1205 1207 sed
1224 1186 1326 1220 quam
1345 1174 1523 1209 Iacobsius
1542 1173 1580 1206 in
1599 1172 1702 1207 auxi-

166 1222 253 1256 lium
271 1229 374 1255 vocat
393 1219 591 1267 prolepsim
604 1246 612 1262 ‚
641 1229 682 1253 ut
700 1228 914 1257 sererentur
935 1221 1083 1264 dentes,
1110 1233 1186 1254 eam
1207 1234 1290 1255 cave
1310 1222 1492 1263 admittas;
1527 1219 1702 1254 sententia

165 1269 256 1303 haec
283 1275 355 1302 est:
399 1268 646 1302 invertere
689 1267 795 1301 loca
839 1267 1068 1301 dentibus
1109 1268 1253 1314 hydri
1276 1288 1324 1295 —-
1352 1270 1430 1305 scil.
1470 1267 1630 1303 serendis
1654 1287 1700 1293 —

167 1316 328 1362 quales
353 1316 405 1349 ab
432 1317 599 1348 Iasone
624 1321 758 1348 satos
784 1315 1068 1359 accepimus.
1099 1316 1196 1360 Wr.)
1271 1316 1339 1352 142
1356 1317 1468 1364 galea
1486 1316 1628 1350 videtur
1642 1315 1701 1349 le·-

167 1364 262 1409 gisse
281 1366 411 1397 Auctor
428 1362 577 1396 Medeae
591 1374 631 1405 lv.
651 1363 722 1398 256
741 1361 777 1394 in
796 1361 942 1396 Anthol.
962 1363 1042 1396 Lat.
1059 1374 1139 1408 pag.
1163 1364 1241 1399 167.
1289 1365 1383 1398 viris
1402 1363 1540 1408 Zulich.
1632 1361 1701 1399 144

168 1412 343 1457 oleaeque
363 1417 446 1444 ante
466 1408 667 1452 Heinsium‚
709 1409 767 1455 qui
785 1409 968 1443 Pieriauos
997 1410 1187 1444 nonnullos
1212 1419 1247 1445 et
1271 1422 1391 1445 omnes
1419 1422 1501 1445 suos
1532 1416 1700 1458 sequutus

166 1471 236 1505 que
255 1457 408 1491 sustulit.
458 1459 497 1490 In
521 1457 685 1490 Mediceo
715 1456 874 1490 additum
903 1469 923 1490 a
950 1469 1053 1491 manu
1077 1470 1147 1492 sec.
1197 1459 1306 1492 Deest
1326 1458 1362 1491 in
1390 1458 1480 1493 libb.
1497 1459 1633 1499 Burm.,
1662 1457 1701 1490 in

165 1505 280 1550 Regio
303 1503 466 1547 Martini,
493 1512 528 1538 et
553 1504 719 1538 Gothano
740 1516 809 1538 sec.
858 1505 952 1549 Ergo
977 1505 1080 1538 codd.
1101 1505 1313 1539 auctoritate
1330 1506 1465 1548 exulat,
1501 1506 1598 1552 quod
1615 1515 1700 1539 ver—

166 1565 241 1585 sum
263 1552 541 1586 numerosiorem
573 1559 610 1585 et
638 1551 834 1585 suaviorem
860 1551 1006 1589 faceret.
1044 1554 1093 1598 (at
1111 1564 1184 1586 non
1204 1553 1405 1595 meliorem3
1438 1553 1499 1587 ubi
1519 1552 1700 1587 immorari

166 1600 317 1642 animum
336 1599 480 1644 imagini
497 1599 676 1641 volumus,
709 1598 926 1632 commodius
955 1599 1129 1633 omittitur
1158 1600 1296 1646 copula.
1327 1600 1423 1645 Wr.)
1470 1601 1578 1635 Color
1605 1599 1700 1634 idem

166 1653 222 1680 est
241 1647 277 1680 in
293 1648 436 1680 Lucret.
458 1647 502 1688 V,
527 1646 599 1682 204
618 1666 663 1671 —
679 1654 828 1692 partem
843 1655 986 1680 montes
1003 1647 1191 1693 silvaeque
1197 1646 1373 1694 ferarum
1391 1649 1614 1689 Possedere3
1640 1655 1699 1681 te·-

165 1702 259 1728 nent
282 1707 393 1740 rupes
411 1702 615 1740 vastaeque
627 1693 801 1741 paludes.
830 1694 933 1727 oleae
951 1702 1211 1740 sarmentaque
1232 1695 1333 1728 laeta
1351 1695 1432 1729 edit.
1447 1698 1604 1740 Argent.,
1626 1706 1699 1728 no—

164 1747 266 1774 tante
284 1740 450 1781 Reiski03
477 1741 521 1774 ab
541 1739 810 1786 interpolatrice
830 1740 951 1785 utique
972 1753 1086 1775 manu.
1137 1743 1187 1775 Io.
1211 1742 1396 1776 Schrader.
1413 1743 1595 1777 tentabat:
1631 1754 1699 1776 ar-

165 1787 356 1834 bustaque.
407 1788 513 1829 Quod
534 1800 617 1821 sane
637 1795 672 1821 et
688 1787 804 1831 ipsum
823 1788 910 1820 ferri
930 1796 1068 1833 posset3
1103 1788 1154 1822 uti
1173 1789 1218 1822 de
1238 1789 1369 1823 vitibus
1386 1802 1428 1824 ea
1446 1802 1516 1824 vox
1535 1789 1698 1831 occurrit,

168 1842 205 1868 et
225 1848 304 1868 cum
328 1834 419 1868 oleis
438 1834 562 1868 melius
583 1834 798 1868 conveniret.
847 1834 1025 1868 luciderat
1050 1847 1190 1881 quoque
1219 1835 1256 1869 in
1281 1836 1376 1871 idem
1396 1837 1540 1873 Wakef.
1561 1837 1607 1870 ad
1621 1837 1698 1869 Lu·-

165 1889 250 1916 eret.
262 1884 307 1925 V,
330 1883 434 1918 1377.
460 1883 592 1915 Verum
611 1889 717 1927 poeta
733 1881 919 1915 transitum
937 1882 982 1916 ad
1000 1895 1127 1939 greges
1150 1882 1246 1917 facit.
1281 1884 1362 1918 lata
1386 1896 1459 1918 non
1475 1885 1583 1918 modo
1603 1884 1697 1927 coni.

164 1929 228 1963 sed
254 1936 290 1963 et
312 1929 476 1975 reposuit
501 1929 645 1965 Wakef.
675 1928 757 1974 quia
787 1926 945 1964 αἰπόλια
962 1931 1109 1964 maz-soc
1127 1929 1246 1975 αἰγῶν
1272 1932 1367 1977 apud
1378 1930 1524 1966 Homer.
1650 1929 1651 1932 ’

165 2016 291 2055 ficari.
311 2018 469 2055 Bactra
480 2032 495 2065 ,·
517 2016 786 2066 Bactrianam,
799 2022 903 2054 tam-
961 2031 1041 2069 quo
1063 2017 1146 2057 vid.
1165 2017 1266 2057 Plin.
1283 2018 1372 2070 XII,
1396 2017 1463 2069 14,
1485 2033 1515 2058 s.
1534 2022 1590 2062 30
1609 2032 1694 2072 sqq.

165 2089 288 2127 quam
306 2075 566 2128 splendidum
586 2088 734 2114 nomen
754 2088 903 2114 memo-

162 2146 254 2173 rare
286 2134 475 2184 videtur3
517 2133 592 2172 etsi
630 2140 671 2172 et
703 2133 771 2171 illa
789 2139 901 2172 terra

163 2192 269 2230 inter
288 2192 529 2231 felicissimas
546 2198 625 2243 θεῖς
646 2193 767 2230 etiam
785 2191 900 2230 Oxus

161 2250 203 2288 in
228 2263 274 2288 ea
302 2263 448 2289 aurum
475 2250 624 2290 vehere
660 2250 810 2289 dictus:
850 2250 900 2289 de

161 2308 303 2348 Mirab.
343 2307 463 2348 Ausc.
495 2308 565 2351 46.
645 2311 740 2351 139.
780 2310 900 2346 Ραη-

162 2366 311 2416 οΙιαία,
341 2366 512 2405 Arabiae
531 2367 639 2419 regio
654 2397 664 2417 ,
697 2380 768 2405 seu
792 2365 900 2405 Ara—

161 2425 228 2464 bia
245 2438 356 2463 nunc
368 2431 427 2463 est
439 2440 449 2476 ;
462 2426 624 2478 proprie
634 2425 765 2463 insula
777 2425 899 2464 fabu—

161 2483 247 2522 losa
266 2483 454 2522 Euemeri
474 2483 644 2522 Arabiae
661 2484 711 2522 ab
730 2483 898 2522 Oriente

163 2541 333 2590 obiecta,
357 2555 479 2593 quam
499 2555 552 2580 ex
565 2542 683 2580 Ennii
701 2543 898 2580 Euemero

162 2605 284 2638 norat
302 2599 507 2651 Virgilius.
535 2601 583 2639 cs.
613 2600 729 2639 Diod.
754 2600 804 2649 V,
829 2601 900 2650 41,

162 2657 237 2696 etsi
251 2663 292 2696 et
309 2657 366 2696 ibi
386 2656 545 2697 diversa
562 2665 620 2697 est
638 2658 771 2697 insula
790 2658 900 2696 turi-

161 2716 259 2756 sera.
286 2717 482 2767 pinguis,
525 2723 598 2755 aut
631 2721 798 2769 propter
832 2722 901 2754 tus

160 2773 327 2826 pingue,
369 2773 482 2824 quod
514 2775 670 2813 resinae
705 2780 898 2812 naturam

160 2831 306 2882 habet,
338 2837 409 2870 aut
422 2832 577 2883 fertilis,
609 2832 785 2883 turfferc’s
805 2846 896 2870 are-

160 2893 224 2929 nis
238 2920 249 2940 ‚
291 2890 377 2929 solo
413 2903 602 2940 arenoso,
652 2889 718 2928 cui
756 2890 897 2928 frutex

164 2948 266 2989 turis
286 2948 525 3000 innascitur,
555 2948 597 2989 h.
616 2962 693 3003 pro
717 2953 822 2999 ture,
845 2948 897 2987 de

958 2076 1006 2115 In
1024 2090 1145 2129 prosa
1168 2076 1340 2116 diceres:
1378 2076 1531 2117 habens
1550 2078 1694 2129 solum,

959 2134 1072 2186 quod
1095 2135 1173 2173 fert
1189 2135 1337 2188 pingue
1358 2141 1439 2176 tus.

1019 2192 1101 2235 140
1125 2217 1172 2222 —
1205 2192 1299 2236 143.
1331 2194 1439 2246 Nota
1469 2193 1608 2233 fabula
1643 2193 1694 2232 de

959 2250 1149 2290 dentibus
1176 2251 1365 2292 draconis
1391 2253 1441 2299 ab
1465 2252 1607 2292 Iasone
1640 2252 1694 2292 ad

958 2309 1275 2363 expugnandum
1301 2311 1431 2351 vellus
1460 2310 1694 2350 Colchicum

957 2368 1142 2421 profecto
1170 2369 1291 2419 satis,
1332 2376 1373 2409 et
1397 2370 1497 2410 viris
1527 2370 1692 2409 armatis

957 2425 1054 2465 hinc
1091 2427 1370 2467 enascentibus
1389 2459 1400 2479 ‚
1454 2428 1523 2479 qui
1555 2429 1692 2481 Sparti

958 2484 1069 2523 dicti.
1098 2484 1182 2525 vid.
1201 2484 1388 2538 Apollon.
1417 2485 1484 2536 ΠΙ,
1504 2485 1590 2528 409
1606 2499 1690 2539 sqq.

956 2543 1110 2581 horruit
1145 2543 1328 2595 pulcrius
1380 2557 1503 2596 quam
1539 2545 1690 2595 extitit,

958 2601 1079 2650 exiit,
1132 2607 1229 2639 nata
1269 2606 1339 2640 est.
1409 2602 1558 2642 Versus
1607 2601 1690 2646 140

957 2658 1178 2697 translatus
1205 2673 1257 2698 ex
1283 2660 1443 2700 Lucret.
1473 2661 1521 2711 V,
1548 2663 1604 2703 29
1634 2663 1691 2700 Et

957 2717 1173 2755 Diomedis
1193 2719 1288 2770 equi
1306 2720 1506 2769 spirantes
1523 2718 1690 2758 naribus

954 2776 1103 2826 ignem.
1168 2777 1260 2817 143.
1290 2776 1442 2828 fruges
1466 2777 1684 2830 gravidae,

953 2832 1094 2872 laetae.
1113 2832 1197 2872 vid.
1215 2833 1268 2871 ad
1288 2835 1359 2873 Ge.
1381 2835 1412 2885 Ι,
1434 2838 1531 2878 319.
1570 2835 1689 2875 Mons

954 2892 1182 2941 Mas-siem,
1207 2892 1461 2946 Campaniae,
1492 2893 1545 2933 ad
1562 2894 1688 2934 Sinu-

954 2961 1103 2999 essam,
1134 2950 1290 2991 vitibus
1312 2952 1503 2992 consitus.
