1768 3320
325 227 425 287 ΑΙ)
473 224 845 277 CARMI‘NA
881 224 1298 276 BUCOLICA
1463 266 1470 287 ‚
1576 236 1643 282 23

117 364 525 432 Transpadanae
551 364 761 414 Asinius
798 364 976 414 Pollio
1006 381 1252 431 praeesse
1290 369 1481 433 coepit.
1539 372 1641 431 Qui

116 434 362 504 quidem,
400 452 593 502 quum,
630 434 801 484 nobili
832 450 1032 499 genere
1064 443 1235 497 ortuS,
1273 435 1459 486 litteris
1480 440 1643 488 Grae-

114 506 186 555 cis
220 514 275 555 et
300 505 498 554 Latinis
527 504 790 569 imbutuS,
827 505 1043 570 ingenio
1075 506 1364 570 emineret,
1410 523 1522 555 non
1556 524 1642 557 so-

117 574 233 625 lum
263 576 378 642 ipse
409 574 610 624 litteras
645 583 893 643 artesque
926 575 1115 637 coluit,
1152 575 1250 625 sed
1281 593 1375 626 eos
1405 594 1640 643 quoque,

111 662 140 695 a
175 645 369 713 quibus
398 644 513 695 illas
546 644 650 695 coli
682 646 1045 712 comperisset.
1120 647 1341 712 Scripsit
1363 647 1477 712 ipse
1509 650 1640 696 Tra-

110 715 329 781 goedias
367 723 421 765 et
444 730 703 780 magnum
733 732 870 782 opus
901 715 970 765 de
999 715 1219 766 historia
1262 715 1535 766 bellorum
1568 717 1639 766 ci-

112 784 314 836 vilium.
350 785 507 835 Idem
531 786 755 849 criticOS,
792 786 1180 850 grammaticOS,
1215 785 1478 850 rhetoreS,
1507 803 1641 853 poe-

109 864 215 921 tas,
270 856 369 905 sibi
390 853 676 905 familiares
709 872 824 906 esse
862 856 1053 918 voluit,
1102 855 1331 906 domum
1380 858 1641 906 concessit

108 925 522 977 recitationibus,
594 929 777 989 Quum
808 943 938 975 vero
971 935 1111 976 esset
1140 926 1247 975 hoc
1281 927 1393 976 eius
1427 927 1523 976 viri
1559 927 1640 975 in-

107 997 358 1062 genium,
411 995 530 1046 fieri
562 1013 675 1045 non
709 1005 944 1062 poterat,
1002 997 1131 1064 quin
1168 996 1319 1046 brevi
1351 1005 1638 1064 postquam

105 1067 439 1135 provinciam
466 1066 740 1116 moderari
764 1075 1030 1133 coeperat,
1065 1067 1363 1132 Virgilium,
1400 1067 1509 1116 sive
1534 1067 1636 1116 iam

108 1146 263 1188 antea
297 1138 346 1187 ei
364 1137 703 1200 innotuerat,
755 1136 887 1186 dum
917 1136 1104 1186 studiis
1148 1146 1357 1187 vacaret
1373 1136 1637 1202 Virgilius,

106 1209 216 1258 sive
253 1216 385 1258 tunc
425 1207 649 1257 demum
688 1223 788 1274 per
825 1207 1141 1274 specimina,
1199 1224 1336 1274 quae
1367 1206 1459 1258 ille
1493 1206 1638 1257 exhi-

105 1278 312 1342 buerat,
346 1286 409 1327 ut
431 1276 691 1342 Culicem,
720 1277 775 1326 in
804 1277 916 1326 eius
938 1286 1157 1326 venerat
1186 1278 1450 1341 notitiam,
1489 1293 1638 1326 acce-

108 1348 239 1399 dere
269 1347 338 1397 ad
364 1363 422 1397 se
455 1346 645 1412 vellet,
685 1347 844 1414 eique
875 1346 1079 1396 aditum
1110 1346 1275 1399 daret.
1313 1350 1497 1410 Quum
1516 1347 1636 1398 Vir—

104 1418 260 1484 gilius
288 1427 408 1467 tum
434 1433 537 1484 per
568 1416 874 1467 studiorum
902 1418 1185 1481 rationem,
1222 1426 1340 1466 tum
1371 1433 1471 1483 per
1499 1417 1636 1466 vitae

107 1489 503 1551 conditionem,
542 1505 713 1555 quum
742 1502 894 1551 agros
934 1496 988 1536 et
1015 1504 1135 1537 rem
1157 1487 1461 1554 pecuariam
1486 1503 1636 1536 cura-

103 1569 215 1624 ret,
273 1558 341 1608 ad
382 1566 613 1623 agrestes
653 1561 831 1607 Musas
880 1565 1019 1606 esset
1054 1574 1380 1626 propensus,
1440 1573 1635 1624 easque

104 1629 251 1680 haud
272 1629 436 1679 dubie
458 1627 699 1693 diligenti
721 1626 1174 1677 Theocriteorum
1204 1627 1503 1676 carminum
1525 1635 1635 1675 stu—

105 1699 197 1750 dio
229 1698 568 1757 excoluisset3
601 1696 807 1761 Pollio,
845 1699 1077 1747 Graecae
1109 1697 1425 1747 eruditionis
1454 1713 1635 1746 aman—

102 1771 360 1831 tissimuS‚
415 1777 602 1818 auctor
636 1783 929 1834 suasorque
970 1768 1183 1830 exstitit,
1237 1776 1299 1817 ut
1331 1768 1385 1816 in
1419 1765 1526 1816 hoc
1543 1781 1630 1831 ge-

104 1857 236 1892 nere
274 1839 551 1904 ingenium
588 1846 860 1887 exerceret
891 1837 1166 1902 Virgilius,
1223 1837 1290 1886 ad
1333 1836 1483 1904 quod
1528 1838 1633 1886 iam

102 1927 277 1978 prope
319 1918 609 1959 accesserat
648 1907 1042 1958 conscribendo
1075 1907 1275 1959 Culice.
1350 1906 1513 1970 Quod
1543 1923 1634 1956 au-

105 1982 265 2032 ctoris
296 1979 671 2045 elegantissimi
702 1978 986 2028 consilium
1015 1987 1077 2028 ut
1106 1995 1171 2028 eo
1200 1978 1349 2027 citius
1378 1993 1634 2044 exseque—

101 2061 253 2103 retur
280 2050 545 2116 Virgilius,
576 2047 778 2098 factum
810 2057 889 2098 est
918 2066 1019 2115 per
1047 2048 1426 2113 Alexandrum,
1461 2063 1633 2097 unum

106 2141 135 2174 e
165 2122 370 2190 pueris,
409 2121 501 2188 qui
536 2119 773 2170 Pollioni
810 2118 879 2168 ad
911 2118 1108 2186 pocula
1148 2127 1311 2170 erant.

716 2287 794 2349 (E
813 2283 888 2336 cl.
923 2286 1027 2349 ΙΙ.)

245 2390 551 2457 Coeperant
592 2390 697 2439 iam
736 2398 890 2439 antea
923 2388 1220 2438 nobiliores
1248 2387 1480 2438 Romani
1512 2386 1633 2435 viris

105 2459 276 2509 doctis
320 2461 456 2510 adeo
498 2459 829 2509 familiariter
858 2460 961 2523 uti,
1004 2467 1066 2508 ut
1102 2459 1204 2508 sibi
1249 2459 1304 2507 in
1338 2457 1632 2519 itineribus,

105 2530 323 2597 quando
355 2547 581 2598 peregre
604 2531 834 2594 abibant,
872 2538 960 2579 aut
989 2530 1100 2579 ruri
1132 2529 1356 2578 comites
1388 2544 1501 2577 esse
1520 2525 1632 2575 vel-

109 2599 233 2664 lent,
272 2602 422 2651 domi
457 2610 640 2651 autem
670 2618 770 2667 per
802 2601 974 2650 otium
1005 2608 1059 2649 et
1090 2600 1145 2649 in
1171 2598 1342 2666 epulis
1374 2598 1631 2647 convivas,

110 2671 339 2737 Peoinde
371 2672 565 2734 Pollio,
604 2672 696 2738 qui
726 2670 873 2720 hunc
905 2687 1122 2719 morem
1159 2686 1273 2719 non
1299 2668 1479 2717 solum
1505 2682 1632 2735 pro—

108 2747 227 2805 pter
267 2741 742 2805 consuetudinem,
807 2758 945 2808 quae
990 2741 1096 2790 iam
1142 2739 1462 2801 invaluerat,
1537 2734 1633 2784 sed

30 2871 35 2876 ¹
105 2820 330 2876 propter
362 2812 608 2861 indolem
637 2813 869 2861 nativam
899 2810 1214 2875 adsciverat,
1268 2807 1451 2875 paullo
1484 2813 1631 2872 post-

108 2897 271 2946 quam
299 2882 547 2946 Virgilius
581 2882 629 2931 ei
667 2883 998 2943 innotuerat,
1056 2880 1123 2930 ad
1165 2895 1366 2930 coenae
1410 2877 1631 2926 societa-

107 2958 220 2998 tem
243 2950 488 3003 invitavit.
559 2951 639 3002 lbi
666 2951 913 3016 Virgilius
945 2968 1114 3018 quum
1135 2948 1495 3000 Alexandrum
1519 2942 1625 2992 for-
