1734 3320
193 197 296 247 538
524 199 579 249 P.
617 200 974 252 VIRGILII
1007 203 1384 258 MARONIS

190 323 290 372 Hic
319 322 407 373 vel
428 323 494 374 ad
515 325 634 376 Elei
654 336 824 377 metas
849 337 902 378 et
919 346 1169 381 maxuma
1189 334 1365 400 campi

141 459 146 464 q
192 392 417 443 Sudabit
438 396 627 461 spatia,
670 406 722 447 et
739 414 956 464 spumas
974 411 1094 465 aget
1116 419 1212 452 ore
1239 413 1510 466 cruentas3

187 463 396 528 Belgica
416 465 500 516 vel
522 466 675 516 molli
695 468 889 519 melius
905 467 1046 521 feret
1068 473 1253 523 esseda
1274 473 1430 526 collo,

190 537 334 585 Tum
356 535 582 586 demum
612 554 781 588 crassa
795 555 1055 605 magnum
1083 541 1350 609 farragine
1380 560 1575 611 corpus
1611 548 1715 598 205

233 678 304 713 202
328 678 426 711 IIinc
445 677 573 711 Medic.
594 690 614 711 a
634 690 679 711 m.
702 691 772 713 sec.
791 681 882 714 Gud.
904 688 940 715 et
961 681 1041 724 alii3
1076 690 1113 717 et
1131 684 1182 718 sic
1201 684 1326 729 fragm.
1346 685 1462 720 Vatic.
1484 691 1520 718 et
1545 685 1713 726 Roman.;

187 730 224 758 et
241 731 359 765 recte3
386 725 430 758 ab
451 725 521 758 hoc
542 731 725 771 tempore:
752 728 847 772 quod
870 729 1091 774 designatum
1113 737 1190 764 erat
1205 744 1238 765 v.
1263 733 1332 767 190
1354 739 1390 765 et
1407 731 1489 768 205.
1524 732 1636 777 (IIinc
1651 744 1714 765 re—

183 772 271 818 poni
292 772 399 805 etiam
418 772 559 806 Iahnius
578 773 695 814 iubet;
720 781 818 808 vetat
836 775 906 809 hoc
925 776 1003 810 fieri
1022 778 1196 812 sententia
1217 791 1286 812 VSS.
1304 780 1432 815 205—
1444 781 1476 814 8.
1525 781 1597 812 Hic
1618 779 1715 813 valet

184 820 294 860 talis,
330 828 405 853 tam
433 821 608 866 egregius
635 833 763 867 equus.
795 823 891 867 er.)
940 826 1013 857 Hic
1043 833 1080 858 et
1108 826 1158 859 ad
1184 826 1377 860 Comment.
1395 827 1498 872 Cruq.
1521 827 1567 860 ad
1585 827 1711 860 Horat.

185 867 250 900 Od.
271 868 332 908 IV,
357 868 390 901 2.
439 875 476 900 et
503 866 608 900 etiam
626 868 727 902 Rom.
749 876 787 902 et
805 870 956 916 Oblong.
976 871 1096 906 Pierii.
1145 875 1303 907 maxima
1332 875 1426 908 Circi
1446 872 1605 908 Sudabit
1622 887 1713 921 spa-

184 914 238 947 tia
256 913 468 947 coniiciebat
485 915 684 948 Markland.
719 916 765 949 ad
786 920 875 951 Stat.
895 918 979 952 silv.
1006 921 1051 962 V,
1083 922 1115 962 1,
1139 922 1199 963 21,
1223 921 1326 954 nimis
1355 922 1488 962 calide3
1523 921 1575 955 ita
1596 922 1714 955 Eleus

185 962 310 994 Circus
339 974 359 995 a
388 968 498 1006 poeta
524 962 639 996 dictus
674 970 779 997 esset.
828 966 1008 1010 Iungenda
1037 974 1136 1000 sunt:
1163 968 1214 1002 ad
1237 977 1354 1002 metas
1376 977 1413 1002 et
1443 970 1567 1016 spatia
1595 970 1715 1015 campi

181 1008 274 1042 Elei.
368 1009 439 1044 203
465 1017 501 1042 eb
519 1010 622 1043 abest
640 1022 660 1043 a
682 1012 852 1046 Rottend.
871 1020 955 1047 tert.
977 1020 1013 1047 et
1038 1015 1204 1049 Parrhas.
1253 1017 1335 1063 agit
1350 1015 1452 1050 Leid.
1484 1028 1504 1049 a
1531 1028 1576 1049 m.
1596 1028 1650 1061 pr.
1675 1022 1712 1049 et

180 1055 303 1099 fragm.
325 1056 442 1089 Vatic.
538 1057 611 1092 204
634 1059 775 1092 Bellica
793 1060 921 1094 Medic.
943 1073 964 1094 a
981 1073 1026 1094 m.
1044 1074 1097 1107 pr.
1122 1064 1251 1096 Moret.
1272 1075 1327 1108 pr.
1348 1075 1436 1097 unus
1457 1063 1574 1096 Mead.
1599 1063 1710 1097 Goth.

181 1115 264 1144 sec.,
291 1103 387 1148 quod
410 1103 579 1150 placebat
603 1106 780 1147 Martium
814 1114 912 1141 recte
935 1115 1054 1142 tamen
1083 1110 1211 1143 reiecit
1233 1110 1355 1144 Heius.
1403 1110 1537 1145 Eadem
1557 1110 1710 1144 varietas

180 1149 277 1184 alibi.
307 1162 339 1184 v.
358 1150 481 1185 Heius.
529 1153 662 1200 Belgia
690 1155 830 1198 Menag.
860 1168 915 1201 pr.
955 1156 1067 1203 serat
1090 1157 1215 1202 fragm.
1231 1159 1338 1192 Voss.
1387 1158 1528 1192 heseda
1545 1158 1726 1192 Parrhasj

179 1198 247 1233 205
278 1199 335 1231 Tu
357 1199 445 1243 Reg.
486 1197 598 1247 fi’rra
626 1201 687 1234 ine
715 1202 846 1235 Medic.
872 1215 892 1237 a
919 1215 965 1237 m.
995 1216 1049 1249 pr.
1075 1204 1147 1248 (est
1170 1217 1211 1239 ea
1228 1205 1330 1250 prior
1347 1205 1468 1240 lectio.
1508 1205 1604 1250 Wr.)
1652 1206 1710 1240 Sic

180 1251 216 1278 et
232 1245 295 1279 alii
312 1245 490 1289 scribunt,
519 1253 580 1280 aut
617 1250 781 1296 erugine.
827 1251 1022 1297 sartagine
1037 1252 1158 1286 Heius.
1178 1251 1269 1286 coni.
1315 1253 1480 1287 Caussam
1499 1264 1573 1287 non
1592 1253 1708 1288 video.

177 1352 280 1392 etis:
308 1352 394 1393 vid.
426 1353 478 1394 ad
507 1354 594 1394 Val.
624 1354 685 1394 Fl.
722 1355 789 1406 ΙΙΙ,
815 1356 912 1407 525,

176 1411 248 1450 ubi
290 1414 400 1450 tenui
437 1427 573 1465 vagas
609 1415 769 1452 innatat
800 1415 914 1454 unda

179 1470 321 1509 Crinis.
360 1472 496 1509 Lenta
531 1471 678 1523 flabra
716 1473 913 1513 videntur

176 1528 225 1567 ab
246 1529 453 1581 aquilone,
494 1530 564 1581 qui
584 1531 731 1569 densus
752 1531 914 1571 incum-

174 1587 236 1626 bit
252 1618 263 1637 ,
322 1587 578 1640 aliquantum
623 1602 706 1627 esse
761 1590 913 1642 aliena,

174 1645 380 1685 enimvero
397 1653 568 1698 segetes,
608 1653 751 1701 utpote
773 1648 912 1688 humi-

172 1704 292 1743 liores
327 1711 368 1743 et
405 1705 617 1756 cedentes,
660 1706 811 1757 lenius,
850 1709 911 1746 le-

174 1763 290 1801 niore
319 1777 412 1801 cum
442 1764 638 1817 strepitu,
681 1765 909 1816 agitantur3

173 1821 337 1860 arbores
366 1827 531 1871 contra,
572 1823 765 1862 maiorem
793 1825 909 1863 venti

170 1879 371 1932 impetum
401 1881 662 1930 sustinentes,
719 1896 908 1922 sonorem

171 1938 301 1977 edunt
329 1952 377 1977 ac
408 1939 621 1991 fragorem.
654 1937 765 1991 (sid.
788 1940 839 1989 Q.
859 1941 906 1982 V.

169 1997 351 2047 XXXV,
385 1999 423 2038 3.
467 1996 603 2052 Wr.)
663 1998 762 2039 Mox
792 2000 909 2052 longi

159 2056 320 2106 fluclus
349 2064 521 2107 urguent
534 2086 545 2106 ,
584 2070 660 2109 pro
690 2057 807 2109 longe
820 2088 831 2108 ,
863 2065 906 2097 at

167 2114 299 2152 multo
325 2113 564 2165 exquisitius
589 2115 740 2154 fluctus
770 2117 901 2168 longi,

170 2172 239 2224 qui
272 2185 293 2210 e
324 2172 543 2225 longinquo
590 2174 783 2224 veniunt;
833 2190 929 2213 zor--

165 2240 318 2282 guent,
351 2231 611 2283 protrudunt
629 2246 690 2282 se,
721 2233 904 2272 volvun-

165 2295 249 2327 tur.
311 2291 412 2339 Ille,
458 2290 616 2342 aquilo,
657 2291 785 2330 volat.
846 2292 903 2330 De

166 2361 271 2399 equo
292 2347 407 2400 'hunc
431 2362 596 2389 versum
622 2363 770 2402 parum
787 2364 902 2390 com-

166 2406 287 2445 mode
308 2407 498 2460 accipias:
538 2422 631 2447 cum
652 2409 703 2446 sit
721 2423 902 2462 aequora

164 2478 336 2503 verrens.
399 2463 488 2518 (Ita
525 2467 743 2506 dicendum
778 2474 900 2517 esset,

164 2527 328 2575 poetam
371 2525 508 2575 paullo
565 2525 756 2564 audacius
799 2525 902 2564 haec

165 2580 314 2619 dixisse
335 2581 384 2619 de
401 2583 493 2633 equi
514 2582 748 2637 celeritate.)
767 2584 899 2636 fuga,

165 2639 216 2678 de
259 2640 378 2679 celeri
420 2654 543 2680 cursu
585 2656 631 2680 ac
668 2648 812 2692 motu,
850 2649 900 2681 ut

163 2711 280 2751 saepe
309 2704 465 2752 poetae.
532 2702 579 2740 V
574 2714 694 2739 errem
722 2700 772 2738 de
797 2714 899 2740 ven-

161 2757 240 2807 tis,
285 2770 337 2796 ex
382 2770 494 2796 more
538 2765 773 2811 poetarum,
821 2773 896 2811 pro

161 2815 346 2869 perflare.

219 2872 495 2917 202—204.
536 2873 614 2912 Hic
651 2873 717 2913 vel
765 2873 896 2912 bonus

161 2933 240 2971 erit
267 2933 311 2971 in
334 2932 620 2972 certaminibus
639 2962 649 2982 ‚
692 2945 714 2969 e
750 2932 896 2984 quibus

162 2991 396 3045 Olympica,
434 2997 643 3044 tamquam
679 2996 896 3043 praestan-

971 1358 1055 1397 tius
1085 1372 1233 1410 genus,
1272 1367 1497 1412 memorat3
1527 1360 1594 1400 vel
1623 1361 1708 1413 agi-

971 1417 1110 1456 tandis
1141 1418 1340 1458 curribus,
1400 1418 1456 1458 At
1485 1431 1607 1471 quam
1636 1433 1707 1459 or-

970 1482 1065 1514 nate
1096 1476 1275 1529 singula!
1332 1491 1531 1516 maxuma
1569 1480 1706 1529 spatia

970 1537 1111 1586 campi
1119 1565 1131 1585 ,
1183 1535 1394 1587 curriculi,
1433 1535 1705 1590 hippodromi,

970 1607 1046 1645 pro
1077 1594 1242 1646 magnis.
1314 1593 1371 1632 De
1395 1597 1540 1647 spatiis
1562 1595 1704 1647 Georg.

970 1651 1006 1689 II
1036 1658 1142 1691 extr.
1183 1651 1357 1692 Sudabit
1377 1683 1389 1703 ,
1440 1653 1533 1705 plus
1570 1667 1704 1705 quam,

971 1709 1175 1750 decurret.
1245 1711 1277 1750 E
1327 1711 1516 1750 curribus
1564 1711 1704 1750 esseda

969 1769 1150 1820 Belgica
1177 1769 1306 1822 ponit.
1369 1770 1471 1808 Cum
1505 1770 1555 1808 de
1582 1783 1704 1822 gene-

965 1827 1131 1865 rosioris
1153 1828 1246 1878 equi
1265 1841 1433 1867 munere
1450 1834 1605 1880 agatur,
1629 1827 1703 1866 de-

965 1884 1137 1924 siderari
1175 1885 1342 1925 videtur
1377 1899 1527 1925 nomen
1557 1900 1702 1926 currus

964 1942 1109 1993 bellici,
1137 1943 1321 1996 inprimis
1344 1957 1438 1984 eum
1453 1959 1494 1984 v.
1513 1947 1596 1986 179
1628 1945 1701 1983 Sc'n

965 2001 1025 2039 ad
1054 2001 1163 2040 bella
1210 2005 1349 2055 magis
1387 2009 1463 2042 etc.
1515 2002 1698 2043 dixisset.

962 2059 1048 2098 Iam
1083 2060 1257 2099 Romani
1299 2061 1447 2100 essedis
1478 2061 1601 2114 vulgo
1637 2062 1700 2100 usi

963 2124 1061 2156 sunt
1078 2118 1157 2157 iter
1170 2119 1381 2159 facientes:
1403 2120 1445 2158 id
1467 2119 1579 2172 quod
1598 2133 1696 2172 poe-

961 2182 1006 2214 ta
1042 2176 1115 2216 vix
1149 2191 1226 2230 pro
1272 2178 1469 2231 dignitate
1510 2179 1698 2217 carminis

961 2247 1188 2274 memorare
1211 2237 1369 2289 potuit3
1398 2237 1603 2290 petierant
1621 2251 1698 2276 au-

962 2299 1046 2332 tem
1069 2308 1189 2333 usum
1221 2308 1244 2332 a
1274 2296 1480 2334 Britannis
1494 2325 1505 2344 ,
1550 2294 1620 2347 qui
1645 2308 1697 2334 ex

961 2351 1108 2390 essedis
1140 2354 1388 2405 pugnabant.
1427 2354 1532 2393 conf.
1566 2353 1695 2392 cerda

960 2417 1002 2449 et
1038 2410 1203 2451 Martin.
1262 2411 1348 2452 Aut
1381 2413 1520 2464 itaque
1554 2412 1694 2451 dicen-

960 2468 1080 2508 dum:
1118 2476 1280 2522 poetam
1310 2471 1447 2510 esseda
1471 2484 1548 2522 pro
1571 2470 1693 2509 nobi—

957 2527 1059 2565 liore
1079 2541 1223 2579 genere
1239 2559 1250 2578 ,
1290 2529 1389 2581 bigis
1408 2528 1692 2581 quadrigisque

957 2585 1167 2625 lautorum
1186 2586 1421 2636 hominum,
1455 2587 1601 2638 quibus
1620 2600 1691 2639 ge·-

957 2644 1182 2683 nerosiores
1201 2645 1290 2696 equi
1310 2645 1422 2697 iungi
1439 2645 1582 2696 solent,
1611 2659 1690 2697 po·—

957 2701 1099 2753 suisse3
1119 2709 1167 2741 ut
1185 2703 1331 2755 passim
1348 2703 1572 2754 Caesarum,
1591 2717 1689 2743 cur-

954 2759 1068 2798 ribus
1090 2760 1418 2814 triumphalibus,
1447 2762 1615 2812 thensis,
1640 2769 1689 2801 ut

955 2818 1067 2870 apud
1093 2819 1237 2859 Horat.
1265 2821 1336 2873 Ep.
1368 2821 1422 2870 Il,
1450 2823 1469 2861 1
1486 2850 1496 2870 ‚
1530 2823 1612 2862 192
1638 2820 1687 2859 de

954 2890 1102 2929 pompa
1122 2878 1359 2932 triumphali
1377 2879 1420 2917 in
1437 2877 1599 2917 theatro
1612 2892 1686 2917 ex-

953 2933 1083 2974 hibita
1109 2942 1206 2986 etc.,
1242 2944 1334 2988 aut,
1373 2936 1486 2989 quod
1526 2937 1686 2990 praese—

952 3007 1062 3044 ram,
1094 3009 1169 3047 pro
1191 2996 1377 3035 curribus
1401 2995 1552 3034 bellicis
1577 3009 1684 3035 esse-
