1734 3320
144 269 265 319 <640

493 266 549 317 P.
587 264 948 317 VIRGILII
981 263 1364 317 MARONIS

162 392 415 446 Proderit
434 401 488 443 et
511 402 734 444 tunsum
756 392 925 458 gallae
946 392 1244 444 admiscere
1264 409 1533 460 saporem,

161 465 484 531 Arentisque
504 480 677 528 rosaS,
715 471 804 513 aut
827 464 936 529 igni
954 463 1171 531 pinguia
1190 462 1366 514 multo

161 533 386 588 Defruta
401 575 414 599 ,
452 534 539 585 vel
557 533 756 585 Psithia
777 550 961 601 passos
984 533 1053 584 de
1070 533 1178 583 vite
1197 550 1474 600 racemoS‚

165 606 604 675 Cecropiumque
641 604 889 669 thymum
902 645 917 670 ‚

957 691 1064 726 rea.

966 613 1020 654 et
1056 619 1214 669 grave
1245 603 1448 655 olentia
1479 613 1699 656 centau-

1594 681 1700 729 270

162 750 258 799 Est
280 747 442 797 etiam
463 743 566 794 flos
590 745 645 794 in
669 745 856 812 pratis,
896 746 980 795 cui
999 760 1209 794 nomen
1232 744 1428 794 amello

164 821 369 869 Fecere
391 815 653 882 agricolae
669 857 682 881 ,
720 814 887 866 facilis
909 813 1295 885 quaerentibus
1316 814 1512 879 herba3

235 917 353 965 269.
389 925 606 961 PsrrmA

214 1055 286 1090 267
310 1061 482 1095 tunsum,
516 1061 662 1095 tusum,
706 1060 872 1095 tuscum,
914 1060 1053 1095 tutum,
1094 1060 1264 1095 tonsum,
1306 1051 1479 1098 scriptum
1508 1051 1579 1088 vid.
1606 1052 1704 1099 apud

166 1103 352 1135 Burmann.
373 1107 410 1134 et
428 1102 486 1143 ΙΙΙ,
515 1101 595 1136 133.
620 1101 823 1134 immiscere
839 1101 964 1134 Franc.
995 1106 1031 1134 et
1051 1099 1183 1145 Regius
1203 1099 1360 1134 Martini.

676 1148 747 1183 269
768 1148 943 1194 psythiae
965 1146 1093 1181 Medic.
1125 1159 1203 1181 cum
1233 1154 1386 1193 quatuor
1409 1147 1566 1183 Heinsii:

167 1158 296 1195 tesque
319 1150 407 1193 Reg.
439 1147 581 1182 Martin.

1429 1095 1438 1102 ‘
1454 1101 1525 1136 268
1549 1101 1703 1135 Arden—

1600 1160 1704 1194 quem

165 1196 260 1230 vide.
305 1197 384 1244 psit
403 1196 495 1230 haec
515 1197 706 1229 Romanus.
756 1195 879 1229 Simia
895 1196 982 1241 Reg.
1001 1195 1073 1229 vid.
1103 1194 1149 1228 ad
1170 1195 1302 1241 Georg.
1328 1197 1373 1239 11,
1397 1196 1454 1231 93.
1481 1196 1623 1242 (Medic.
1643 1207 1703 1241 ap.

167 1243 317 1289 Foggin.
347 1243 383 1277 h.
409 1243 434 1278 l.
461 1244 623 1284 Psitiae,
661 1254 766 1288 supra
799 1242 939 1276 adiecta
965 1243 1001 1276 Ιι.
1050 1241 1209 1288 Heynius
1231 1243 1396 1290 psithia,
1428 1243 1567 1277 minore
1597 1243 1705 1277 litera

167 1291 319 1334 initiali,
344 1291 382 1325 h.
401 1290 427 1325 l.
448 1296 674 1331 exaraverat3
701 1296 739 1323 at
756 1289 893 1323 maiore
926 1291 990 1324 Ge.
1022 1291 1065 1332 ΙΙ,
1090 1290 1160 1332 93.,
1187 1302 1291 1335 quam
1316 1290 1461 1334 reduxi,
1485 1303 1531 1325 ne
1557 1290 1705 1325 deside-

168 1346 266 1372 retur
284 1338 496 1373 constantia.

546 1338 704 1371 Obscura
736 1343 791 1370 est
809 1337 913 1371 huius
941 1337 1094 1371 nominis
1120 1336 1235 1382 origo.
1285 1337 1371 1372 Cod.
1390 1341 1489 1373 Serv.
1508 1339 1635 1373 Dresd.
1659 1338 1706 1372 ad

169 1387 234 1421 Ge.
255 1388 298 1428 11,
323 1386 382 1422 93.
406 1386 497 1420 haec
522 1385 651 1419 habet:
687 1384 856 1427 „Psithia
886 1397 997 1430 genus
1021 1392 1074 1419 est
1102 1384 1184 1418 vitis
1211 1385 1255 1419 ab
1288 1384 1404 1420 insula
1436 1385 1494 1420 vel
1522 1386 1705 1432 regione.“

168 1434 241 1468 Sed
263 1434 452 1467 Cretam
488 1432 623 1466 diserte
653 1431 813 1465 nominat
839 1432 926 1466 Cod.
959 1433 1001 1466 G.
1022 1444 1080 1477 ap.
1109 1433 1225 1466 Burm.
1273 1433 1401 1479 Neque
1429 1433 1499 1467 hoc
1524 1433 1706 1479 ineptum3

168 1494 313 1527 passum
343 1480 437 1514 enim
460 1481 498 1514 in
523 1481 628 1514 Creta
649 1479 874 1525 potissimum
904 1480 982 1513 fieri
1010 1480 1172 1522 solitum;
1208 1479 1280 1514 vid.
1305 1480 1461 1515 Iuvenal.
1489 1482 1599 1524 XIV,
1624 1483 1705 1517 271.

169 1529 291 1575 ibique
317 1530 478 1574 Interpp.
540 1529 757 1572 Quamquam
786 1539 860 1561 non
891 1527 1095 1569 dissimulo,
1136 1533 1283 1562 auctore
1307 1528 1508 1563 Scholiasta
1534 1528 1709 1563 Nicandri

169 1576 334 1622 Alexiph.
355 1589 406 1611 vs.
437 1577 516 1612 181.
540 1587 685 1621 passum
707 1574 885 1610 Psithium
905 1587 948 1609 ex
965 1575 1042 1609 uvis
1072 1574 1244 1609 Pramniis
1261 1576 1393 1622 parari.
1424 1576 1521 1622 Wr.)
1566 1588 1709 1625 passus

170 1624 317 1658 Mentel.
338 1636 394 1671 pr.

171 1735 275 1771 mor,
305 1719 470 1760 insectis
485 1718 693 1772 graviduS,
725 1719 909 1760 adstrin-

171 1785 331 1833 gentem
366 1779 492 1818 habet
539 1784 734 1817 naturam
773 1776 910 1833 (unde

171 1838 214 1878 ll.
243 1838 268 1877 l.
309 1852 436 1890 sapor
474 1837 621 1888 gallae
652 1851 729 1890 pro
763 1835 908 1892 galla),

173 1896 356 1948 adeoque
385 1894 637 1948 profluvium
675 1895 783 1934 sistit
815 1896 909 1945 alvi,

173 1969 255 2007 quo
282 1954 474 1994 laborant
503 1965 600 1992 vere
628 1966 679 1991 ex
700 1960 813 1993 certo
834 1968 910 2006 pa-

172 2013 273 2053 buli·
291 2012 410 2053 verni
440 2024 584 2065 genere
617 2025 722 2064 apes.
751 2013 802 2052 cf.
834 2013 915 2051 Co-

173 2073 272 2112 lum.
291 2071 363 2121 IX,
388 2073 457 2120 13,
475 2073 514 2112 2.
527 2070 659 2109 Varro
669 2070 740 2120 ΠΙ,
764 2073 831 2121 16,
844 2073 914 2113 22.

174 2133 272 2173 269.
292 2129 456 2168 Psithia
473 2128 570 2168 vitis
588 2128 800 2168 utilissima
819 2143 915 2183 pas-

175 2190 227 2228 sis
239 2188 331 2228 uvis
352 2194 394 2226 et
415 2186 666 2226 conficiendo
695 2188 792 2227 inde
814 2189 913 2228 vino

171 2262 326 2300 passo:
362 2245 446 2286 vid.
471 2246 541 2285 Ge.
560 2245 609 2296 II,
635 2249 704 2289 93.
747 2247 911 2300 ,Defru—

176 2315 263 2345 ium
287 2305 430 2345 vinum
452 2304 570 2343 dulce
589 2318 636 2343 ac
654 2311 829 2356 coctum,
861 2306 912 2345 de

177 2378 259 2417 quo
278 2363 409 2403 multa
427 2363 539 2416 apud
555 2363 782 2416 Scriptores
801 2365 850 2403 R.
862 2365 912 2405 R.

175 2425 274 2465 270.
328 2422 642 2475 Cecropiamque
700 2423 910 2476 thymum,

176 2480 262 2520 vid.
275 2494 362 2532 sup.
373 2494 413 2519 v.
428 2482 524 2522 112.
541 2482 636 2522 177.
657 2490 915 2520 centauream

177 2539 262 2577 sive
288 2537 566 2589 centaurium,
604 2539 734 2578 maius
767 2546 809 2579 et
836 2541 917 2579 mi-

158 2610 276 2648 Anus,
325 2596 518 2635 Taasend
552 2597 837 2638 Guldenkraut
850 2629 861 2649 ,
895 2613 918 2637 a

179 2655 385 2694 Centauro
406 2653 583 2693 Chirone
603 2669 751 2695 nomen
774 2657 917 2696 traxit.

177 2713 263 2754 vid.
299 2713 399 2752 Plin.
430 2712 573 2764 XXV,
598 2712 638 2764 4,
669 2721 765 2754 sect.
789 2714 857 2766 14,
877 2718 917 2766 6,

180 2778 276 2811 sect.
300 2774 368 2814 30.
389 2773 458 2813 31.

238 2832 337 2873 271.
382 2828 650 2869 Consentiunt
687 2830 770 2869 viri
806 2830 918 2868 docti

179 2889 223 2928 in
251 2888 350 2938 hoc,
390 2889 586 2927 amellam
618 2901 702 2926 esse
733 2890 918 2926 Asterem

181 2947 366 2987 Atticum
406 2947 638 2985 caeruleum
674 2947 889 2998 vulgarem
902 2976 913 2996 ,

180 3006 298 3045 nobis
320 3004 553 3043 Stemkraut
566 3020 583 3053 ,·
627 3018 747 3056 quem
764 3004 809 3043 in
829 3004 918 3043 Ita-

180 3063 260 3114 lia,
301 3062 457 3112 Sicilia,
495 3069 538 3103 et
575 3063 707 3102 Gallia
753 3062 918 3103 Narbo-

967 1719 1082 1758 nensi
1108 1719 1273 1759 incultis
1302 1725 1343 1759 et
1365 1719 1516 1774 asperis
1536 1720 1709 1760 conval-

966 1778 1074 1817 libus
1108 1778 1257 1831 passim
1280 1778 1392 1818 nasci
1418 1778 1546 1819 Raius
1576 1785 1709 1819 testa-

968 1842 1060 1887 tur;
1105 1836 1216 1875 unde
1238 1836 1392 1889 facilis
1430 1837 1710 1891 quaerentibus

969 1894 1109 1933 herba.
1156 1895 1252 1934 Eius
1271 1896 1446 1934 formam
1466 1896 1616 1935 excudj
1634 1910 1710 1936 cu-

971 1952 1082 1992 ravit
1110 1953 1323 1992 Martinus.
1382 1954 1542 2007 Pugnat
1573 1960 1712 1994 tamen

973 2025 1050 2064 pro
1067 2011 1246 2051 Meliloto
1263 2011 1365 2051 flore
1384 2012 1497 2052 luteo
1522 2011 1711 2068 (Trifolio

973 2083 1014 2109 11.
1035 2069 1061 2114 5
1087 2069 1198 2123 apud
1213 2069 1346 2125 Linn.)
1364 2071 1520 2111 Wedel.
1536 2071 1711 2112 Exercit.

972 2127 1079 2168 med.
1111 2127 1253 2182 philol.
1282 2129 1396 2169 Ceut.
1427 2132 1467 2180 3,
1500 2130 1642 2170 Exere.
1671 2130 1711 2174 5.

971 2187 1026 2226 Et
1043 2187 1262 2240 profitetur
1279 2188 1364 2241 ipse
1381 2187 1614 2228 Hoffmann.
1632 2203 1713 2228 no-

971 2251 1077 2296 ster,
1105 2245 1312 2286 botanices
1326 2246 1479 2286 arbiter
1495 2246 1610 2287 haud
1629 2247 1712 2287 du-

969 2304 1036 2343 bie
1064 2304 1259 2356 idoneus,
1305 2319 1391 2344 non
1418 2305 1573 2358 omnia,
1611 2318 1714 2358 quae

970 2362 1014 2401 in
1030 2363 1197 2416 Virgilio
1227 2370 1532 2415 memorantur,
1578 2363 1715 2404 Asteri

975 2420 1133 2461 Amello
1164 2422 1433 2476 respondere:
1462 2422 1546 2463 vid.
1569 2423 1714 2463 Virum

976 2480 1138 2519 doctiss.
1164 2480 1208 2519 in
1240 2479 1434 2520 Asterum
1454 2481 1577 2521 Horti
1606 2482 1713 2521 Got-

975 2539 1143 2591 tingens.
1159 2539 1317 2578 Decade
1334 2540 1479 2593 prima.
1512 2537 1578 2594 (cs.
1601 2541 1713 2580 G'ott.

977 2597 1063 2636 Gel.
1084 2595 1185 2637 Anz.
1209 2600 1334 2640 1800.
1354 2612 1394 2651 p.
1411 2597 1554 2653 1321.)
1586 2599 1715 2639 Vere-

977 2656 1153 2695 cundius
1180 2655 1320 2707 itaque
1350 2656 1403 2706 ii,
1442 2657 1512 2707 qui
1530 2657 1602 2696 vix
1623 2657 1714 2711 pri-

975 2715 1050 2753 mis
1086 2714 1203 2753 labiis
1246 2712 1328 2752 hoc
1360 2714 1597 2767 plantarum
1622 2722 1715 2755 stu-

977 2772 1092 2811 dium
1136 2772 1362 2824 attigerunt
1376 2803 1386 2822 ,
1438 2772 1482 2811 in
1522 2788 1714 2827 pronun-

974 2829 1118 2869 tiando
1144 2829 1194 2868 de
1207 2829 1288 2869 hoc
1308 2844 1447 2870 rerum
1467 2845 1611 2885 genere
1631 2845 1715 2872 esse

976 2888 1186 2928 debebant.
1245 2891 1344 2931 273.
1375 2903 1454 2927 uno
1481 2891 1531 2929 de
1553 2892 1714 2943 cespite,

978 2959 1050 2985 seu
1067 2960 1151 2986 uno
1169 2946 1392 2999 eodemque
1410 2947 1487 2987 soli
1509 2949 1612 2999 loco,
1643 2961 1716 2988 seu

977 3018 1061 3044 una
1080 3005 1300 3058 eademque
1317 3005 1469 3057 radice,
1498 3007 1563 3046 uti
1583 3020 1715 3060 expo-

978 3063 1040 3103 nit
1054 3062 1332 3117 Philargyrius
1346 3094 1358 3116 ,
1390 3077 1512 3116 quem
1530 3065 1715 3117 sequitur
