1768 3320
337 181 438 230 AD
488 179 869 255 CARMINA
914 181 1333 233 BUCOLICA
1523 195 1590 241 33
1666 144 1670 147 θ

66 315 356 357 tuanorum
381 322 602 373 quoque
623 306 746 370 agri,
768 307 1226 357 Cremonensibus
1249 309 1419 374 vicini,
1443 331 1469 362 a
1491 315 1591 363 mi-

67 375 247 427 litibus
289 376 559 441 occupati,
595 391 707 425 non
743 384 969 442 propter
999 376 1212 443 culpam
1243 378 1462 444 civium,
1497 383 1594 432 sed

64 454 292 513 propter
325 445 652 495 vicinitatem
689 447 859 510 (Serv.
885 462 1132 512 prooem.
1162 446 1229 496 ad
1250 448 1360 497 Ecl.
1392 452 1479 514 IX,
1510 458 1591 503 28.

64 518 255 568 Donat.
287 516 375 567 vit.
411 517 450 582 §.
486 521 567 567 36.
605 519 737 582 94),
785 533 956 583 quum
1000 518 1451 569 Cremonensium
1487 522 1593 585 agri

64 585 322 636 militibus
341 586 601 636 Romanis
624 585 751 636 illuc
768 587 940 636 missis
960 603 1073 635 non
1094 585 1422 638 sufficerent.
1457 590 1593 639 Hinc

65 655 203 706 illud
244 655 426 738 Virgil.
461 655 572 707 Ecl.
602 657 689 720 IX,
725 663 832 709 28..
876 660 1094 707 Mantua
1124 674 1220 707 vae
1254 658 1481 708 miserae
1511 660 1594 708 ni—

63 726 237 776 mium
254 726 423 776 vicina
447 728 774 777 Cremonae!
825 729 888 776 In
911 726 993 776 his
1013 731 1431 778 Mantuanorum
1461 730 1593 794 agris

68 796 229 846 etiam
272 795 546 862 Virgiliani
583 793 770 855 fuere,
828 797 1052 847 testibus
1084 800 1277 849 Donat.
1311 797 1343 850 l.
1375 798 1407 850 l.
1449 800 1593 851 Serv.

63 864 201 933 plur.
234 866 389 931 lociS,
428 865 613 918 Si·.don
639 866 873 933 Apollin.
894 865 1114 934 praefat.
1149 869 1587 933 Panegyr.Ma10-

64 936 217 986 rian'o
243 936 394 1001 dicti,
428 935 651 989 Martial.
688 939 826 1002 VIII,
865 942 967 989 46.:
1004 937 1300 1003 (Virgilius)

133 1008 321 1071 Iugera
368 1006 679 1074 perdiderat
722 1008 948 1057 miserae
988 1008 1158 1057 vicina
1205 1009 1524 1060 Cremonae.

64 1076 185 1128 Dati
220 1076 470 1144 quidem,
507 1077 615 1126 sive
654 1078 843 1141 sumti,
881 1095 909 1127 a
938 1077 1163 1128 Claudio
1195 1093 1232 1129 5.
1264 1078 1460 1129 Clodio
1489 1079 1593 1128 mi-

65 1145 160 1196 lite
180 1156 450 1213 veterano,
522 1146 632 1196 Sed
652 1147 861 1197 Asinius
882 1147 1085 1212 Pollio,
1126 1162 1362 1214 quocum
1389 1149 1495 1198 iam
1515 1149 1592 1198 vi-

67 1215 244 1267 dimus
276 1217 716 1267 coniunctionem
745 1218 1102 1268 intercessisse
1121 1217 1367 1283 Virgilio,
1407 1219 1593 1268 etiam-

64 1303 199 1337 num
238 1287 316 1337 illi
370 1287 676 1354 provinciae
728 1287 1139 1354 Transpadanae
1181 1297 1439 1354 praeerat.
1526 1291 1595 1339 Et

66 1374 394 1425 quamquam
433 1358 752 1407 Octavianus
788 1357 1047 1407 militibus
1082 1358 1373 1424 plurimam
1412 1357 1592 1407 indul-

66 1436 218 1492 geret
248 1427 546 1490 licentiam,
583 1435 766 1476 tamen
802 1428 1050 1477 resistere
1082 1427 1370 1477 studebant
1401 1444 1594 1477 eorum

64 1496 391 1564 petulantiae
412 1496 605 1560 Pollio,
616 1498 1082 1547 LuciusAntonius
1106 1507 1158 1547 et
1176 1498 1373 1547 Fulvia.
1411 1500 1593 1560 Quum

68 1568 213 1617 enim
230 1568 547 1618 Octavianus
567 1566 959 1617 administraret
984 1567 1302 1617 divisionem
1321 1582 1589 1632 agrorum,

64 1646 125 1687 ut
146 1640 258 1704 ipse
279 1637 424 1686 solus
448 1637 596 1704 quasi
628 1653 726 1686 suo
760 1638 983 1687 nomine
1012 1637 1146 1687 haec
1183 1638 1420 1703 praemia
1450 1637 1591 1686 mili-

66 1707 207 1756 tibus
240 1707 558 1756 distribuere
598 1705 895 1772 videretur,
951 1724 1133 1774 neque
1165 1724 1294 1756 vero
1337 1715 1447 1756 tam
1477 1723 1591 1771 su0,

71 1794 233 1845 quam
256 1777 474 1827 Antonii
496 1778 746 1837 nomine;
784 1777 838 1827 id
870 1794 1131 1845 quorsum
1151 1785 1441 1844 spectaret,
1470 1793 1592 1826 sen-

65 1848 259 1897 tientes
283 1857 335 1897 et
355 1848 547 1897 Lucius
569 1847 834 1898 Antonius
868 1857 921 1898 et
939 1847 1124 1897 Fulvia
1148 1863 1304 1912 aegre
1338 1846 1590 1896 tulerunt.

64 1916 322 1982 Pollioni,
358 1926 548 1984 utpote
571 1916 685 1967 fido
706 1921 778 1967 M.
804 1918 1022 1968 Antonii
1041 1918 1212 1967 amico
1239 1916 1592 1984 eiusdemque

69 1987 262 2053 legatO,
298 1996 527 2069 patrono
551 1987 771 2052 Virgilii,
794 1989 1023 2037 maxime
1044 1987 1151 2037 hoc
1172 1987 1441 2053 agendum
1464 1995 1590 2050 erat,

65 2074 138 2108 ne
157 2075 257 2124 per
279 2059 501 2108 nimiam
533 2057 802 2107 licentiam
823 2057 1059 2108 militum
1084 2058 1358 2108 Octaviani
1388 2057 1591 2124 praeri-

66 2137 327 2195 perentur
374 2137 569 2195 poetae
618 2127 799 2177 dilecti
833 2129 1198 2194 possessiones
1223 2169 1236 2192 ,
1294 2144 1432 2194 quae
1484 2126 1589 2190 (uti

70 2215 261 2248 omnes
291 2202 733 2263 Mantuanorum)
756 2197 896 2248 ultra
916 2199 1273 2264 praescriptos
1295 2206 1350 2246 et
1371 2213 1591 2247 conces-

68 2285 155 2318 sos
182 2268 440 2318 militibus
480 2267 616 2317 fines
649 2277 801 2318 erant
822 2269 951 2317 sitae
979 2267 1047 2317 ad
1078 2269 1350 2317 montium
1385 2266 1590 2316 radices

67 2354 241 2406 prope
264 2336 472 2388 flumen
489 2339 763 2388 Mincium.
811 2338 976 2388 Omni
999 2339 1172 2402 igitur,
1210 2355 1313 2404 qua
1334 2337 1589 2404 pollebat,

69 2409 380 2459 auctoritate
435 2408 611 2458 Pollio
666 2424 732 2458 eo
768 2417 847 2458 est
882 2409 1081 2472 enisus,
1117 2417 1178 2458 ut
1212 2407 1463 2458 Claudius
1491 2407 1589 2455 iste

68 2479 375 2528 restitueret
406 2495 498 2528 sua
529 2478 768 2543 Virgilio,
816 2477 979 2540 Quod
1004 2487 1065 2527 ut
1089 2495 1155 2527 eo
1185 2478 1379 2527 certius
1400 2477 1590 2526 tutius—

71 2565 177 2615 que
203 2547 345 2599 esfici
376 2557 581 2615 posset,
621 2558 804 2598 auctor
836 2546 998 2597 fuisse
1030 2548 1243 2597 videtur
1269 2556 1491 2613 poetae,
1529 2554 1589 2594 ut

68 2620 301 2669 Romam
326 2628 379 2668 et
412 2619 479 2671 ad
511 2619 687 2685 ipsum
721 2620 1070 2668 Octavianum
1098 2618 1291 2681 abiret,
1330 2617 1397 2666 ad
1424 2632 1588 2684 quem

73 2687 417 2738 confluebant
440 2689 608 2739 eiecti.
677 2689 884 2751 Quibus
905 2688 1127 2755 quidem
1156 2687 1405 2754 precibus
1433 2701 1587 2764 prae-

72 2758 310 2808 sentibus
340 2758 590 2823 Virgilius
626 2758 732 2808 hoc
766 2757 973 2822 effecit,
1019 2767 1080 2807 ut
1113 2774 1237 2807 suos
1268 2773 1421 2821 agros
1451 2754 1586 2804 leci-

70 2835 241 2892 peret.
308 2830 506 2878 Iuvisse
550 2845 676 2878 eum
713 2845 826 2878 non
869 2828 1049 2878 solum
1086 2827 1423 2889 Pollionem,
1489 2821 1586 2872 sed

69 2899 437 2947 Maecenatem
484 2915 744 2965 quoque,
815 2898 1113 2948 admodum
1165 2905 1243 2948 est
1289 2891 1585 2962 probabile.

139 2991 346 3040 VIRGII..
401 2993 542 3041 ΤοΜ.
579 2993 617 3042 Ι.
808 3009 811 3011 ’
1271 2991 1302 3034 3
