1768 3320
136 264 203 310 22
398 250 731 303 SPOHNII
775 236 1393 297 PROLEGOMENA

140 387 255 447 Qua
289 382 342 431 in
379 396 438 430 re
474 379 655 445 iniqua
686 389 843 439 saepe
872 375 1114 436 expertus
1146 371 1225 414 est
1265 361 1456 412 iudicia
1483 360 1656 425 Virgi-

139 454 263 511 lius;
279 451 384 519 qui,
408 450 450 498 si
465 448 531 498 ad
544 445 906 496 reiveritatem
925 437 1104 488 onmia
1129 432 1520 499 expressisset,a
1541 447 1657 480 sae-

142 522 245 573 culi
281 521 362 570 sui
391 517 660 573 moribus,
712 513 775 563 ab
810 508 1067 573 elegantia
1093 503 1314 554 illorum
1344 511 1658 568 temporum

142 594 210 643 ita
236 589 557 649 recessisset,
603 594 663 635 ut
691 598 803 632 non
828 579 1162 635 delectasset.
1199 572 1296 622 sed
1326 570 1658 622 offendisset.

278 664 406 710 Post
434 671 667 724 pugnam
700 650 1085 706 Mutinensem,
1130 645 1185 693 in
1221 660 1324 710 qua
1355 643 1515 694 XVII.
1546 639 1660 693 Kal.

141 731 261 782 Mai.
298 730 357 780 ai.
389 733 505 780 711.
540 723 737 774 Hirtius
772 729 823 769 et
863 717 1020 766 tertio
1060 715 1147 765 die
1183 723 1307 779 post
1337 730 1399 763 ex
1423 711 1661 762 vulneri-

143 802 243 850 bus
269 803 435 850 Pansa
470 793 828 845 occubuerant
856 785 1148 846 ConsuleS,
1206 784 1443 835 Antonio
1473 799 1532 833 se
1574 799 1662 832 so-

148 871 287 920 cium
318 866 547 918 adiunxit
574 860 805 927 Lepidus
828 860 913 909 IV.
943 855 1054 908 Kal.
1076 858 1206 918 Iun.,
1242 864 1530 922 propterea
1553 853 1664 921 pri-

148 940 235 990 die
270 937 378 989 Kal.
407 934 571 985 hostis
609 930 865 981 iudicatus
893 944 920 976 a
961 929 1176 979 Senatu,
1233 923 1343 974 Sed
1370 924 1535 986 idem,
1572 923 1664 992 qui

149 1003 552 1077 quodammodo
591 1001 653 1052 ab
677 998 965 1050 Octaviano
1001 996 1249 1045 excitatus
1282 994 1350 1045 ad
1367 994 1666 1046 Antonium

149 1097 204 1128 se
236 1075 543 1135 contulerat,
575 1087 742 1139 quum
773 1069 929 1118 sciret
956 1066 1307 1117 Octavianum
1340 1066 1404 1115 ab
1438 1066 1666 1132 optima-

148 1148 289 1198 tibus
351 1143 623 1194 offensum
670 1138 955 1199 decedere,
1025 1153 1126 1204 per
1172 1137 1498 1187 commercia
1554 1135 1668 1201 epi-

150 1216 403 1267 stolarum
475 1211 824 1263 Octavianum
889 1224 1012 1257 cum
1067 1207 1305 1257 Antonio
1382 1204 1668 1257 conciliare

150 1286 361 1337 studuit.
1247 1338 1258 1343 ,

289 1353 602 1405 Octavianus
647 1350 848 1399 interea
887 1346 1266 1411 Consulatum,
1316 1347 1409 1414 qui
1444 1345 1543 1395 sibi
1572 1361 1668 1412 pe-

151 1425 280 1476 tenti
307 1442 333 1473 a
357 1426 553 1473 Senatu
579 1419 752 1470 fuerat
775 1418 1090 1483 denegatUS,
1124 1433 1402 1467 armorum
1423 1417 1475 1466 vi
1496 1416 1671 1466 extor-

150 1496 213 1545 sit
245 1497 377 1545 XIV.
396 1492 505 1543 Kal.
538 1489 839 1557 Septembr.
874 1492 979 1539 Per
997 1487 1188 1554 Lepidi
1220 1496 1401 1537 autem
1434 1486 1668 1536 studium

153 1575 204 1615 et
227 1580 396 1632 quum
420 1562 518 1611 sibi
541 1559 798 1628 prodesse
830 1558 1170 1624 intelligeret,
1209 1558 1528 1609 Octavianus
1549 1572 1673 1607 cum

151 1634 383 1685 Antonio
423 1631 731 1681 societatem
774 1630 912 1691 iniit,
971 1629 1041 1678 ita
1074 1637 1136 1679 ut
1178 1632 1241 1680 V.
1270 1627 1380 1680 Kal.
1416 1627 1673 1679 Decemb.

154 1705 215 1755 ei.
246 1704 306 1755 ai.
342 1701 656 1752 Octavianus
694 1702 905 1762 Caesar,
950 1699 1209 1749 Aemilius
1239 1697 1476 1766 Lepidus
1521 1707 1574 1748 et
1602 1700 1675 1750 M.

153 1772 414 1824 Antonius
446 1787 561 1820 sese
593 1769 916 1837 reipublicae
941 1769 1349 1820 constituendae
1367 1769 1676 1818 triumviros

154 1845 208 1893 in
254 1841 681 1909 quinquennium
710 1841 1115 1899 renunciarent,
1175 1848 1229 1890 et
1266 1839 1430 1889 totius
1463 1838 1676 1906 imperii

155 1912 384 1963 Romani
413 1911 704 1977 provincias
733 1910 801 1960 ita
823 1911 963 1960 inter
990 1927 1047 1961 se
1070 1909 1467 1973 distribuerent,
1491 1917 1553 1958 ut
1574 1912 1678 1959 Le-

156 1981 313 2049 pidus
354 1981 658 2047 Hispaniam
696 1997 818 2030 cum
858 1981 1024 2031 Gallia
1051 1981 1428 2043 Narbonensi,
1487 1981 1679 2030 Caesar

159 2051 474 2102 Octavianus
497 2049 752 2115 Africam,
777 2050 1008 2101 Siciliam
1033 2060 1345 2118 ceterasque
1372 2051 1484 2100 eius
1518 2050 1682 2100 maris

157 2121 380 2181 insulaS,
415 2121 674 2170 Antonius
715 2130 893 2171 autem
932 2122 1166 2190 reliquas
1199 2121 1402 2172 Galliae
1430 2121 1680 2186 regiones

166 2207 288 2240 cum
332 2190 673 2257 Transalpina
719 2200 772 2241 et
805 2192 1068 2260 Cisalpina
1117 2209 1154 2242 S.
1198 2192 1422 2257 regione
1485 2195 1681 2241 Trans—

159 2259 364 2328 padana
398 2260 671 2326 acciperet.
1522 2268 1533 2277 “

296 2330 430 2378 Huic
455 2330 859 2398 Transpadanae
890 2332 1211 2398 provinciae,
1249 2349 1386 2400 quae
1417 2334 1682 2384 Venetam

160 2399 440 2463 regionem
477 2409 528 2449 et
548 2403 888 2452 Mantuanam
926 2403 1373 2470 amplectebatur,
1418 2402 1684 2452 Antonius

119 2468 133 2485 ⁸
162 2469 401 2519 Asinium
421 2469 727 2521 Pollionem
750 2471 1022 2538 praefecit,
1060 2490 1298 2541 quocum
1317 2481 1469 2523 vetus
1493 2472 1542 2522 ei
1563 2469 1685 2521 fue-

161 2546 243 2588 rat
280 2539 580 2588 coniunctio
618 2550 670 2590 et
701 2539 1035 2594 familiaritas,
1106 2545 1204 2594 Hic
1231 2543 1415 2611 paullo
1465 2550 1587 2592 ante
1625 2558 1686 2591 ex

162 2608 409 2673 Hispania
459 2625 581 2658 cum
629 2610 832 2660 duabus
881 2612 1205 2677 legionibus,
1274 2630 1403 2682 quas
1447 2612 1685 2662 Antonio

162 2676 474 2741 tradiderat,
520 2679 573 2727 in
604 2679 828 2731 Galliam
862 2680 1035 2732 fuerat
1068 2683 1357 2751 profectus
1412 2684 1489 2734 Ex
1519 2681 1688 2732 Gallia

165 2764 287 2797 cum
326 2748 559 2798 Antonio
602 2749 655 2797 in
689 2750 890 2800 Italiam
920 2753 1164 2806 redierat.
1236 2758 1424 2822 Itaque
1468 2769 1530 2803 ex
1566 2761 1688 2802 ante

166 2817 312 2866 diem
342 2820 402 2868 V.
432 2817 540 2868 Kal.
572 2819 825 2869 Decemb.
860 2821 920 2870 ei.
953 2823 1036 2885 ai.,
1095 2826 1171 2874 uti
1207 2824 1408 2875 Galliae
1441 2821 1689 2873 Transal-

164 2887 321 2953 pinae
370 2889 430 2950 Q.
467 2886 658 2937 Fufius
695 2889 919 2939 Calenus
966 2901 1018 2941 et
1060 2895 1339 2944 Ventidius
1379 2896 1567 2943 Bassus
1622 2891 1688 2943 ab

165 2957 399 3006 Antonio
443 2956 912 3023 praeficiebantur,
967 2963 1039 3010 sic
1081 2963 1279 3014 Galliae
1323 2962 1620 3030 Cisalpinae
1651 2979 1688 3013 s,
