1734 3320
295 249 779 302 GEORGICON
814 251 955 302 LIB.
991 249 1058 316 ΙΙ,
1096 256 1397 309 395-405

1505 264 1606 313 467

79 377 257 442 Atque
278 375 332 425 in
353 391 411 426 se
430 392 523 426 sua
544 393 646 443 per
668 377 885 442 vestigia
904 377 1138 429 volvitur
1155 396 1337 434 annus,

77 447 155 495 Ac
174 445 280 495 iam
307 444 463 508 olim,
499 463 641 496 seras
661 448 842 514 posuit
865 466 1036 516 quum
1054 450 1209 500 vinea
1230 449 1464 517 frondiS,

77 514 323 580 Frigidus
345 525 399 566 et
417 516 558 567 silvis
583 517 763 585 aquilo
789 517 1020 569 decussit
1040 518 1342 583 honorem3

77 583 191 635 la‘m
235 594 352 636 tum
397 603 522 638 acor
565 605 715 638 curas
757 589 1070 640 venientem
1123 591 1362 642 extendit
1407 592 1463 641 in
1512 609 1606 641 an-

867 676 1003 710 num
1502 666 1606 715 405

122 782 194 819 402
216 786 340 831 Atque
359 786 438 834 ipse
455 798 525 820 sua
541 787 648 821 Voss.
696 789 742 821 In
762 800 802 821 se
819 801 960 836 perque
985 802 1055 824 sua
1074 790 1232 836 vestigia
1251 789 1375 822 Franc-
1402 789 1534 831 anm's,
1568 789 1604 823 h.

75 843 143 877 per
162 843 272 865 annos
292 832 450 878 singulos
465 859 474 875 ,
498 834 680 877 volvitur,
705 847 752 868 sc.
770 835 893 878 labor,
926 837 1082 871 malebat
1098 836 1274 871 Reiskius.

122 880 129 885 ”
623 885 677 915 At
701 882 772 916 alii.
810 883 952 928 (Medic.
986 896 1053 929 pro
1087 885 1216 931 posuit
1254 881 1404 929 praebet
1440 885 1603 930 possint,

77 879 163 913 oltm
189 879 292 924 vulgo
323 887 406 914 ante
438 879 559 915 Heius.

75 937 182 971 supra
199 927 331 973 scripta
351 940 385 961 u.
420 928 516 962 Idem
527 926 701 975 frondes.
731 930 827 974 Wr.)

73 973 148 1015 XI,
184 974 248 1007 sed
268 974 374 1008 aliter
399 975 537 1010 Nonius
564 983 599 1010 et
624 975 835 1015 Priscianus.
884 990 905 1011 e
932 978 1039 1012 silvis
1068 977 1230 1012 Parrhas.

72 1019 203 1055 Medic.

73 1115 277 1167 nuendas;
297 1122 347 1157 ut
362 1122 475 1157 recte
494 1116 634 1156 docuit
645 1118 711 1157 vir
730 1119 807 1158 do-

74 1180 176 1214 ctus.
230 1174 329 1218 401.
365 1189 506 1214 nemus
550 1189 627 1228 pro
675 1177 807 1228 vinea,

72 1233 292 1272 levandum
299 1233 454 1286 fronde
466 1263 478 1283 ,
520 1234 635 1285 quasi
650 1235 808 1289 impor-

71 1297 175 1330 tuno
209 1304 350 1342 onere;
392 1292 646 1344 putandum3
684 1294 808 1333 etiam

72 1349 238 1388 arbores
280 1349 552 1402 amputandae
597 1358 694 1390 sunt
735 1366 809 1406 per

70 1407 245 1448 vineam.
284 1407 418 1459 labor,
467 1409 536 1460 qui
567 1417 682 1448 actus
708 1417 808 1461 erat,

70 1466 174 1505 redit
193 1468 236 1504 in
254 1466 400 1516 orbem,
425 1472 465 1505 et
483 1481 636 1517 annus,
669 1467 709 1507 h.
731 1483 807 1507 an-

70 1538 154 1563 nua
175 1537 298 1577 opera
313 1554 325 1575 ,
356 1538 515 1563 annuus
540 1524 675 1577 labor,
716 1528 808 1566 vol-

70 1585 179 1622 vitur
203 1584 248 1621 in
274 1597 339 1632 se,
372 1583 551 1622 revolvit
584 1597 646 1635 se,
686 1585 806 1636 redit,

70 1655 147 1679 saa
161 1655 242 1693 per
258 1643 450 1693 vestigia,
485 1641 637 1692 eadem,
669 1639 720 1681 ac'
734 1658 806 1683 su·-

69 1699 230 1752 periore
267 1713 395 1750 anno,
444 1701 625 1750 ratione,
665 1702 803 1752 modo,

69 1763 210 1796 tenore
235 1770 283 1798 ac
296 1770 524 1810 progressu.
584 1759 670 1797 Sua
698 1774 740 1798 se
761 1762 805 1798 in

68 1817 246 1868 vestigia
275 1815 432 1855 volvere
465 1816 515 1854 de
544 1817 699 1856 mundo
720 1818 803 1858 Va-

68 1875 175 1924 rius,
213 1880 308 1913 ante
344 1873 587 1926 Virgilium,
635 1882 677 1914 et
710 1882 805 1929 post

68 1931 182 1972 hunc
202 1932 268 1971 alii
279 1938 422 1985 poetae
442 1933 603 1984 dixere3
626 1947 803 1986 quorum

67 1990 157 2030 loca
173 1990 268 2030 vide
284 1991 395 2044 apud
414 1991 597 2031 Cerdam.

125 2048 210 2091 403
225 2072 273 2078 -
286 2049 384 2091 407.
406 2048 639 2089 Auctumno
657 2057 801 2090 exacto

67 2107 209 2145 statim
234 2107 278 2146 in
302 2114 534 2158 sequentem
564 2122 716 2148 annum
735 2110 802 2148 vi*-

68 2165 212 2203 nitoris
255 2178 354 2204 cura
400 2172 441 2204 et
479 2179 602 2219 opera
638 2167 800 2206 extendi

70 2222 203 2262 debet.
248 2237 358 2261 seras
394 2226 516 2275 ponit
553 2239 647 2262 cum
680 2228 802 2265 vinea

54 2280 243 2333 frondes,
272 2294 366 2319 cum
382 2282 484 2320 vites
502 2282 667 2321 frondes
685 2283 801 2322 amit-

67 2345 188 2389 tunt,
218 2352 320 2391 quae
355 2339 407 2378 ad
436 2340 626 2379 seriorem
653 2348 803 2381 auctu—

66 2410 209 2436 mnum
241 2397 502 2437 duraverant.
538 2400 667 2438 silvae
694 2401 803 2453 ipsae

66 2455 210 2495 vineae
237 2469 320 2494 esse
349 2456 564 2507 videntur5
603 2458 682 2496 nisi
704 2464 801 2497 sunt

67 2513 236 2553 arbusta
263 2514 400 2567 iugata
418 2514 583 2555 vitibus.
613 2516 802 2556 honorem

66 2571 119 2610 de
136 2572 350 2612 frondibus
367 2573 559 2612 arborum
571 2574 803 2627 frequenter

65 2636 218 2682 poetae.
288 2632 483 2670 Rusticus
518 2637 579 2671 est
626 2634 798 2685 vinitor,

66 2687 138 2726 sed
167 2687 281 2728 vides
312 2695 475 2742 poetam
501 2703 659 2744 semper
686 2706 802 2731 rece-

67 2745 163 2784 dere
181 2760 205 2784 a
222 2746 468 2799 vulgaribus.
498 2748 646 2788 Tibull.
665 2750 695 2801 1,
718 2754 755 2802 1,
773 2754 801 2794 7

66 2804 162 2854 Ipse
187 2818 320 2843 seram
353 2814 507 2845 teneras
523 2816 682 2846 maturo
698 2817 801 2847 tem—

62 2875 162 2912 pore
190 2864 291 2901 vites
320 2864 527 2902 Rusticus.
562 2880 674 2917 acer,
706 2867 800 2906 dili—

63 2931 179 2971 gens,
211 2919 342 2958 labori
366 2934 451 2959 non
481 2935 664 2974 parcens.
702 2926 801 2964 dens

66 2977 236 3015 Saturni
274 2983 336 3016 est
377 2979 463 3017 salx
508 2984 799 3034 amputatoria,

64 3040 209 3074 notum
240 3035 305 3074 dei
325 3035 489 3089 insigne.
549 3038 635 3077 Iam
653 3054 693 3079 v.
714 3039 800 3083 407

1369 835 1440 871 403
1464 839 1514 870 Et
1532 837 1604 870 iam

922 931 994 966 404
1020 940 1062 965 ut
1080 931 1186 976 silvis
1202 930 1322 964 Schol.
1342 930 1469 964 Horat.
1488 931 1603 975 Epod.

1333 975 1404 1012 405
1429 978 1602 1012 extendet

859 1122 1120 1172 putationem
1144 1120 1290 1159 vitium
1310 1119 1503 1172 exprimi,
1534 1134 1601 1159 sa-

866 1178 918 1216 tis
936 1185 1064 1231 patet.
1095 1179 1250 1217 Colum.
1270 1177 1338 1227 IV,
1354 1180 1457 1228 23‚1
1493 1180 1601 1217 Pla-

866 1245 926 1274 cet
944 1251 1039 1289 ergo
1052 1267 1063 1287 ,
1107 1239 1145 1275 si
1169 1239 1277 1275 mitis
1299 1249 1350 1273 ac
1376 1243 1599 1288 temperata

863 1297 1059 1346 permittit
1088 1297 1131 1332 in
1160 1309 1210 1333 ea
1241 1296 1428 1345 regione,
1473 1309 1600 1347 quam

866 1354 1058 1403 colimus,
1092 1354 1198 1391 caeli
1218 1353 1429 1391 clementia
1440 1381 1453 1402 ,
1470 1352 1600 1404 sacta

867 1411 1086 1460 vindemia,
1108 1411 1328 1449 seeundum
1349 1410 1450 1448 Idus
1473 1410 1598 1450 Octo-

866 1468 968 1519 bris,
1014 1471 1227 1519 auspican·
1269 1469 1523 1520 laniationem
1557 1476 1599 1509 et

863 1527 936 1565 rel.
972 1527 1054 1565 Iam
1075 1527 1205 1566 Cerda
1224 1532 1265 1565 et
1283 1525 1349 1564 alii
1371 1539 1454 1564 non
1475 1527 1598 1567 modo

862 1586 1139 1637 putationem,
1169 1584 1240 1623 sed
1255 1591 1297 1623 et
1319 1583 1598 1636 ablaqueatio-

862 1656 968 1693 nem,
1001 1656 1094 1682 cum
1114 1643 1279 1682 inutiles
1293 1642 1501 1681 radiculae
1512 1644 1598 1683 ser-

861 1715 909 1740 ro
928 1701 1241 1752 rescinduntur,
1271 1701 1598 1754 praecipiendam

860 1759 982 1798 fuisse
1002 1766 1171 1813 putant,
1212 1772 1380 1811 eamque
1398 1759 1443 1797 in
1460 1761 1597 1800 verbis

860 1819 984 1856 vitem
1016 1818 1239 1856 adtendens
1272 1824 1486 1870 quaerunt.
1546 1819 1597 1859 Et

860 1889 956 1914 sane
975 1876 1130 1915 Colum.
1152 1876 1218 1927 IV,
1237 1878 1278 1926 8,
1302 1879 1321 1917 1
1367 1877 1489 1915 Nam
1498 1886 1596 1930 post

860 1934 962 1973 Idus
992 1934 1196 1985 Octobris,
1233 1936 1351 1987 prius
1370 1936 1596 1988 quamsri-

855 2006 962 2044 gera
982 1993 1193 2044 invadant,
1223 1995 1318 2032 vitis·
1340 1992 1595 2046 ablaquean-

859 2050 916 2088 da
932 2059 989 2088 εει
998 2066 1014 2099 ,·
1046 2050 1119 2090 ubi
1137 2050 1181 2089 in
1202 2064 1309 2104 seqq.
1327 2050 1516 2091 disertius
1530 2066 1595 2092 res

859 2109 1092 2161 exponitur.
1151 2109 1232 2147 Sed
1263 2109 1365 2148 haec
1397 2115 1595 2162 optantur

857 2167 1016 2218 potius,
1056 2172 1104 2205 ut
1128 2167 1264 2206 verbis
1291 2167 1440 2218 insint,
1471 2182 1594 2219 quam

856 2225 987 2262 inesse
1016 2225 1245 2277 probantur
1255 2240 1267 2277 3
1308 2225 1364 2265 sic
1392 2231 1434 2264 et
1463 2227 1594 2279 pasti-

859 2283 971 2322 natio
998 2283 1261 2323 memoranda
1293 2284 1446 2323 fuisset.
1487 2286 1591 2325 cons.

860 2342 1040 2394 Geopon.
1062 2342 1128 2393 111,
1151 2345 1224 2393 133
1255 2348 1297 2381 et
1315 2342 1592 2394 ablaqueatio-

858 2413 953 2440 nem
998 2400 1073 2438 sub
1118 2401 1329 2453 putatione
1381 2402 1592 2454 complecti

858 2458 992 2511 ipsum
1009 2458 1271 2498 Columellam
1291 2459 1409 2499 video
1430 2460 1497 2510 IV,
1521 2459 1589 2511 24,

859 2517 886 2558 4
906 2529 990 2568 sqq.
1029 2516 1127 2559 404.
1156 2517 1352 2557 Varronis
1366 2516 1480 2557 hunc
1494 2525 1592 2558 ver-

859 2588 951 2613 sum
966 2587 1049 2613 esse
1075 2576 1240 2615 Servius
1257 2582 1446 2616 testatur.
1493 2576 1591 2616 Imi—

858 2633 1015 2672 tatione
1031 2634 1230 2687 expressit
1240 2664 1252 2684 ‚
1283 2634 1353 2673 sed
1366 2634 1589 2684 infeliciter,

859 2691 1102 2731 Marklando
1130 2692 1284 2743 iudice,
1315 2693 1468 2732 Statius
1485 2693 1585 2732 Silv.

857 2750 888 2801 I,
910 2753 950 2800 2,
975 2750 1059 2794 154
1087 2751 1323 2790 Excludunt
1350 2751 1486 2789 radios
1514 2751 1589 2788 sil-

857 2810 920 2847 vis
938 2808 1105 2848 decussa
1122 2811 1287 2849 vetustis
1302 2808 1488 2860 Frigora:
1519 2821 1589 2845 ar·-

857 2867 976 2906 bores
996 2868 1100 2906 altae
1115 2881 1161 2905 ac
1178 2867 1325 2905 densae
1345 2866 1588 2905 obumbrare

855 2920 992 2965 loem'n
1025 2926 1205 2964 declarat
1238 2938 1311 2977 per
1338 2925 1486 2974 frigus
1514 2923 1588 2960 de-

857 2998 1020 3022 cussum
1034 3014 1045 3032 ,
1078 2983 1264 3030 veniens,
1279 3034 1285 3037 .
1301 2982 1454 3019 sactum
1473 2994 1496 3018 a
1514 2979 1587 3018 sil-

856 3041 930 3082 vis,
1009 3040 1106 3084 406.
1145 3040 1328 3078 relictam
1353 3040 1475 3079 vitem
1492 3068 1503 3088 ,
1545 3044 1587 3076 et

1197 3108 1306 3154 3⁰*
