1768 3320
172 205 270 238 Lxx
567 188 674 237 EX
724 184 1319 238 PRAEFATIONE

174 315 457 384 superiore
492 331 635 364 anno
673 314 843 375 edita;
890 313 990 363 nisi
1021 311 1173 379 quod
1203 310 1339 360 mihi
1371 309 1548 393 multo
1579 327 1715 393 pau-

177 389 320 439 ciora
357 386 520 436 licere
558 386 752 452 putavi.
822 387 898 435 Ea
929 383 1115 449 igitur,
1155 398 1294 449 quae
1321 397 1437 432 non
1461 390 1536 463 lta
1559 381 1628 432 ad
1648 381 1715 439 11-

177 457 407 526 quidum
429 455 691 526 perducta
719 471 834 506 esse
857 453 1136 517 videbam,
1171 461 1233 502 ut
1266 452 1457 519 quovis
1483 468 1713 521 plgnore

178 526 513 578 contendere
543 543 790 593 possem,
835 526 905 575 ita
946 524 1204 590 scriptum
1249 521 1415 573 fuisse
1459 541 1487 574 a
1532 533 1713 591 poeta,

180 608 293 662 aut,
329 597 423 648 ubi
443 595 729 647 manifesta
750 595 974 663 quidem
998 601 1137 644 esset
1159 593 1482 661 corruptela,
1522 611 1714 646 emen-

182 668 347 719 dandi
370 677 551 718 tamen
571 668 706 717 ratio
731 666 878 717 haud
906 682 1039 728 una,
1077 664 1271 714 intacta
1290 664 1603 733 relinquere
1626 682 1716 716 ae-

179 741 335 808 quius
368 755 482 788 esse
520 738 714 789 censui.
786 736 970 788 Reieci
999 734 1136 784 haec
1175 735 1231 785 in
1261 735 1574 788 Variantem
1610 739 1715 788 Le-

181 810 441 872 ctionem,
490 809 573 858 cui
603 824 871 858 accessere
905 823 1030 855 cum
1062 804 1183 870 alia,
1243 806 1299 855 in
1341 805 1510 874 praef.
1539 807 1658 861 Vol.
1689 810 1716 859 I

182 887 634 943 commemorata,
681 887 798 928 tum
832 876 1134 927 editionum
1165 875 1489 928 Aldinarum
1512 887 1566 929 et
1583 881 1715 930 Iun-

178 951 322 1001 tinae
343 949 617 1000 utilissima
643 947 973 1015 comparatio
990 988 1002 1010 ,
1039 946 1201 997 lectio
1225 947 1343 1001 cod.
1376 947 1593 1015 Erfurt,
1631 950 1714 1000 in-

177 1021 475 1088 primisque
508 1019 749 1069 virorum
797 1018 1088 1068 doctorum
1133 1018 1629 1072 animadversiones
1661 1030 1715 1072 et

181 1090 620 1155 coniectationes,
658 1087 873 1156 publice
899 1088 1260 1157 privatimque
1291 1089 1361 1140 ad
1385 1108 1479 1142 me
1497 1092 1713 1144 missae:

182 1179 243 1212 ex
262 1161 368 1210 hoc
391 1177 591 1226 genere
613 1160 789 1227 primo
810 1159 932 1209 loco
952 1163 1023 1212 Ιο.
1039 1163 1315 1211 Schraderi
1337 1161 1570 1213 schedae
1589 1180 1712 1215 mss,

181 1230 691 1282 commemorandae
731 1229 864 1280 mihi
903 1239 1055 1295 sunt,
1108 1248 1248 1298 quae
1278 1249 1403 1283 cum
1431 1237 1492 1287 V.
1529 1236 1585 1287 C.
1618 1254 1714 1285 van

181 1306 363 1353 Samen
395 1299 635 1351 officiosa
683 1319 806 1350 cura
847 1300 914 1351 ad
943 1318 1036 1351 me
1084 1303 1481 1368 pervenissent,
1539 1305 1600 1355 iis
1643 1306 1714 1355 ita

179 1371 445 1422 utendum
469 1389 581 1422 esse
604 1371 854 1435 iudicavi,
890 1381 977 1434 ut,
1019 1389 1156 1439 quae
1185 1373 1370 1424 subtili
1392 1376 1490 1426 viri
1516 1375 1714 1426 doctis—

179 1443 296 1491 simi
330 1443 573 1492 acumine
605 1442 751 1492 haud
783 1441 1000 1508 indigna
1043 1452 1249 1509 essent,
1298 1462 1325 1494 a
1355 1463 1448 1496 me
1469 1463 1715 1514 appone-

178 1521 378 1564 rentur.
452 1514 882 1564 Communicavit
907 1513 1002 1563 alia
1034 1531 1254 1565 mecum
1273 1518 1488 1568 Iacobus
1503 1521 1713 1584 Bryant,

177 1584 459 1632 Britannus
497 1583 895 1636 eruditissimus,
967 1584 1115 1636 Nihil
1143 1585 1369 1652 horum,
1418 1588 1571 1656 quod
1593 1590 1714 1658 qui—

182 1653 309 1703 dem
339 1654 622 1704 utilitatem
653 1654 885 1722 aliquam
925 1655 993 1705 ad
1034 1666 1257 1723 poetam
1292 1657 1497 1710 habere
1537 1661 1713 1711 visum

182 1732 316 1787 erat,
353 1724 708 1775 interversum
728 1743 755 1775 a
775 1742 866 1775 me
890 1735 979 1776 aut
1001 1726 1394 1780 dissimulatum
1421 1739 1512 1783 est.
1572 1733 1713 1783 Cum

181 1803 361 1844 autem
386 1795 561 1844 omnis
580 1795 714 1846 haec
738 1813 903 1863 opera
927 1798 983 1847 in
1008 1809 1202 1849 eoru'm
1222 1801 1446 1865 gratiam
1468 1811 1715 1870 suscepta

182 1873 346 1928 esset,
387 1866 477 1932 qui
511 1866 818 1933 exemplum
849 1868 1081 1936 aliquod
1102 1886 1200 1920 seu
1240 1872 1452 1923 criticae
1490 1874 1714 1924 rationis

182 1952 278 1984 seu
321 1930 772 2002 interpretationis
805 1937 1108 2004 diligentius
1145 1939 1319 1993 sactae
1360 1953 1484 1995 ante
1526 1944 1715 1996 oculos

181 2005 418 2071 positum
448 2006 652 2057 habere
688 2009 932 2076 cupiunt,
978 2012 1279 2079 interposui
1308 2031 1455 2065 nunc
1486 2016 1714 2083 saepiUS,

183 2092 346 2142 quam
374 2085 525 2126 antea
560 2076 762 2128 factum
797 2089 931 2143 erat,
970 2081 1229 2134 iudicium
1255 2102 1476 2151 meum,
1522 2086 1713 2138 saltem

183 2145 363 2197 verbo,
434 2147 647 2198 Eodem
671 2151 892 2201 consilio
914 2152 1213 2205 innumeris
1236 2155 1366 2206 locis
1387 2173 1502 2208 non
1523 2174 1714 2208 emen-

184 2215 302 2265 davi
336 2216 533 2282 mod0,
580 2236 771 2270 verum
806 2223 921 2271 auxi
951 2241 1174 2293 quoque
1209 2235 1262 2276 et
1287 2226 1610 2295 locupletavi
1631 2229 1714 2279 in-

183 2288 626 2352 terpretationem
646 2291 965 2358 subiectam,
1002 2311 1117 2345 non
1142 2296 1315 2348 modo
1338 2307 1400 2348 ut
1419 2297 1554 2349 nihil
1575 2309 1716 2350 esset

185 2356 336 2423 quod
365 2357 654 2410 obscurum
693 2378 751 2411 ac
791 2362 1012 2415 difficile
1047 2366 1219 2418 videri
1248 2378 1434 2436 posset
1471 2370 1564 2436 iis,
1621 2371 1714 2439 qui

183 2426 382 2491 vulgari
427 2445 581 2480 more
625 2432 788 2482 verba
825 2444 1021 2500 poetae
1067 2437 1122 2487 in
1162 2448 1470 2491 transcursu
1510 2440 1714 2507 legunt,

183 2513 374 2546 verum
413 2499 585 2549 multo
623 2504 790 2568 magis
818 2514 880 2554 ut
921 2506 1187 2572 erigerem
1225 2519 1279 2560 et
1320 2509 1714 2563 assuefacerem

185 2567 392 2616 animos
438 2571 734 2622 acutiorum
780 2573 845 2624 ad
887 2577 1365 2631 animadvertenda
1410 2582 1713 2648 innumera,

185 2654 323 2704 quae
348 2638 518 2688 modo
543 2641 597 2690 in
621 2642 854 2695 dictione
875 2647 1044 2698 modo
1071 2650 1126 2699 iu
1154 2653 1432 2703 sententiis
1454 2662 1507 2704 et
1525 2670 1712 2704 rerum

186 2708 514 2774 expositione
536 2720 624 2760 aut
642 2715 908 2779 praeclara
928 2729 1075 2784 sunt,
1114 2731 1203 2771 aut
1222 2723 1713 2791 reprehensionem

185 2777 484 2848 admittunt.
557 2782 821 2834 Volebam
845 2787 1064 2838 enimin
1085 2790 1182 2841 hac
1205 2795 1383 2844 omnis
1405 2795 1713 2847 animorum

183 2848 494 2898 intentionis
525 2853 840 2905 remissione
874 2865 927 2906 et
965 2858 1070 2910 hoc
1103 2865 1387 2914 severioris
1418 2865 1578 2916 studii
1610 2866 1713 2916 bo-

181 2934 373 2969 narum
409 2919 705 2973 litterarum
739 2926 1012 2994 neglectu,
1065 2949 1174 2999 quo
1206 2936 1510 2988 verendum
1542 2946 1622 2989 est
1641 2954 1711 2988 ne
