1768 3320
11 3008 14 3011 ’
83 2994 271 3034 nemuS.“
301 2993 408 3043 Vm,
439 2996 554 3037 608.:

377 207 797 297 ancones
820 229 983 283 ECL.
1020 234 1060 296 1,
1097 236 1319 287 51—54

1545 247 1611 293 69

84 355 153 411 Et
169 357 333 409 fontis
350 374 526 408 sacros
541 356 708 423 frigus
726 357 958 425 captabis
986 375 1232 425 opacum.

85 429 222 479 Hinc
236 427 356 492 tibi,
394 444 530 495 quae
549 444 788 494 semper,
826 428 1001 478 vicino
1022 428 1086 478 ab
1104 428 1298 492 limite,
1338 445 1522 495 saepes

117 543 119 545 ·
142 524 237 575 54,
274 524 435 583 HmC,
473 536 651 591 Tmlg.
672 535 876 570 SEMPER
904 537 1007 574 vm.
1029 536 1097 571 AB
1123 538 1310 574 minu:
1334 537 1525 571 supi-:s

129 639 178 676 53
190 637 324 687 frigus·
337 637 514 686 captabis.
547 618 708 672 teniabis
730 649 818 671 unus
845 639 1015 673 Rottend.

83 735 249 775 fontes?
264 736 289 757 “
346 733 535 774 vossium
568 733 601 773 si
625 734 816 785 sequaris,

82 793 253 833 flumina
268 805 342 846 per
361 792 473 831 rivos
482 798 727 844 campestres
741 805 816 830 ex-

81 850 322 905 plicantem,
361 850 450 889 coll.
469 850 551 888 Ecl.
569 850 627 899 V,
657 849 726 892 84.
744 851 815 890 Ge.

82 909 156 960 IV,
187 907 276 959 54„
312 908 437 947 facilis
463 908 542 946 erit
566 907 813 947 emendatio:

82 966 185 1019 „hic
198 967 307 1007 inter
322 966 492 1005 flumina
507 972 607 1004 nota
629 965 700 1004 Ad
718 967 813 1005 fon-

81 1025 135 1065 tis
151 1026 334 1064 sacros.“
393 1024 532 1073 Quum
559 1030 695 1063 autem
712 1038 814 1063 con-

82 1089 175 1150 stet,
202 1083 247 1122 in
263 1082 378 1122 libris
394 1096 488 1121 mss.
505 1082 730 1134 saepissime
745 1083 813 1121 in-

81 1140 214 1181 veniri
239 1148 284 1180 at
308 1152 385 1194 pro
419 1139 496 1190 ad,
526 1140 605 1179 erit
629 1141 812 1190 fortasse,

82 1198 153 1251 qui
165 1199 227 1239 ita
240 1197 499 1238 scribendum
516 1205 688 1237 censeat
719 1197 812 1246 Sed,

80 1258 158 1298 nisi
183 1256 333 1310 egregie
365 1257 506 1306 fallor,
554 1256 689 1294 omnia
715 1270 812 1295 sana

80 1321 189 1355 sunt.
246 1316 359 1354 Inter
373 1314 584 1366 aliquoties
606 1328 698 1352 cum
715 1328 813 1353 ver-

79 1373 140 1413 bis
159 1379 317 1412 motum
325 1372 601 1411 indicantibus
618 1372 811 1424 iungitur,

79 1432 138 1471 ita
156 1437 312 1481 tamen,
351 1437 401 1470 ut
425 1430 725 1469 substantivum
754 1430 813 1468 illi

79 1489 368 1543 praepositioni
414 1489 640 1527 subiectum
673 1489 812 1540 plures

79 1548 147 1587 vel
161 1561 366 1601 personaS,
394 1546 462 1585 vel
478 1560 543 1585 res
564 1546 810 1598 complecta-

80 1613 171 1656 tur,
226 1618 326 1657 quas
349 1604 458 1643 inter
495 1604 647 1642 medias
670 1604 810 1642 venire

80 1663 233 1716 aliquid
265 1662 438 1702 dicatur.
514 1662 597 1701 Ecl.
631 1661 666 1700 11
683 1691 694 1711 ,
745 1665 803 1704 3.:

79 1722 257 1773 „inter
287 1720 451 1770 densas,
479 1720 670 1758 umbrosa
686 1734 808 1758 cacu—

78 1780 206 1829 mina,
239 1779 350 1832 sag‘os
370 1778 539 1818 Assidue
566 1777 766 1817 veniebat.
784 1780 808 1800 “

79 1838 178 1878 Aen.
206 1836 262 1887 V,
304 1839 419 1879 618.:
460 1836 632 1886 „inter
656 1836 809 1874 medias

79 1909 162 1935 sese
188 1894 362 1934 coniicit.
378 1897 404 1918 “
462 1894 680 1933 Commode
709 1896 806 1933 Ser-

78 1955 169 1994 vius
197 1953 253 1992 ad
276 1952 376 1992 Aen.
399 1952 495 2003 XII,
543 1945 663 1995 4371:
720 1959 805 2003 „te

81 2010 350 2067 (Ascanium)
386 2024 596 2063 magna
632 2009 807 2049 inter

78 2069 309 2124 praemia
346 2069 519 2108 ducet:
580 2066 778 2122 (Aeneasz
789 2067 804 2122 )

80 2129 132 2167 ad
150 2141 340 2182 praemla.
350 2129 375 2149 “
433 2126 513 2165 Cic.
537 2125 652 2164 Catil.
678 2126 715 2175 Ι,
746 2125 806 2167 4.:

79 2186 227 2237 „Dico
255 2192 304 2224 te
333 2184 509 2238 priore
538 2198 599 2223 no
612 2189 695 2222 cte
723 2197 807 2223 ve-

79 2244 218 2298 nisse
244 2244 384 2283 inter
414 2242 720 2291 falcarios;“
763 2240 808 2280 id

78 2308 159 2352 est,
190 2301 244 2340 ad
266 2301 461 2340 falcarios.
518 2299 602 2340 vid.
628 2299 808 2339 Moebius

79 2361 133 2399 ad
146 2359 189 2398 h.
205 2359 233 2398 l.
280 2358 346 2398 Ad
362 2358 474 2411 quod
489 2358 673 2411 proxime
692 2370 807 2395 acce-

80 2418 142 2457 dit
154 2416 279 2468 illud,
312 2431 438 2469 quum
464 2416 553 2467 quis
574 2416 716 2454 inter
742 2421 808 2453 te-

79 2482 146 2515 cta
170 2476 327 2527 fugere,
366 2488 407 2513 se
426 2475 604 2526 recipere
643 2473 807 2523 dicitur,

79 2540 121 2573 et
131 2533 286 2577 similia.
316 2533 422 2572 Tum
447 2532 589 2572 inter
614 2531 806 2583 designat,

79 2591 199 2631 etiam
217 2591 375 2640 locum,
410 2591 455 2629 in
482 2603 563 2642 quo
591 2589 691 2641 quid
720 2602 808 2626 me-

80 2649 193 2688 dium
213 2655 423 2688 versatur:
461 2647 561 2687 Aen.
598 2648 653 2696 11,
692 2648 808 2688 681.:

81 2707 285 2761 „Qamque
303 2720 446 2745 manus
470 2706 580 2744 inte
591 2720 613 2744 r
630 2710 809 2742 maesto-

79 2777 251 2819 rumque
267 2778 339 2803 ora
358 2771 575 2816 parentum
592 2763 693 2801 Ecce
710 2761 810 2800 levis

80 2835 236 2860 summo
255 2821 305 2859 de
321 2822 473 2863 vertice
493 2822 604 2860 visus
613 2820 812 2859 IuliFun-

81 2879 178 2918 dere
214 2879 353 2917 lumen
380 2893 495 2932 apex.
505 2881 530 2901 “
579 2878 655 2927 VI,
695 2877 792 2920 658.
805 2893 814 2914 ε

82 2942 297 2987 „canentes
315 2937 372 2975 In
383 2943 463 2975 ter
482 2936 699 2975 odoratum
708 2934 812 2973 lauri

584 2992 666 3043 „At
676 2992 812 3032 Venus

1109 637 1157 676 54
1180 652 1204 674 a
1230 639 1345 673 limite
1372 641 1461 672 Ven.
1483 652 1611 685 saepes

875 734 1076 774 aetherios
1117 736 1263 774 inter
1312 735 1388 773 dea
1436 735 1607 773 candida

873 794 1032 832 nimbos
1042 795 1156 833 Dona
1174 794 1307 832 serens
1324 793 1507 831 aderaw‘
1538 793 1608 843 IX,

872 852 968 894 502.
986 868 995 891 :
1053 882 1078 902 ‚‚
1097 852 1211 891 Illam
1252 851 1488 903 Corripiunt
1523 851 1573 889 in
1585 874 1609 880 -

870 915 1031 961 terque
1064 924 1208 949 manus
1243 909 1319 948 sub
1346 914 1454 948 tecta
1484 922 1607 961 repo-

869 974 988 1006 nunt.
991 969 1017 990 “
1033 969 1086 1018 X,
1104 970 1222 1010 890.
1251 967 1357 1016 „int
1368 980 1418 1005 er
1429 967 1607 1005 Bellato-

868 1025 925 1063 ris
955 1026 1048 1077 equi
1075 1039 1199 1064 cava
1226 1020 1411 1077 tempora
1443 1024 1607 1063 coniicit

869 1082 1051 1134 hastam3
1041 1086 1086 1106 “
1128 1083 1239 1135 quod
1259 1097 1356 1122 cave
1372 1084 1432 1122 ita
1450 1083 1605 1121 dictum

870 1141 1092 1191 existimes,
1139 1147 1189 1180 ut
1220 1141 1300 1190 IX,
1339 1142 1459 1184 750.:
1516 1170 1541 1190 ‚‚
1554 1141 1604 1179 Et

869 1199 1044 1238 mediam
1081 1201 1189 1238 ferro
1225 1199 1421 1251 gemina
1462 1198 1604 1237 inter

871 1264 1056 1310 tempora
1074 1259 1249 1296 frontem
1269 1256 1436 1295 Dividit.
1446 1258 1471 1278 “
1518 1256 1602 1294 Iam

868 1328 967 1354 vero
1008 1316 1252 1354 vocabulum
1288 1316 1451 1366 flumen
1485 1314 1602 1352 simili

867 1374 1027 1412 rafione
1056 1372 1096 1412 h.
1115 1373 1141 1411 l.
1157 1373 1356 1426 positum,
1393 1386 1473 1423 qua
1498 1371 1597 1410 Aen.

868 1431 960 1480 VII,
992 1430 1110 1473 714.:
1155 1430 1272 1480 „Qui
1295 1430 1479 1468 Tetricae
1499 1429 1600 1468 hor-

868 1489 994 1528 lentis
1021 1502 1155 1541 rupes,
1185 1494 1444 1538 montemque
1472 1489 1599 1526 Seve-

867 1561 973 1596 rum,
1005 1547 1310 1599 Casperiamque
1331 1546 1484 1594 colunt,
1514 1545 1598 1583 Fo-

866 1605 1057 1655 rulosque
1074 1611 1116 1643 et
1131 1605 1152 1643 f
1154 1605 1255 1643 lum
1267 1617 1326 1642 en
1354 1603 1549 1642 Himellae
1560 1605 1597 1652 ;“

864 1662 890 1701 i.
911 1676 945 1702 e.
962 1663 1164 1714 regionem
1193 1662 1443 1700 adiacentem
1460 1661 1597 1699 ssumi-

866 1721 920 1760 ni.
988 1720 1178 1770 Quocum
1228 1720 1411 1758 conferas
1456 1718 1595 1788 Eurip.

865 1779 1187 1820 Electr.vs.1.:
1229 1772 1283 1818 Ὦ
1313 1779 1389 1833 γῆς
1418 1774 1595 1817 παλαιόν

854 1834 1065 1891 Ἄργος,
1111 1831 1305 1888 Ἰνάχου
1336 1835 1465 1886 ροαί.
1525 1834 1595 1872 Ge.

862 1894 1065 1944 1[‚110.:
1105 1892 1471 1944 „Fluminibus
1500 1891 1595 1929 sali-

864 1966 941 2002 ces,
972 1952 1192 2003 crassisque
1209 1950 1494 2004 paludibus
1513 1949 1594 1987 alui

862 2010 1107 2060 Nascuntur,
1126 2010 1278 2048 steriles
1302 2008 1453 2047 saxosis
1474 2021 1594 2045 mon-

862 2068 974 2107 tibus
999 2068 1100 2107 orni.
1112 2069 1137 2090 “
1184 2068 1325 2118 Itaque
1358 2065 1488 2104 nostri
1516 2064 1594 2104 loci

862 2126 970 2165 hanc
989 2132 1092 2178 puto
1117 2138 1200 2163 esse
1220 2124 1481 2175 sententiam:
1527 2121 1594 2160 hic

863 2184 930 2223 vel
946 2184 1000 2222 ad
1016 2183 1168 2222 flumen
1194 2183 1262 2223 vel
1280 2182 1334 2221 ad
1353 2183 1507 2221 sontem
1524 2194 1593 2219 ca-

863 2242 997 2294 ptabis
1011 2241 1147 2293 frigus,
1177 2241 1251 2280 sub
1271 2240 1483 2279 arboribus
1498 2252 1592 2277 um·-

864 2300 980 2338 bram
999 2299 1237 2338 facientibus
1255 2298 1471 2351 proiectus.
1512 2295 1592 2334 At-

864 2371 943 2409 que
966 2358 1257 2408 inlerflumina
1275 2356 1458 2408 etfontes
1472 2361 1593 2407 poeta

866 2415 973 2454 dixit
990 2416 1166 2454 reserens
1182 2414 1262 2453 hoc
1276 2414 1408 2467 ipsum
1424 2415 1526 2450 inter
1541 2411 1592 2449 ad

865 2474 1028 2513 arbores
1044 2473 1100 2511 ibi
1114 2472 1264 2525 positas
1276 2502 1287 2521 ‚
1323 2478 1373 2510 ut
1401 2470 1519 2523 plena
1542 2472 1594 2507 sit

864 2530 1082 2570 sententia:
1117 2531 1225 2569 inter
1252 2529 1416 2568 arbores
1442 2528 1493 2566 ad
1511 2527 1592 2566 flu-

865 2602 970 2628 men.
1001 2589 1080 2627 Csr.
1099 2588 1253 2637 Ecl.11,
1280 2590 1319 2629 3.
1348 2600 1471 2638 supra
1484 2584 1592 2624 laud.

864 2646 957 2686 Non
975 2646 1098 2684 sensit
1113 2645 1263 2684 horum
1278 2645 1498 2684 verborum
1515 2642 1594 2679 dis-

866 2704 1090 2743 ficultatcm
1106 2703 1318 2743 Wunde1l.
1338 2703 1433 2741 Obs.
1451 2700 1504 2738 ad
1524 2699 1593 2737 Ti-

868 2762 967 2801 bull.
992 2776 1079 2815 pag.
1109 2764 1174 2802 16.
1210 2758 1322 2814 lsVr.)
1382 2760 1451 2802 53.
1497 2758 1592 2795 Fn-

867 2834 948 2872 gua
968 2834 1142 2871 opacum
1160 2825 1220 2856 est
1236 2818 1359 2868 frigus
1376 2816 1454 2855 loci
1469 2812 1593 2866 opaci,

869 2878 1043 2916 nemoris
1061 2876 1181 2915 umbl
1183 2889 1241 2914 ae.
1270 2875 1353 2914 Ecl.
1369 2874 1495 2923 11,8

927 2934 995 2977 54.
1032 2935 1154 2973 Hunc
1166 2933 1322 2981 locum,
1350 2931 1413 2970 uti
1427 2940 1536 2967 nunc
1555 2938 1595 2962 se

870 2991 1013 3041 habet,
1061 2991 1118 3030 ita
1156 2989 1364 3042 expedire,
1420 2991 1469 3025 ut
1496 2982 1597 3022 nihil
