1734 3320
258 181 753 273 GEonolcoN
788 215 930 267 LIB.
958 217 1049 281 m,
1087 222 1385 275 255—267
1487 228 1588 279 547

0 331 20 391 ἴ.
56 343 219 392 Porta
239 349 393 392 tonat
413 340 572 406 coeli,
612 350 667 391 et
684 342 920 409 scopulis
936 342 1087 394 inlisa
1103 345 1397 400 reclamant

11 446 21 455 -
54 414 337 480 Aequor-113
376 428 478 462 nec
494 412 677 462 miseri
695 423 923 479 possunt
943 431 1198 466 revocare
1216 429 1481 485 parenteS‚

54 484 168 533 Nec
186 482 449 532 moritura
468 499 634 550 super
658 482 864 534 crudeli
886 482 1079 535 funere
1099 487 1266 552 virgo.

17 553 24 559 ’
57 551 203 616 Quid
242 551 425 618 lynces
455 552 651 603 Bacchi
679 554 879 618 variae,
928 563 982 605 et
1000 571 1172 620 genus
1188 574 1309 608 acre
1328 557 1588 626 luporum

3 697 6 700 ‚
53 626 233 690 Atque
272 629 502 675 canum?
559 623 716 691 quid,
770 641 908 691 quae
947 626 1176 678 inbelles
1217 627 1347 680 dant
1382 631 1589 696 proelia

851 697 993 746 cervi
1003 702 1028 747 ?
1484 705 1589 755 265

54 761 269 813 Scilicet
291 771 415 814 ante
444 765 622 815 omnis
644 762 802 815 furor
820 775 900 815 est
922 767 1140 832 insignis
1164 783 1454 835 equarum3

0 861 4 892 ;
51 834 121 884 Et
136 842 385 884 mentem
403 837 589 887 Venus
616 836 727 902 ipsa
766 836 941 901 dedit,
990 853 1101 904 quo
1124 845 1376 905 tempore
1398 840 1585 892 Glauci

123 929 242 980 265.
278 930 469 987 ATQUE
507 944 552 981 c,

121 1003 240 1051 266.
353 999 601 1048 Scamm-

122 1073 240 1121 267.
275 1069 355 1126 ΕΤ
391 1084 552 1121 ΜῈΝΤ.

95 1198 166 1235 261
192 1205 231 1231 et
253 1197 357 1232 abest
376 1204 460 1232 tert.
482 1199 653 1232 Rottend.

50 1244 123 1279 Sed
144 1244 216 1278 vid.
242 1247 330 1280 Aen.
359 1246 421 1287 IV,
453 1245 535 1281 308.

50 1339 133 1375 860.
167 1339 324 1385 lynches
343 1339 472 1374 Medic.
505 1340 601 1384 Wr.)

747 1199 820 1235 263
842 1199 988 1247 funera
1009 1201 1177 1235 Rottend.
1205 1201 1266 1235 alt.
1315 1202 1473 1236 vulnere
1492 1204 1583 1238 Ven.

629 1246 702 1281 264
722 1259 839 1293 pecus
873 1260 959 1281 acre
990 1247 1084 1281 Gud.
1106 1259 1173 1293 pro
1203 1248 1272 1281 div.
1295 1248 1376 1283 lect.
1426 1251 1585 1286 Eandem

50 1290 295 1326 diversitatem
312 1299 415 1326 notat
437 1294 552 1326 Bnrm.
574 1304 617 1326 ex
633 1296 721 1328 Aen.
742 1295 802 1337 111,
825 1295 908 1330 221.

697 1342 768 1377 265
793 1354 906 1375 canes
923 1342 996 1375 Erf.
1046 1343 1220 1388 quisque,
1253 1344 1433 1390 quidque,
1465 1358 1584 1391 quae·-

935 1295 1066 1341 (genus
1097 1308 1184 1329 acre
1209 1295 1357 1329 leonum
1375 1297 1518 1332 Lucret.
1536 1300 1584 1342 V,

50 1399 140 1433 que,
173 1388 325 1434 quique,
361 1387 606 1421 aberrationes
634 1388 731 1433 apud
757 1390 873 1422 Burm.
922 1388 1184 1422 assentiendum
1204 1396 1323 1423 tamen
1345 1391 1498 1433 vossio,
1524 1393 1584 1438 qni

49 1435 187 1488 quique
206 1439 385 1480 tamquam
402 1434 544 1468 mollius
568 1434 680 1480 eligit.
724 1437 776 1481 (In
798 1436 969 1469 eiusmodi
996 1447 1036 1469 re
1049 1447 1121 1469 non
1140 1437 1377 1470 recedendum
1398 1451 1418 1472 a
1438 1447 1584 1484 specta-

49 1480 265 1515 tissunorum
293 1482 398 1516 codd.
425 1481 656 1523 auctoritate3
683 1488 721 1516 at
751 1485 886 1529 quique
910 1495 954 1516 ex
974 1494 1043 1516 uno
1070 1483 1236 1517 Parrhas.
1262 1491 1443 1519 enotatum
1463 1486 1583 1521 video.

56 1528 153 1572 Wr.)
199 1529 240 1562 in
257 1527 365 1563 bellis
384 1530 486 1563 Rom.
523 1530 582 1575 (-
593 1531 677 1566 266.
702 1530 804 1564 Hunc
822 1542 960 1564 versum
980 1529 1017 1563 in
1036 1530 1253 1564 editionibus
1272 1544 1293 1565 a
1312 1532 1470 1577 margine
1489 1546 1583 1580 pau-

49 1575 159 1610 lulum
184 1575 370 1610 reductum
399 1583 498 1611 recte
518 1576 660 1611 Iahnius
689 1577 836 1621 eodem,
861 1589 931 1624 quo
952 1584 1112 1620 ceteros,
1147 1578 1273 1612 ordine
1295 1578 1483 1614 decurrere
1505 1581 1582 1615 ius-

51 1622 111 1661 sit.
139 1625 198 1659 W
191 1622 238 1667 r.)

51 1723 191 1764 Ovidii
221 1724 444 1778 Epistulam
467 1724 551 1765 vid.
579 1725 700 1765 Statii
733 1726 787 1766 VI

49 1781 178 1822 Theb.
195 1783 281 1826 542
300 1797 387 1835 sqq.
416 1798 539 1833 senas,
566 1797 657 1823 sero
678 1790 787 1823 tem-

47 1854 161 1895 pore.
189 1849 304 1880 nocte
320 1855 469 1892 caeca,
503 1855 585 1894 qua
607 1843 787 1881 caecuti-

48 1913 160 1951 mus,
198 1898 303 1939 nihil
328 1899 553 1950 cernimus,
604 1901 788 1940 tenebri-

49 1972 155 1997 cosa.
182 1953 331 2011 νύχιον
349 1961 543 2011 πλωτῆρα
568 1959 674 1998 dixit
691 1959 787 1998 Mu-

48 2029 177 2055 saeus.
191 2017 401 2068 procellae
419 2016 630 2068 abruptae,
649 2017 691 2056 h.
710 2018 785 2056 ab-

47 2080 285 2127 rumpentes
322 2087 364 2112 se
387 2104 398 2123 ‚
447 2079 495 2112 ut
533 2084 781 2127 promptu-s,

43 2140 303 2185 praeruptus,
334 2132 516 2183 adeoque
531 2133 784 2186 praecipites,

49 2205 144 2230 cum
165 2191 323 2243 impetu
342 2195 517 2229 mentes.
538 2191 589 2230 cf.
613 2191 666 2230 ad
684 2190 783 2230 Aen.

48 2249 117 2299 ΙΠ,
139 2251 233 2291 199.
292 2251 392 2291 261.
419 2248 526 2287 Dum
552 2263 674 2302 super
692 2263 785 2288 eum

48 2313 178 2346 tonat.
236 2308 364 2345 Porta
394 2307 498 2344 coeli
509 2337 520 2355 ‚
559 2321 636 2360 pro
661 2308 784 2357 caelo,

49 2365 100 2404 ab
144 2364 276 2404 Ennio
325 2370 365 2403 et
404 2364 583 2404 Homero
612 2367 786 2418 petitum

48 2436 154 2474 esse,
191 2423 273 2462 iam
296 2422 339 2461 in
367 2424 518 2462 Seneca
549 2424 674 2476 Epist.
701 2426 785 2467 108

49 2488 156 2522 extr.
180 2481 342 2534 legitur.
408 2481 531 2520 Ratio
559 2482 665 2521 inter
689 2483 786 2535 plu-

48 2553 114 2580 res
131 2540 293 2589 inanes,
325 2553 424 2592 quas
443 2540 618 2579 afferunt
634 2541 782 2593 Intpp.,

50 2611 152 2638 vera
169 2604 231 2638 est
247 2598 330 2648 illa,
361 2597 473 2650 quod
493 2599 616 2650 caelo,
636 2599 783 2652 Olym-

0 2706 3 2708 ·
47 2671 102 2710 po
125 2686 137 2706 ,
183 2662 328 2709 poetae
373 2657 566 2696 tribuunt
611 2658 781 2710 reg-iam,

50 2714 231 2766 adeoque
267 2715 387 2753 etiam
431 2716 538 2754 fores
556 2746 567 2766 ,
621 2716 783 2766 limina,

42 2780 202 2824 portas.
247 2773 352 2811 conf.
395 2773 561 2813 Homer.
595 2774 711 2813 Iliad.
742 2789 783 2824 ε,

48 2829 147 2872 749.
166 2834 212 2880 θ,
230 2832 313 2871 393
324 2844 381 2882 sq.
411 2831 666 2884 Argutantur
679 2846 785 2884 quo-

49 2901 129 2940 que
170 2888 214 2926 in
248 2886 327 2925 hac
359 2896 479 2940 porta
512 2904 559 2928 ac
591 2890 786 2929 descensu

49 2946 138 2995 alii,
179 2951 229 2984 ut
253 2944 442 2998 Apollon.
474 2947 551 2997 ΙΠ,
587 2948 670 2990 159
699 2962 784 3000 sqq.

49 3003 144 3043 add.
185 3002 363 3043 Macrob.
403 3005 450 3054 If
475 3007 542 3047 17.
568 3019 656 3057 pag.
685 3008 784 3049 306.

844 1726 979 1765 Nolim
1010 1732 1147 1765 autem
1185 1726 1236 1765 de
1266 1726 1363 1767 Iove
1402 1728 1581 1780 cogitari,

845 1785 917 1837 qui
952 1784 1063 1823 intra
1095 1790 1261 1837 portam
1292 1785 1391 1823 caeli
1410 1792 1511 1836 stet,
1542 1793 1583 1825 et

843 1856 918 1896 per
966 1842 1117 1882 ostium
1163 1843 1333 1882 fulmina
1373 1843 1505 1884 iaciat.
1525 1866 1583 1876 -

843 1903 943 1943 262.
962 1903 1060 1943 263.
1091 1901 1127 1939 N
1129 1913 1174 1939 ec
1188 1900 1379 1954 cogitatio
1399 1901 1449 1941 de
1466 1902 1582 1942 luctu

843 1965 1075 2012 parentum,
1106 1965 1147 2010 et
1164 1959 1276 2011 quod
1294 1966 1428 1998 amata
1445 1961 1581 2013 puella

841 2018 926 2056 eius
952 2017 1078 2056 morti
1105 2024 1306 2070 superstes
1343 2031 1426 2056 esse
1454 2019 1579 2068 nolet,

842 2089 936 2114 eum
948 2074 1111 2114 retinet.
1131 2075 1452 2126 emdelisunere‚
1464 2089 1580 2115 acer-

841 2133 894 2172 ba
910 2138 1055 2171 morte.
1114 2132 1400 2185 Quodcunque
1428 2133 1478 2172 ab
1498 2134 1581 2173 im-

840 2191 932 2231 miti
953 2190 1107 2241 animo,
1137 2191 1235 2240 fato,
1266 2191 1450 2242 decreto,
1478 2206 1580 2244 pro-

842 2249 1058 2299 ficiscitur,
1102 2255 1144 2287 et
1166 2249 1300 2302 ipsum
1331 2256 1391 2288 est
1411 2250 1577 2299 immite,

845 2307 1022 2347 crudele.
1074 2305 1214 2361 (Iunge
1231 2309 1425 2346 moritura
1446 2322 1577 2359 super,

843 2380 928 2405 non
952 2380 1074 2417 super
1098 2365 1254 2404 crudeli
1268 2365 1433 2417 sunere.
1477 2366 1577 2405 Aen.

842 2425 912 2475 IV,
934 2426 1052 2466 308.:
1081 2423 1191 2473 „Nec
1218 2423 1486 2462 moritura
1512 2430 1578 2462 te-

843 2489 914 2522 net
945 2480 1151 2521 crudeli
1180 2482 1371 2521 funere
1399 2481 1578 2521 Dido‘?“

848 2543 921 2582 W
913 2539 969 2595 r.)
1018 2539 1117 2583 264.
1133 2540 1344 2579 maculosa
1363 2539 1461 2592 h‘nx
1478 2542 1576 2579 Aen.

839 2600 871 2650 Ι,
892 2602 990 2642 323.
1568 2646 1573 2655 Ι

898 2660 997 2700 266.
1028 2654 1142 2706 Quid
1161 2655 1263 2695 haec
1288 2656 1442 2709 singula
1464 2670 1576 2696 com-

841 2727 1083 2764 memorem,
1121 2728 1213 2753 eum
1251 2715 1432 2754 omnium
1455 2727 1577 2766 prae-

843 2773 1114 2813 sentissimum
1139 2773 1369 2825 exemplum
1396 2773 1439 2810 in
1463 2773 1575 2823 equis

842 2833 936 2886 ipsis
963 2832 1036 2882 sit,
1074 2830 1172 2870 hinc
1202 2829 1248 2872 τό
1281 2831 1460 2878 Scilicet,
1491 2829 1576 2868 uti-

843 2905 933 2943 que.
1000 2893 1099 2932 267.
1137 2897 1308 2927 mentem
1334 2901 1410 2940 pro
1438 2886 1576 2925 indole

844 2949 952 2988 dixit
967 2978 978 2998 ‚
1008 2954 1058 2988 ut
1074 2954 1160 2986 tam
1180 2946 1333 2985 furioso
1354 2957 1489 2983 amore
1503 2958 1575 2983 ra·-

840 3007 1017 3060 piantur.
1076 3004 1231 3043 Fabula
1252 3003 1302 3041 de
1331 3003 1491 3041 Glauco
1508 3002 1576 3043 vel

1174 3075 1290 3122 35*
